2756 4354
629 130 726 204 *DE
759 157 1043 202 ANONYMI
1079 156 1426 204 s'rAmASMo
1462 160 1647 207 MAms
1683 163 1901 209 MAGNL

2384 197 2531 232 CXXU)

693 321 982 368 ANONYMI
1015 321 1393 368 STADIASMUS
1429 323 1615 370 MARIS
1653 326 1866 375 MAGNl.

94 463 199 498 τοι.
232 447 504 495 Devenimus
542 443 597 488 ad
630 442 838 487 libellum
879 441 958 501 qui
984 440 1254 486 inscribitur

37 519 366 572 ’ταδιασμὸς
411 517 528 572 ἤτοι
566 516 863 578 περίπλους
905 519 998 571 τῆς
1029 514 1261 575 μεγάλης

37 593 317 655 νἀλὰσσης,
342 597 374 643 i.
407 611 431 640 e
464 600 598 639 martis·
632 596 939 638 mediterranei
972 591 1127 653 (quod
1161 608 1257 635 ma-

36 670 369 733 ‚mamserioris
387 670 472 719 aevi
496 669 742 730 scriptores
769 668 938 729 passim
959 676 1125 711 vocant
1147 663 1160 728 )
1175 682 1259 725 pe-

53 753 162 812 iplus
180 759 226 792 et
235 763 318 806 per
337 748 486 789 stadia
516 749 721 788 emensio.
755 744 925 787 Auctor
947 740 1047 801 ejus
1070 757 1258 800 anony-

57 832 153 880 us,
191 819 496 880 geographum
527 819 725 877 aliquem
771 815 1130 861 Alexandrinum
1163 831 1259 875 prae

65 890 188 943 teris
214 905 408 950 secutus,
445 903 593 938 sumto
624 892 681 937 ab
702 891 980 936 Alexandria
1000 891 1136 935 initio
1161 890 1258 951 pri-

55 986 150 1016 tum
190 970 300 1028 legit
337 984 464 1014 oram
503 967 723 1027 Libycam
761 968 818 1011 ad
847 967 1083 1011 columnas
1113 981 1258 1023 usque

68 1045 295 1100 erculeas3
315 1045 479 1089 deinde
499 1045 666 1088 iterum
690 1045 745 1087 ab
775 1042 1053 1087 Alexandria
1067 1057 1258 1086 exorsus

38 1141 44 1150 ⁴
66 1121 273 1167 siaticum
311 1120 419 1164 litus
444 1119 687 1179 descripsit
719 1133 864 1178 usque
887 1117 943 1161 ad
971 1116 1140 1161 Fanum
1165 1115 1259 1168 Διὸς

36 1194 192 1257 Οὐρίου,
214 1206 264 1240 ut
286 1209 371 1252 ego
397 1208 581 1248 cense0,
601 1193 690 1248 vel,
711 1202 762 1257 ut
780 1192 924 1236 codex
940 1191 1092 1246 habet,
1113 1206 1259 1250 usque

0 1270 4 1315 ἶ»
34 1270 82 1314 d
107 1268 477 1323 Dioscuriadem3
516 1277 621 1327 post
657 1267 755 1310 haec
794 1266 989 1324 Europae
1017 1266 1255 1325 paraplum

0 1384 4 1401 .-
35 1343 234 1388 ·xhibuit
257 1359 282 1387 a
319 1343 439 1387 Fano
469 1340 795 1400 Byzantiorum
828 1339 977 1399 (quod
1007 1354 1032 1383 e
1072 1339 1258 1397 regione

0 1404 8 1475 i
34 1419 160 1463 itum
175 1428 269 1462 erat
286 1417 394 1461 Fani
415 1417 548 1461 Jovis
565 1415 690 1476 Urii)
706 1430 850 1475 usque
869 1415 924 1459 ad
945 1415 1154 1460 Herculis
1176 1431 1229 1458 co
1244 1441 1258 1448 -

0 1476 3 1508 '¹
42 1508 216 1539 umnas.
243 1493 319 1537 His
345 1493 518 1537 inserta
553 1502 681 1536 erant
703 1491 957 1536 insularum
981 1490 1255 1550 descriptio-

0 1621 3 1630 Ι
56 1582 103 1629 es
121 1567 341 1626 variaque
360 1566 618 1626 diaplorum
642 1566 837 1624 farrago.

5 1634 9 1652 ³
91 1657 199 1686 202.
235 1640 383 1701 Major
403 1639 512 1700 'ejus
531 1641 697 1700 peripli
722 1655 829 1700 pars
864 1656 984 1684 nunc
1004 1640 1251 1700 deperdita.

33 1718 297 1779 .uperstites
330 1719 379 1762 in
415 1734 509 1762 uno
541 1717 695 1761 codice
725 1717 988 1761 Matritense
1021 1717 1256 1777 particulae

33 1809 124 1839 ·uae
143 1794 215 1838 vel
239 1804 353 1849 tres;
391 1794 568 1853 prima,
597 1793 768 1853 peripli
797 1793 1007 1848 initium,
1034 1792 1134 1855 loca
1157 1808 1255 1836 ma-

50 1868 178 1913 itima
187 1878 388 1913 recenset
401 1867 459 1912 ab
475 1868 751 1913 Alexandria
766 1867 821 1912 ad
836 1867 1007 1912 Uticam
1028 1865 1067 1930 (S
1086 1884 1148 1910 1-1
1160 1868 1252 1927 27).

44 1942 139 2001 2inc
172 1958 274 2002 quae
310 1954 416 1987 sunt
448 1959 592 2002 usque
627 1943 683 1986 ad
719 1945 879 1987 fretum
909 1943 1182 1986 Gaditanum
1214 1952 1257 1985 et

53 2033 120 2061 uae
144 2018 356 2077 deinceps
398 2018 448 2061 in
473 2018 673 2061 Asiatico
698 2018 832 2061 litore
869 2017 1176 2076 sequebantur
1199 2016 1254 2060 ab

33 2093 297 2138 alexandria
310 2094 365 2138 ad
383 2093 551 2137 Carnas
567 2094 833 2148 Phoeniciae,
853 2109 904 2137 ea
923 2094 1076 2137 omnia
1094 2093 1250 2147 unius,

55 2179 72 2212 t
93 2169 291 2224 ridetur,
321 2169 419 2212 folii
437 2167 617 2227 jactura
638 2169 687 2211 in
714 2168 869 2211 codice
893 2168 1048 2226 aliquo
1069 2166 1251 2211 absum-

33 2245 90 2290 it.
106 2244 288 2287 Servata
309 2257 416 2303 pars
437 2242 576 2286 altera
590 2242 1084 2301 praeternavigationem
1108 2241 1250 2294 Asiae,

36 2319 175 2363 nultis
193 2319 376 2363 insertis
399 2317 586 2376 diaphs,
605 2316 779 2376 praebet
803 2333 826 2360 a
845 2317 1006 2360 Carnis
1027 2332 1170 2375 usque
1195 2317 1250 2360 ad

69 2392 241 2436 iletum.
280 2392 361 2436 His
395 2391 593 2450 denique
613 2391 806 2449 abrupte
848 2400 1010 2449 praeter
1043 2390 1250 2442 ordinem

32 2465 329 2525 ubjiciuntur
356 2466 499 2525 Cypri
523 2475 568 2509 et
599 2464 741 2508 Cretae
775 2464 1030 2508 insularum
1062 2464 1248 2523 peripli,

52 2556 136 2585 uos
161 2541 336 2585 tertiam
371 2540 725 2597 fragmentorum
755 2548 927 2599 partem
952 2538 1103 2583 dicere
1127 2538 1246 2584 licet.

57 2615 153 2659 ides
196 2615 395 2674 plurima
442 2614 698 2670 interiisse3
750 2614 864 2658 adde
909 2614 1031 2673 quod
1064 2624 1251 2658 servatae

32 2689 254 2734 carticulae
285 2689 462 2733 lacunis
502 2688 640 2731 modo
665 2698 820 2747 aperte
856 2687 1090 2731 hiantibus
1116 2688 1250 2731 modo

68 2763 136 2808 ale
155 2764 282 2807 tectis
307 2778 388 2807 nec
411 2778 503 2806 non
529 2761 815 2819 singulorum
842 2762 980 2806 ferme
1003 2761 1249 2806 verborum

54 2839 344 2898 epravatione
367 2837 596 2881 laborant.

43 2943 48 2953 x
86 2915 188 2958 203.
209 2912 308 2956 Jam
329 2922 379 2956 ut
402 2912 602 2955 indolem
629 2911 781 2971 operis
804 2911 943 2955 laceri
968 2911 1151 2970 quidem
1174 2911 1252 2956 sed

33 2987 340 3032 ·reti0sissimi
364 3001 668 3046 exponamus,
697 2985 1047 3045 progrediamur
1069 3002 1093 3029 a
1109 2985 1249 3040 libro,

48 3059 151 3119 ujus
174 3061 221 3104 in
245 3061 400 3105 codice
420 3076 525 3120 pars
545 3070 628 3104 est.
652 3059 829 3104 Etenim
854 3060 998 3104 codex
1020 3061 1251 3105 Matriten-

15 3134 85 3220 sis
105 3133 186 3195 (de
209 3151 299 3194 quo
333 3151 379 3179 v.
409 3145 501 3180 not.
521 3151 565 3194 p.
605 3141 693 3190 427
719 3133 735 3195 )
759 3144 860 3194 post
897 3134 1142 3194 Nicephori
1173 3151 1252 3195 pa-

17 3226 28 3274 ⁹}
41 3208 229 3252 riarchae
245 3209 325 3268 Cp.
343 3203 764 3269 Chronographiam
780 3208 914 3253 habet
931 3210 1093 3253 incerti
1105 3220 1255 3254 aucto-

16 3259 28 3350 3‘
50 3284 89 3330 is
107 3286 414 3330 narrationem
432 3285 487 3330 de
506 3284 617 3330 orbe
635 3296 857 3330 terrarum
877 3286 996 3330 inter
1011 3285 1118 3330 Noae
1135 3286 1253 3331 filios

12 3357 269 3444 pisti-ibuto
321 3369 364 3402 et
418 3359 582 3404 deinde
631 3360 897 3404 laterculum
948 3361 1251 3406 maximorum

72 3433 245 3477 ontium
284 3433 521 3479 duodecim
564 3435 902 3494 fluviorumque
933 3437 1247 3494 quadraginta.

33 3507 201 3551 ouibus
242 3505 477 3564 absolutis,
533 3509 734 3569 scriptor
787 3511 1013 3569 quendam
1055 3512 1103 3554 in
1141 3510 1251 3556 Jesu

50 3582 206 3625 ‘bristo
256 3580 435 3624 fratrem
471 3582 736 3641 alloquens,
778 3584 852 3628 cui
884 3584 1248 3630 lucubrationem

32 3672 148 3700 ‚uam
182 3670 465 3715 nuncupasse
486 3657 686 3713 videtur,
724 3660 843 3703 velle
875 3675 971 3705 sese
1009 3663 1250 3721 profitetur

45 3732 82 3775 is
102 3747 202 3790 quae
222 3730 357 3774 modo
380 3732 665 3790 exposuisset
684 3733 961 3793 subjungere
977 3736 1128 3795 Magni
1157 3754 1248 3782 ma-

40 3805 88 3849 ·is
108 3805 334 3865 periplum
362 3814 406 3848 et
421 3804 476 3848 de
498 3805 663 3849 insulis
681 3807 888 3852 notitiam
907 3812 1096 3858 variam.
1124 3813 1250 3857 Dixit

1322 451 1618 501 nostrumque
1633 445 1806 503 profert
1822 447 2049 506 periplum
2063 482 2074 503 ‚
2103 449 2213 494 adeo
2235 452 2361 497 illum
2384 472 2408 499 a
2423 461 2544 516 prio·

1321 514 1451 560 ribus
1475 517 1741 575 quisquiliis
1760 519 2093 581 discrepantem
2108 557 2119 576 ‚
2146 533 2195 567 ut
2212 540 2289 569 seu
2311 533 2547 585 margarita

1321 592 1462 636 niteat
1495 594 1544 636 in
1583 603 1797 641 stercore.
1835 595 2059 642 Videlicet
2089 615 2190 658 quae
2213 600 2268 644 de
2299 604 2550 650 terrainter

1322 665 1427 710 Noae
1449 668 1708 726 prosapiam
1736 668 1887 714 divisa
1910 671 2183 727 ferebantur,
2216 688 2268 717 ea
2291 678 2548 733 Byzantinis

1322 757 1409 801 pro
1427 741 1706 801 geographia
1726 743 1918 801 quadam
1937 747 2276 805 compendiaria
2291 760 2434 804 erant,
2454 753 2549 809 qui-

1321 815 1409 861 bus
1446 816 1535 861 alia
1572 817 1796 861 nonnulla
1819 818 1982 863 selecta
2016 822 2315 882 geographica
2348 824 2395 867 in
2420 841 2548 870 usum

1322 891 1595 937 discentium
1618 891 1918 938 addebantur.
1937 893 2011 938 Sic
2026 894 2105 939 illa
2121 895 2175 939 de
2196 898 2405 943 maximis
2423 914 2549 944 mon-

1321 967 1457 1022 tibus-3
1490 968 1735 1028 fluviisque
1775 970 1826 1013 in
1868 970 2180 1030 compluribus
2215 973 2442 1020 chronicis
2478 977 2550 1020 de·

1320 1044 1692 1103 prehenduntur;
1727 1060 1875 1105 neque
1907 1061 2064 1090 omnes
2096 1047 2144 1090 in
2180 1049 2252 1092 his
2300 1049 2550 1098 substitisse

1321 1119 1452 1164 docet
1464 1119 1726 1164 Chronicon
1743 1120 1960 1165 Paschale
1973 1155 1985 1177 ‚
2004 1122 2051 1166 in
2074 1138 2165 1182 quo
2186 1134 2397 1183 praeterea
2415 1128 2548 1172 urbes

1322 1196 1530 1237 maximae
1550 1194 1796 1239 secundum
1810 1205 1980 1256 septem
1993 1195 2119 1241 orbis
2130 1207 2349 1242 terrarum
2372 1201 2551 1246 climata

1320 1278 1664 1314 enumerantur.
1693 1269 1845 1314 Simili
1874 1271 2015 1329 igitur
2035 1272 2228 1316 consilio
2253 1272 2411 1318 Noster
2430 1276 2549 1334 peri·

1319 1343 1445 1403 plum
1467 1342 1646 1388 dedisse
1667 1345 1917 1390 censendus
1932 1357 2012 1392 est.

1385 1424 1491 1469 204.
1530 1420 1699 1463 Auctor
1732 1421 1814 1464 iste
1845 1419 2122 1479 Byzantinus
2144 1422 2328 1481 quinam
2353 1423 2486 1468 fuerit
2511 1434 2554 1468 et

1323 1491 1506 1550 quando
1526 1492 1778 1552 scripserit,
1797 1495 2026 1539 nescimus
2045 1511 2127 1540 nec
2147 1495 2265 1540 scire
2278 1512 2553 1558 magnopere

1320 1567 1482 1622 refert,
1510 1568 1880 1627 quandoquidem
1907 1569 1961 1613 de
1993 1585 2074 1613 suo
2102 1570 2182 1614 vix
2217 1571 2465 1630 quidquam
2496 1572 2552 1616 ad

1320 1657 1415 1685 rem
1437 1642 1638 1686 attulerit
1667 1652 1830 1702 praeter
1853 1643 2155 1701 ignorantiam
2178 1654 2220 1688 et
2237 1645 2446 1704 supinam
2474 1661 2551 1690 ne·

1320 1718 1608 1776 gligentiam,
1635 1735 1725 1777 qua
1748 1718 1906 1763 ducem
1935 1720 2005 1763 vel
2026 1720 2160 1764 duces
2177 1735 2283 1764 suos
2306 1721 2549 1765 occitanter

1315 1793 1560 1853 exscripsit
1595 1793 1944 1854 breviavitque3
1976 1811 2248 1854 quamquam
2273 1812 2363 1840 non
2397 1798 2551 1841 omnia

1318 1866 1427 1911 libri
1452 1868 1566 1911 vitia
1581 1869 1636 1912 ad
1661 1884 1761 1912 eum
1798 1869 1972 1925 refero,
1994 1870 2164 1930 quippe
2191 1887 2386 1930 quorum
2411 1872 2546 1916 multa

1319 1942 1432 1987 adeo
1474 1954 1578 1987 sunt
1609 1944 1807 1988 barbara
1832 1945 1901 2005 (*)‚
1955 1956 2004 1988 ut
2034 1946 2187 1990 seculo
2220 1946 2424 2005 decimo,
2457 1963 2548 2007 quo

1320 2019 1517 2079 scriptus
1553 2021 1696 2064 codex
1734 2031 1828 2075 est,
1873 2021 2058 2064 nonnisi
2083 2036 2108 2064 a
2138 2020 2329 2065 librario
2360 2037 2548 2081 prorsus

1318 2094 1421 2137 rudi
1442 2095 1620 2139 exarari
1645 2098 1889 2154 potuerint.
1913 2096 2107 2154 Majoris
2124 2097 2340 2141 momenti
2360 2098 2548 2155 quaestio

1318 2178 1384 2211 est
1411 2168 1466 2211 de
1487 2179 1614 2212 aetate
1639 2169 1830 2212 fontium
1860 2185 1915 2212 ex
1943 2169 2110 2228 quibus
2135 2171 2401 2229 opusculum
2422 2172 2493 2215 vel
2522 2186 2546 2214 a

1317 2243 1568 2301 Byzantino
1593 2228 1814 2287 mona—cho
1842 2245 1911 2287 vel
1940 2255 2042 2288 ante
2062 2259 2162 2288 eum
2184 2244 2240 2288 ab
2261 2246 2351 2289 alio
2382 2246 2546 2289 confla-

1319 2327 1411 2360 tum
1436 2318 1506 2361 sit.
1542 2317 1767 2361 Nimirum
1792 2333 1884 2361 non
1907 2333 1964 2360 ex
1986 2334 2077 2360 uno
2101 2318 2349 2376 eodemque
2377 2320 2544 2363 veteris

1318 2391 1511 2450 alicujus
1536 2393 1774 2451 scriptoris
1795 2392 1975 2451 periplo
2002 2407 2051 2435 ea
2075 2408 2174 2450 quae
2208 2408 2328 2436 nunc
2353 2393 2543 2450 legimus

1317 2476 1660 2524 promanarunt.
1693 2468 1757 2509 Ac
1789 2465 1989 2524 primum
2022 2465 2204 2524 quidem
2235 2466 2345 2510 duas
2378 2466 2545 2510 distin-

1316 2539 1515 2598 guendas
1536 2539 1707 2584 dixeris
1734 2549 1885 2599 partes
1916 2539 2193 2583 narrationis
2214 2540 2366 2583 indole
2386 2539 2542 2599 dispa-

1314 2630 1399 2659 res.
1425 2614 1626 2667 Quarum
1653 2614 1793 2658 altera
1817 2614 1857 2672 (S
1886 2615 2131 2671 148-296)‚
2159 2614 2276 2657 Asiae
2300 2613 2356 2657 ab
2372 2613 2541 2657 Oronte

1314 2689 1369 2733 ad
1392 2688 1593 2733 Miletum
1618 2688 1851 2748 paraplus,
1882 2687 1997 2732 nihil
2020 2689 2113 2731 fere
2135 2687 2306 2748 praebet
2327 2687 2416 2732 nisi
2443 2687 2548 2731 lito-

1315 2779 1402 2808 reae
1430 2763 1736 2821 navigationis
1765 2761 2058 2807 stadiasmum
2075 2796 2087 2817 ,
2115 2762 2163 2805 in
2187 2761 2379 2806 sinubus
2411 2763 2546 2806 etiam

1316 2837 1690 2898 compendiorum
1727 2852 1960 2882 mensuras
1993 2846 2036 2880 et
2059 2846 2276 2896 praeterea
2295 2837 2545 2880 insularum

1315 2912 1577 2966 distantias,
1604 2922 1646 2956 et
1666 2927 1691 2955 a
1716 2910 1874 2954 Rhodo
1904 2920 1945 2954 et
1968 2911 2079 2954 Delo
2103 2910 2158 2954 ad
2177 2912 2312 2954 urbes
2337 2909 2546 2957 nobilio-

1315 3003 1386 3032 res
1415 2987 1643 3047 trajectus‚
1681 2987 1814 3032 sicuti
1835 2985 1891 3030 ab
1924 2986 2031 3031 Asia
2057 3001 2139 3046 per
2159 2985 2330 3031 insulas
2347 2985 2394 3029 in
2418 2985 2546 3028 Grae-

1317 3065 1433 3108 ciam
1463 3065 1669 3124 diaplos3
1693 3063 1836 3108 altefa
1865 3073 2010 3107 autem
2036 3078 2169 3122 pars,
2190 3078 2290 3122 quae
2324 3062 2378 3106 de
2401 3061 2545 3119 Libya

1317 3149 1360 3183 et
1384 3139 1618 3183 Phoenicia
1635 3123 1682 3182 et·
1701 3138 1836 3197 Syria
1856 3152 1998 3196 usque
2014 3137 2069 3180 ad
2095 3137 2308 3181 Orontem
2335 3137 2374 3197 (5
2397 3135 2541 3193 1-148)

1317 3225 1361 3259 et
1396 3215 1452 3259 de
1479 3201 1633 3275 Cypro
1661 3214 1884 3273 Cretaque
1917 3212 2079 3257 insulis
2107 3212 2148 3273 (§
2176 3208 2397 3270 297-335)
2432 3209 2540 3266 agit,

1318 3306 1411 3334 non
1435 3290 1583 3334 solum
1609 3289 1793 3333 nomina
1823 3288 2026 3331 locorum
2053 3296 2096 3330 et
2125 3284 2360 3329 distantias
2384 3283 2541 3338 habet,

1320 3364 1399 3410 sed
1419 3365 1466 3408 in
1482 3364 1696 3424 plurimis
1716 3363 1850 3406 etiam
1871 3361 2079 3404 doctrina
2100 3360 2279 3403 nautica
2298 3358 2546 3415 navigatio·

1319 3440 1390 3484 nis
1405 3439 1624 3483 rationem
1642 3438 1855 3491 illustrat,
1875 3446 1924 3480 ut
1940 3436 1987 3479 in
2003 3435 2074 3479 his
2090 3445 2245 3479 auctor
2261 3443 2414 3478 noster
2430 3448 2544 3492 opus

1322 3513 1506 3573 aliquod
1524 3514 1570 3556 in
1597 3512 1872 3572 peculiarem
1897 3520 2134 3554 nautarum
2161 3524 2293 3554 usum
2317 3509 2544 3568 composi-

1323 3599 1414 3632 tum
1448 3587 1709 3631 adhibuisse
1742 3584 1918 3629 debeat.
1964 3580 2097 3628 C'redi
2136 3598 2243 3628 sane
2270 3583 2414 3643 possit
2452 3582 2546 3625 haec

1322 3679 1374 3707 ex
1389 3662 1547 3707 eodem
1583 3661 1703 3704 fonte
1727 3659 1912 3704 fluxisse
1933 3659 2054 3703 unde
2078 3658 2254 3717 reliqua
2276 3657 2407 3701 ducta
2429 3656 2541 3710 sint,

1323 3736 1596 3781 narrationis
1609 3751 1719 3779 vero
1737 3733 2087 3793 discrepantiam
2105 3731 2161 3776 ab
2179 3730 2455 3790 excerptoris
2473 3728 2542 3772 vel

1321 3811 1501 3855 librarii
1518 3809 1711 3868 alicujus
1729 3808 1922 3853 arbitrio
1936 3806 2221 3867 repetendam
2241 3820 2358 3861 esse,
2376 3803 2542 3861 quippe

74 3932 121 3982 (⁴¹)
141 3933 365 3982 Huiusmodi
389 3935 445 3971 est
464 3934 563 3982 quod
580 3934 653 3972 ἀπὸ
682 3938 892 3984 praepositio
911 3940 1003 3978 locis
1035 3943 1205 3990 plurimis
1222 3944 1436 3982 accusativo
1464 3942 1646 3990 jungitur.
1667 3944 1801 3980 Forma
1820 3941 1963 3978 novitia
1983 3941 2135 3989 μελανὸν
2157 3939 2170 3986 <
2186 3949 2263 3986 pag.
2284 3940 2366 3982 450,
2386 3941 2398 3973 1
2419 3935 2432 3981 )
2452 3943 2537 3971 num

35 3986 74 4025 d
88 3989 278 4027 auctorem
302 3989 550 4036 Byzantinum
567 3999 612 4026 an
639 3989 685 4027 ad
709 3991 866 4031 scribam
886 3995 1013 4033 referri
1031 3997 1165 4037 debeat
1184 4009 1316 4047 parum
1339 3999 1469 4048 liquet.
1490 3999 1592 4037 ldem
1617 3998 1718 4036 valet
1737 3997 1783 4035 de
1804 3997 1970 4035 locorum
1992 3994 2203 4034 nominibus
2218 3990 2439 4040 depravatis.
