2808 4342
82 159 149 218 (si,
165 160 235 216 52.)

549 272 843 333 [ΑΣ]Α.]

163 398 246 444 Τὸν
259 395 438 454 Τάναϊν,
455 394 565 447 ὅστις
585 395 670 440 ἐστὶ
689 398 762 450 τῆς
784 395 920 448 Ἀσίας
939 396 1048 460 ὅρος,

78 483 139 513 875
163 466 318 525 τέμνων
337 482 384 524 γε
403 462 477 518 τὴν
493 462 663 525 ἤπειρον
680 463 878 525 ἑκατέραν
903 465 1000 526 δίχα
1013 501 1024 521 ,

161 538 314 594 πρῶτοι
332 531 522 591 νέμονται
546 533 794 594 Σαρμάται,
819 533 999 595 δισχίλια

116 601 119 603 ’
159 601 288 648 στάδι’
311 600 541 663 ἐπέχοντες.

158 664 264 717 Εἶτα
289 672 394 730 μετὰ
417 669 582 722 τούτους
601 671 686 716 ἐστὶ
711 674 922 718 Μαιωτῶν
946 671 1059 734 γένος

157 740 420 800 Ἰαζαματῶν
437 739 674 801 λεγόμενον,
701 743 757 793 ὡς
778 741 1016 803 Δημήτριος

74 826 135 856 880
164 808 217 873 [ὁ
245 809 499 872 συγγραφεὺς
521 808 536 874 ]
563 809 738 871 εἴρηκεν,
767 813 823 862 ὡς
838 812 872 855 δ’
895 809 1074 875 Ἔφορος
1099 810 1209 873 λέγει

158 881 443 942 Σαυροματῶν
464 879 628 939 λέγεται
649 879 774 946 ἔθνος.

157 948 327 1000 Τούτοις
348 948 619 1010 ἐπιμεμίχθαι
635 949 676 994 δὲ
697 949 770 1001 τὰς
789 949 1013 1009 Ἀμαζόνας

160 1018 241 1069 τοῖς
263 1018 557 1081 Σαυρομάταις
571 1018 758 1080 λέγουσιν
776 1018 970 1072 ἐλθούσας
989 1021 1090 1066 ποτέ

157 1086 238 1131 ἀπὸ
258 1091 329 1142 τ’ῆς
347 1087 441 1150 περὶ
460 1088 739 1149 Θερμώδοντα
762 1087 982 1150 γενομένης
999 1090 1161 1151 μάχης,

168 1156 226 1218 ἐφ’
249 1150 305 1208 οἷς
325 1157 609 1214 ἕπεκλήθησαν
631 1157 1095 1220 Γυναικοκρατούμενοι.

157 1286 247 1340 Εἶτ’
264 1293 371 1340 ἔστιν
389 1294 670 1358 Ἑρμώνασσα
697 1294 964 1357 Φαναγόρειά
987 1314 1052 1352 τε,
1105 1291 1109 1297 ’

154 1363 203 1418 ἣν
224 1360 377 1419 Τηίους
392 1364 578 1422 λέγουσιν
602 1366 755 1410 οἰκίσαι
778 1365 900 1421 ποτέ,

155 1431 226 1476 καὶ
242 1432 430 1484 Σινδικὸς
452 1433 591 1492 λιμὴν,
611 1433 715 1494 ἔχων
734 1434 948 1496 οἰκήτορας

155 1499 366 1555 “Ελληνας
387 1500 468 1546 ἀπὸ
486 1505 565 1546 τῶν
585 1501 702 1562 ἐγγὺς
723 1503 898 1558 ἥκοντας
912 1503 1067 1551 τόπων.

71 1585 136 1616 890
161 1568 327 1621 Ταύτας
346 1569 527 1632 περιέχει
551 1569 622 1621 τὰς
642 1571 778 1622 πόλεις
799 1572 1058 1630 διακειμένας

153 1641 286 1695 νῆσος,
306 1637 413 1684 κατὰ
433 1637 506 1693 τὴν
530 1642 720 1685 Μαιῶτιν
740 1640 836 1701 ἄχρι
849 1645 918 1685 τοῦ
937 1641 1151 1703 Βοσπόρου

156 1706 295 1768 χώραν
324 1708 679 1767 ἄπολαμὸάνουσα
700 1710 856 1764 πολλὴν
880 1710 1053 1755 πεδιάδα
1069 1746 1082 1768 ,

155 1774 245 1830 ἥτις
266 1775 316 1819 τὰ
339 1774 411 1835 μὲν
431 1782 512 1827 τοῖς
532 1775 642 1820 ἕλεσι
658 1776 728 1821 καὶ
749 1783 833 1829 τοῖς
851 1777 1067 1837 ποταμίοις

154 1844 376 1896 &etatem-oe,-
394 1851 476 1897 τοῖς
495 1845 766 1903 τενάγεσίν’τ’
788 1848 829 1891 ἐν
852 1850 910 1909 τῷ
929 1847 1077 1908 πέραν,

71 1930 130 1959 895
156 1912 182 1957 ἃ
202 1911 244 1958 δὲ
261 1916 311 1974 τῇ
334 1914 516 1975 θαλάττῃ
541 1918 590 1975 τῇ
615 1934 658 1960 τε
682 1915 806 1976 λίμνῃ
824 1915 995 1976 γίνεται.

155 1981 217 2029 Τὸ
235 1983 276 2027 δὲ
298 1982 416 2043 στόμ’
442 1985 653 2029 ἐκπλέοντι
680 1985 888 2046 Κιμμερὶς
915 1987 1055 2039 πόλις,

1 2145 3 2147 -
67 2114 162 2166 874.
180 2113 255 2153 Τὸν
271 2114 460 2155 ὃὲΤάναιν
473 2115 664 2168 ποταμὸν,
684 2117 724 2163 ὅς
740 2115 819 2155 ἔστι
831 2119 898 2167 τῆς
918 2115 1039 2163 Ἀσίας
1053 2118 1138 2171 ὅρος
1154 2118 1302 2170 τέμνων

65 2173 134 2225 τὴν
157 2174 311 2230 ἤπειρον
342 2179 514 2227 Anom.;
544 2178 586 2217 in
611 2177 817 2227 ordinem,
856 2193 980 2232 quem
1008 2193 1132 2232 supra
1153 2178 1302 2228 habes,

65 2237 222 2291 redegit
242 2238 489 2278 Meinekius.
531 2240 547 2292 Η
574 2263 630 2269 -
660 2239 756 2293 875.
784 2238 943 2293 ἑκάτερα
968 2242 1069 2289 An.;
1102 2254 1184 2279 em.
1206 2240 1306 2280 Hol-

66 2306 169 2339 sten.
196 2299 212 2353 ss
228 2323 285 2329 —
300 2301 396 2354 877.
417 2299 717 2354 ἐπέχονταΑῐ].;
732 2315 814 2341 em.
828 2302 956 2342 Mein.
975 2301 991 2354 Η
1006 2325 1063 2331 ——
1080 2303 1176 2355 878.
1193 2303 1305 2341 Ano·

66 2375 214 2415 nymus
239 2373 249 2401 :
268 2359 369 2401 Εἶτα
393 2360 488 2416 μετὰ
506 2362 593 2410 τοὺς
613 2363 816 2417 Σαρμάτας
832 2363 1025 2404 Μαιωτῶν
1046 2364 1157 2418 γένος
1183 2362 1307 2410 Ἰαζα-

69 2427 196 2477 ματῶν
219 2422 453 2478 λεγόμενον,
495 2424 545 2471 ὥς
581 2424 797 2480 Δημήτριος
835 2423 983 2479 εἴρηκεν
1021 2424 1035 2479 (
1067 2425 1122 2480 ἐφ’
1156 2423 1213 2472 οἷς
1240 2426 1306 2465 καὶ

65 2485 236 2532 Μαιῶτις
253 2485 372 2541 λίμνη
392 2485 562 2541 λέγεται.
587 2488 679 2527 Hoc
713 2486 796 2540 jam
819 2486 998 2527 vidimus
1020 2488 1063 2528 in
1092 2495 1249 2528 antece.
1269 2487 1301 2543 ),

65 2546 172 2594 ὡςδὲ
197 2546 361 2602 Ἔφορος
385 2547 516 2603 λέγει,
541 2548 800 2603 Σαυροματῶν
827 2548 983 2604 λέγεται
1008 2548 1129 2596 ἔθνος.
1157 2567 1174 2587 «
1199 2551 1303 2602 Qui-

65 2608 142 2649 bus
164 2609 209 2649 in
243 2609 377 2649 verbis
410 2608 599 2663 quaedam
630 2611 796 2664 Scymni
823 2611 954 2650 inesse
973 2625 1096 2651 nemo
1115 2610 1300 2664 negabit,

67 2671 139 2712 sed
161 2671 375 2727 complura
401 2670 555 2721 addita,
585 2680 625 2712 et
647 2673 814 2727 Scymni
839 2674 1068 2713 orationem
1090 2673 1194 2712 male
1223 2672 1304 2713 dis-

66 2742 237 2775 tractam
270 2749 357 2775 essc
389 2743 571 2790 apparet.
598 2754 615 2770 ι»
650 2735 748 2775 Haec
780 2734 885 2774 bene
922 2734 1133 2775 Fabricius
1167 2736 1300 2775 Lectt.

65 2797 231 2852 Scymn.
253 2812 296 2853 p.
326 2800 374 2838 16
401 2805 555 2838 monet.
588 2802 834 2852 Anonymus
854 2811 984 2852 quum
1009 2812 1032 2837 e
1066 2797 1129 2837 sui
1153 2797 1303 2852 Peripli

65 2860 224 2900 ratione
246 2873 270 2900 a
287 2860 460 2914 Bospori
486 2859 611 2900 latere
634 2860 814 2900 Asiatico
842 2859 894 2900 ad
915 2859 1089 2900 Tanaim
1110 2859 1303 2914 progredi

66 2919 254 2972 deberet,
288 2920 436 2962 ordine
467 2922 630 2962 inverso
663 2937 686 2962 a
714 2923 843 2962 Tanai
872 2921 925 2962 ad
960 2923 1112 2963 ostium
1130 2922 1302 2977 Bospori

65 2984 210 3038 pergit.
233 2984 342 3024 Hinc
368 2985 463 3024 satis
492 2984 620 3038 liquet
648 2984 791 3025 inferri
824 2984 989 3025 aliunde
1011 2992 1174 3040 arrepta
1184 3000 1195 3035 ;
1217 2999 1301 3025 non

67 3059 116 3085 ex
128 3060 212 3086 uno
228 3054 364 3087 tamen
381 3045 609 3101 eodemque
624 3056 790 3087 auctore
804 3047 891 3088 haec
903 3046 1091 3088 desumta
1105 3061 1191 3087 esse
1206 3046 1303 3088 inde

66 3115 176 3161 patet
201 3108 314 3163 quod
339 3108 502 3150 casdem
525 3109 662 3160 urbes,
687 3110 987 3163 Phanagoriam
1012 3118 1052 3150 et
1071 3110 1219 3164 Cep0s‚
1240 3109 1303 3150 bis

66 3179 248 3211 recenset
268 3170 438 3211 dlversis
475 3172 694 3212 nominum
726 3171 885 3212 formis.
918 3172 1034 3213 Alter
1059 3171 1150 3212 sons
1174 3173 1302 3226 poeti-

69 3244 140 3270 cus
162 3233 299 3272 noster
319 3241 421 3283 erat,
454 3233 555 3274 alter
572 3235 785 3289 prosaicus
807 3235 998 3289 idemque
1020 3249 1043 3275 e
1065 3248 1149 3288 quo
1171 3234 1305 3289 Scyla-

69 3293 126 3331 cis
145 3307 267 3352 quem
287 3294 486 3335 habemus
511 3297 697 3351 Periplus
718 3305 937 3353 excerptus
953 3305 1028 3338 est.
1061 3299 1164 3350 Quae
1177 3296 1304 3352 'supra

69 3354 329 3395 exhibuimus
360 3358 570 3397 constituit
602 3359 860 3409 Meinckius,
884 3360 955 3414 qui
986 3368 1026 3400 ct
1062 3360 1147 3414 ipse
1166 3368 1301 3401 tamen

71 3416 212 3456 ultima
226 3417 389 3471 reliquit
422 3419 587 3460 intacta.
617 3420 633 3473 Η
664 3444 721 3451 -
747 3422 843 3473 879.
870 3420 1085 3461 Editioncs
1114 3420 1210 3461 inde
1250 3422 1303 3462 ab

69 3477 270 3518 Hudsono
285 3479 468 3532 praebent
491 3479 744 3535 Ἰαξαματῶν.
763 3481 889 3536 Cujus
908 3482 1147 3522 mutationis
1166 3496 1302 3523 ncces-

69 3539 228 3578 sitatem
268 3553 354 3579 non
383 3539 520 3582 video.
561 3542 625 3583 Cf.
657 3543 852 3597 Stephan.
881 3545 978 3597 Byz.
1004 3556 1014 3583 ε
1055 3542 1296 3594 Ἰαζαὸάται,

70 3598 177 3646 ἔθνος
187 3598 288 3653 παρὰ
299 3600 488 3651 Μαιῶτιν,
512 3602 574 3649 οὓς
589 3603 838 3657 Σαυρομάτας
849 3603 963 3658 φησὶν
985 3603 1163 3659 Ἔφορος.
1183 3605 1301 3649 Adeo

70 3670 114 3701 ut
128 3692 138 3711 ,
164 3661 196 3700 si
219 3660 320 3714 quid
344 3661 588 3703 mutandum
602 3694 614 3714 ,
653 3663 887 3711 Ἰαζαδατῶν
911 3663 1098 3705 videatur
1121 3666 1301 3708 scriben-

68 3723 184 3764 dum.
211 3722 390 3763 Eosdem
405 3725 616 3765 Hecataeus
635 3734 753 3766 vocat
783 3724 980 3776 Ἰξιὸάτας,
1002 3727 1110 3768 Mela
1127 3730 1163 3778 I,
1193 3742 1230 3779 1,
1249 3743 1297 3784 19

69 3787 304 3833 Ixamatas,
320 3785 534 3840 Polyaenus
550 3788 668 3837 VIII,
689 3787 738 3827 55
763 3786 974 3842 Ἷξομάτας,
987 3788 1176 3830 Valerius
1190 3791 1301 3832 Flac-

69 3862 140 3888 cus
159 3850 260 3901 Arg.
272 3849 349 3898 VI,
372 3848 448 3896 143
462 3851 707 3897 Exomatas,
730 3849 884 3889 Plinius
898 3852 975 3898 III,
996 3849 1018 3890 5
1033 3853 1294 3903 Iaxamatas,

1057 161 1249 209 ORBlS-
1265 165 1645 215 DESCRIPTIO.

1870 284 2139 349 [AslAq

1384 410 1560 461 Tanain,
1578 426 1649 466 qui
1670 414 1776 454 Asiae
1792 416 1992 455 terminus
2011 424 2092 466 est,

1382 490 1523 517 secans
1537 487 1756 535 utramque
1774 483 2054 523 continentem
2070 483 2256 526 bifariam
2270 519 2280 536 ,

1381 545 1504 599 primi
1523 548 1713 589 accolunt
1734 551 1942 600 Sarmatae,
1974 551 2036 591 bis
2058 553 2166 593 mille

1381 613 1511 654 stadia
1530 615 1775 658 obtinentes.

1379 681 1478 721 Post
1495 681 1571 722 hos
1587 684 1772 737 sequitur
1789 699 1886 739 gens
1902 689 2089 730 Maeotica

1379 749 1679 792 Jazamatarum
1701 752 1825 803 dicta,
1851 763 1895 794 ut
1918 758 2152 797 Demetrius

1379 818 1561 875 scriptor
1578 820 1779 876 prodidit,
1800 831 1847 863 ut
1869 838 1967 866 vero
1985 826 2177 881 Ephorus
2193 827 2306 879 dicit,

1379 888 1714 929 Sauromatarum
1733 905 1886 932 nomen
1908 892 2006 933 huic
2025 895 2133 947 genti
2150 904 2223 936 est.

1379 956 1454 996 His
1470 965 1606 997 autem
1631 959 1881 1000 Sauromatis
1900 961 2047 1001 mixtas
2071 961 2193 1003 fuisse

1379 1029 1608 1068 Amazones
1628 1027 1788 1079 dicunt,
1811 1044 1902 1084 quae
1920 1030 2004 1071 huc
2015 1031 2253 1073 devenerint

1379 1095 1477 1136 olim
1493 1106 1586 1151 post
1604 1099 1870 1139 commissum
1886 1099 1938 1140 ad
1952 1100 2304 1143 Thermodontem
2324 1105 2511 1159 proelium
2530 1121 2540 1155 ;

1323 1186 1325 1189 ·
1377 1163 1489 1204 unde
1508 1166 1784 1218 cognominati
1805 1175 1899 1207 sunt
1916 1168 2339 1223 Gynaecocratumeni.

1377 1303 1539 1343 Deinde
1553 1305 1828 1347 Hermonassa
1849 1315 1909 1347 est
1933 1315 1972 1348 et
1994 1308 2269 1363 Phanagoria,

1377 1385 1502 1426 quam
1516 1370 1638 1426 Tejos
1660 1372 1805 1414 dicunt
1827 1368 2060 1416 condidisse
2078 1376 2288 1430 quondam
2302 1408 2313 1427 ,

1379 1447 1420 1479 et
1433 1439 1622 1481 Sindicus
1640 1449 1799 1496 portu5‚
1821 1443 1986 1483 Graecos
2003 1444 2158 1484 habens

1376 1507 1544 1558 incolas,
1566 1509 1637 1562 qui
1653 1523 1703 1549 ex
1719 1509 1863 1550 vicinis
1882 1525 1931 1551 eo
1947 1520 2150 1552 venerunt
2163 1512 2278 1553 locis.

1376 1576 1460 1615 Has
1480 1577 1663 1616 continet
1679 1576 1861 1617 civitates
1876 1577 1944 1618 hic
1966 1578 2049 1618 illic
2069 1579 2165 1619 sitas

1376 1644 1606 1697 penInsula‚
1623 1642 1743 1698 juxta
1756 1646 1943 1685 Moeotim
1967 1660 2098 1700 usque
2114 1646 2166 1686 ad
2180 1648 2426 1701 Bosporum,

1375 1719 1529 1751 terram
1551 1711 1768 1752 absumens
1784 1713 1954 1753 multam
1971 1723 2238 1769 campestrem
2253 1746 2265 1764 ,

1375 1793 1467 1833 quae
1487 1781 1638 1834 partim
1659 1779 1878 1834 paludibus
1893 1789 1932 1820 et
1947 1780 2198 1821 fluviusculis

1374 1847 1574 1901 impervia
1597 1847 1643 1887 fit
1657 1862 1704 1887 ac
1726 1847 1838 1887 vadis
1855 1862 1946 1902 quae
1972 1858 2068 1888 sunt
2084 1850 2126 1888 in
2145 1849 2338 1890 ulteriore
2354 1858 2485 1890 tractu
2498 1882 2507 1900 ,

1371 1917 1524 1970 partim
1542 1915 1595 1956 ob
1615 1930 1726 1956 mare
1745 1924 1784 1956 et
1811 1916 2002 1971 paludem
2023 1918 2210 1959 Mseotin.

1372 1985 1612 2039 Egredienti
1630 1995 1767 2026 autem
1787 2001 1832 2027 os
1847 1988 2020 2040 Bospori
2037 1988 2252 2028 Cimmeris
2273 1988 2372 2028 urbs

1376 2141 1433 2147 —
1455 2118 1654 2170 886-899.
1683 2121 1833 2157 Anom.
1854 2133 1902 2172 p.
1930 2132 1954 2157 2
1974 2121 2050 2168 H.,
2066 2134 2115 2173 p.
2142 2132 2237 2172 207‚
2257 2122 2280 2167 l}
2308 2120 2418 2161 Gail.
2441 2122 2538 2161 Haec
2560 2122 2610 2162 ab

1374 2178 1708 2218 antecedentibus
1724 2180 1888 2218 nonnisi
1904 2179 2014 2219 hisce
2028 2189 2268 2234 separantur
2286 2194 2296 2222 ε
2318 2180 2419 2221 Εἶτα
2436 2181 2515 2222 ἔστι
2531 2184 2611 2224 Φα-

1374 2240 1541 2294 ναγόρου
1563 2240 1698 2290 πόλις,
1733 2241 1857 2291 Κῆποι
1889 2240 2018 2290 πόλις,
2043 2255 2138 2281 cum
2160 2241 2328 2295 ‘quibus
2358 2242 2410 2283 cf.
2450 2244 2606 2298 Scylac.

1374 2303 1396 2352 S
1434 2315 1502 2355 72.
1544 2302 1559 2355 l}
1600 2325 1657 2332 -—
1689 2303 1784 2342 886.
1817 2303 2091 2342 Hermonassa
2123 2317 2147 2342 a
2181 2304 2359 2357 Scymno
2395 2302 2607 2358 Ἑρμώνεια

1374 2362 1602 2413 dicebatur,
1624 2371 1725 2403 teste
1744 2364 1950 2418 Stephano
1970 2377 2010 2403 v.
2039 2361 2309 2418 Ἑρμώνασσα.
2331 2365 2455 2416 Quod
2475 2380 2606 2408 unum

1374 2433 1433 2464 est
1453 2440 1503 2465 ex
1525 2425 1692 2479 reliquis
1714 2424 1891 2475 indiciis,
1914 2423 2053 2465 nos'tra
2072 2439 2156 2464 non
2172 2439 2256 2465 esse
2274 2427 2607 2480 Scymnovindi-

1373 2486 1518 2527 canda.
1537 2487 1729 2527 Ceterum
1745 2486 1850 2527 ordo
1872 2486 2167 2541 geographicus
2185 2486 2390 2540 neglectus
2405 2496 2465 2528 est
2476 2504 2487 2539 ;
2509 2504 2604 2531 nam

1374 2548 1649 2588 Hermonassa
1682 2556 1797 2588 extra
1824 2549 2056 2602 Bosporum
2087 2548 2164 2588 sita
2194 2556 2289 2602 post
2306 2548 2604 2603 Phanagoriam

1373 2609 1623 2650 recensenda
1638 2618 1739 2650 erat.
1759 2611 1775 2663 11
1795 2634 1852 2640 --
1869 2609 2098 2664 Φαναγορία
2113 2608 2226 2658 cod.;
2242 2623 2323 2650 em.
2338 2611 2603 2654 Letronnius.

1373 2673 1436 2712 De
1457 2687 1502 2713 re
1534 2672 1588 2712 cf.
1611 2680 1699 2712 not.
1717 2672 1769 2712 ad
1788 2671 1941 2726 ScylaC.
1968 2674 1989 2723 S
2009 2685 2076 2725 72.
2104 2672 2120 2724 Η
2142 2695 2199 2701 —-
2214 2673 2310 2724 887.
2333 2670 2485 2723 οἰκῆσαι
2503 2678 2606 2724 An.;

1373 2749 1454 2775 em.
1474 2733 1679 2775 Meineke.
1702 2734 1718 2787 Η
1737 2758 1793 2764 —-
1809 2735 1905 2786 891.
1927 2732 1951 2784 ἣ
1970 2736 2083 2784 νῆσος
2101 2735 2202 2783 An.;
2220 2747 2301 2773 em.
2321 2734 2468 2784 Mein.;
2488 2738 2604 2786 νῆσον

1373 2796 1474 2837 dicit
1494 2796 1800 2837 chersonesum.
1822 2798 1926 2848 Quae
1945 2803 2175 2850 sequuntur
2194 2793 2286 2849 ἄχρι
2311 2796 2380 2835 τοῦ
2408 2795 2605 2852 Βοσπόρου

1374 2873 1469 2899 cum
1497 2867 1652 2899 antece.
1688 2857 1793 2897 male
1829 2856 2058 2911 quadrant,
2087 2871 2217 2912 quum
2249 2855 2438 2898 Sindicus
2462 2869 2606 2914 portus

1367 2918 1454 2973 jam
1491 2929 1605 2961 extra
1626 2921 1858 2974 Bosporum
1879 2919 1980 2959 situs
2002 2920 2075 2969 sit,
2101 2927 2141 2960 et
2167 2919 2423 2973 Phanagoria
2444 2921 2486 2961 in
2517 2924 2604 2977 ipso

1373 2985 1559 3038 Bosporo
1581 2982 1718 3022 locum
1740 2981 1901 3022 habeat.
1929 2983 2035 3023 Tota
2060 2981 2182 3036 hujus
2212 2990 2364 3023 tractus
2385 2981 2604 3039 descriptio

1373 3044 1601 3086 admodum
1621 3043 1790 3084 confusa
1810 3052 1884 3084 est.
1910 3044 1926 3097 ll
1951 3068 2009 3074 —
2023 3045 2119 3098 893.
2142 3046 2223 3091 τοῖς
2236 3046 2425 3099 ποταμοῖς
2445 3047 2600 3094 Anon.;

1374 3122 1456 3149 em.
1493 3106 1696 3149 Meineke.
1739 3107 1990 3147 Letronnius
2019 3106 2187 3147 dederat
2219 3107 2300 3153 τοῖς
2324 3121 2364 3146 τε
2397 3111 2598 3162 ποταμοῖς,

1374 3170 1486 3224 quod
1503 3170 1557 3211 ob
1580 3169 1780 3222 neglectas
1799 3169 1905 3222 leges
1928 3182 2198 3209 numerorum
2224 3168 2517 3222 elegantiorum
2537 3184 2599 3210 re-

1373 3231 1483 3285 spuit
1495 3231 1726 3272 Meinekius
1737 3261 1747 3280 ,
1766 3244 1882 3270 suam
1899 3244 1995 3270 vero
2011 3229 2286 3284 conjecturam
2302 3230 2424 3270 etiam
2446 3239 2601 3272 naturae

1373 3291 1561 3333 locorum
1578 3294 1750 3333 istorum
1763 3300 2076 3332 consentaneam
2088 3306 2172 3332 esse
2191 3299 2351 3342 monet,
2370 3306 2498 3346 quum
2515 3308 2601 3334 non

1374 3355 1507 3394 ssuviis
1526 3354 1596 3395 sed
1616 3353 1864 3394 fluviusculis
1880 3361 1990 3393 totus
2006 3353 2071 3393 ille
2090 3361 2241 3394 tractus
2261 3352 2485 3394 scindatur.
2513 3355 2528 3408 ΙΙ
2544 3380 2601 3387 —

1374 3420 1470 3470 894.
1495 3416 1672 3471 τενάγεσί
1699 3431 1738 3456 τε
1757 3417 1838 3462 τοῖς
1865 3415 1902 3456 ἐν
1932 3420 1987 3471 τῷ
2007 3414 2100 3456 cod.
2126 3417 2225 3465 An.;
2250 3430 2331 3457 em.
2351 3417 2477 3459 Mein.
2510 3418 2525 3470 Η
2545 3442 2601 3448 -

1373 3480 1470 3533 895.
1497 3479 1667 3534 θαλάττῃ
1695 3481 1742 3534 τῇ
1757 3478 1876 3533 λίμνῃ
1902 3492 1942 3517 τε
1968 3480 2138 3527 Anom.;
2166 3491 2247 3518 em.
2279 3479 2478 3518 Letronn.
2503 3479 2518 3532 ΙΙ
2545 3503 2601 3510 —

1373 3545 1469 3596 896.
1488 3542 1571 3595 Qui
1586 3549 1815 3595 sequuntur
1834 3554 1973 3580 versus
1995 3548 2076 3581 tres
2095 3539 2332 3581 Holstenius
2354 3554 2449 3581 cum
2468 3555 2599 3595 eoque

1371 3605 1515 3659 reliqui
1543 3603 1720 3644 editores
1750 3611 1844 3643 ante
1868 3616 2031 3643 versum
2058 3603 2138 3645 886
2168 3610 2531 3657 transposuerunt;
2555 3603 2597 3643 id

1370 3667 1479 3706 enim
1499 3665 1603 3706 ordo
1625 3665 1918 3720 geographicas
1932 3664 2138 3720 postulare
2157 3663 2388 3714 videbatur,
2410 3664 2595 3719 quando-

1370 3727 1536 3782 quidem
1555 3728 1822 3768 Cimmerium
1850 3726 1899 3767 ad
1927 3727 2089 3768 boreale
2107 3727 2280 3782 Bospori
2300 3727 2449 3772 ostium
2471 3727 2594 3766 situm

1370 3788 1491 3829 tiiisse
1510 3787 1634 3829 tradit
1651 3788 1758 3829 Mela
1779 3791 1815 3838 I,
1838 3802 1879 3839 2,
1902 3802 1950 3842 19
1976 3801 1986 3829 ε
2013 3788 2121 3844 Cepi,
2143 3788 2420 3841 Phanagoria,
2445 3787 2486 3827 in
2506 3786 2594 3842 ipso

1368 3867 1433 3893 ore
1457 3851 1726 3900 Cimmermm,
1744 3836 1791 3892 et
1815 3851 1970 3892 Plinius
1997 3852 2074 3900 VI,
2103 3854 2127 3892 6
2155 3863 2164 3891 :
2196 3854 2249 3891 In
2277 3849 2396 3890 adim
2424 3849 2596 3903 Bospori

0 3902 15 3907 ³
69 3910 248 3963 itemque
270 3909 477 3950 Ptolemaei
502 3911 557 3960 V,
579 3912 603 3952 8
627 3925 668 3965 p.
695 3911 790 3961 348,
815 3924 867 3965 27
890 3911 1051 3957 codices
1070 3913 1252 3968 plurimi.
1277 3918 1292 3970 ΙΙ
1361 3915 1500 3971 primo
1516 3917 1805 3962 Hermonassa,
1832 3912 1924 3954 dein
1948 3912 2044 3969 Cepi
2069 3912 2338 3959 Milesiorum,
2361 3924 2455 3950 mox
2481 3914 2597 3949 Stra·

67 3994 125 4003 -
139 3974 218 4014 882
235 3986 295 4026 sq,
319 3973 424 4012 Fuse
442 3986 529 4012 rem
546 3981 682 4013 narrat
705 3973 941 4014 Herodotus
955 3976 1031 4026 IV,
1060 3989 1077 4015 1
1089 3989 1138 4018 10
1155 3991 1245 4033 sqq.
1276 3979 1293 4032 Η

1369 3978 1495 4017 coelia
1509 3986 1547 4016 et
1566 3976 1827 4028 I’leanagorza
1845 3986 1884 4016 e!
1895 3990 2009 4031 pa’ue
2024 3974 2221 4015 desertum
2241 3976 2468 4029 Apaturos,
2492 3971 2592 4011 alli-
