2782 4348
167 138 258 199 (57.)
1095 141 1176 186 DE
1209 143 1368 211 MARI
1401 145 1761 193 ERYTHRAEO.

31 244 147 284 Phot.
166 243 272 295 ἰδέας
301 243 494 306 ἐχόντων.
561 240 623 288 Τὸ
646 238 689 285 δὲ
709 239 790 285 ἀπὸ
822 241 937 285 τοῦδε
961 243 987 295 ἡ
1012 239 1087 300 μὲν
1108 241 1292 288 θάλαττα
1314 249 1391 307 βα-

0 310 29 366 J
162 313 248 357 θεῖά
281 333 324 358 τε
355 312 424 359 καὶ
450 309 637 368 πλόϊμος,
669 307 776 364 κήτη
807 307 850 353 δὲ
880 307 967 370 ἔχει
999 311 1249 368 τηλικαῦτα,
1283 313 1390 360 ὥστε

0 387 23 436 33⁴
64 432 66 434 .
161 383 338 442 ἀγωνιᾶν
376 380 443 426 τὸν
469 377 632 423 ἰδόντα·
660 377 704 421 οὗ
726 375 864 445 μέντοι
894 378 1204 440 διαπεφώνηκεν
1231 381 1385 438 οὐδεὶς,

158 451 265 506 πλὴν
298 453 378 496 τῶν
402 444 772 509 περιπεπτωκότων
794 445 993 498 ἀκουσίως
1018 454 1107 499 ταῖς
1139 449 1300 512 λοφιαῖς
1320 451 1387 496 διὰ

112 534 130 562 5
156 520 228 576 τὴν
248 523 328 565 τῶν
351 516 575 579 εἰρημένων
601 514 787 575 ἄγνοιαν·
811 514 882 560 καὶ
907 514 986 579 γὰρ
1018 516 1110 562 οὐδὲ
1136 518 1295 564 διώκειν
1318 519 1389 566 δύ-

155 607 272 634 ναται
314 586 557 648 θρασύτερον
581 582 677 640 ,τοὺς
709 583 931 640 πλέοντας,
970 588 1050 630 τῶν
1075 587 1276 646 ὀμμάτων
1303 597 1386 642 τοῖς

153 657 302 718 θηρίοις
322 653 660 718 ἀμαυρουμένων,
677 650 773 698 ὅταν
791 655 837 698 ἐκ
866 657 938 709 τῆς
956 653 1159 710 θαλάττης
1175 655 1227 700 τὰ
1255 658 1384 718 πρόσ·

149 744 241 770 ωπα
267 725 561 789 ἀναφαίνωσιν.
581 784 584 787 ῃ

2603 179 2686 217 175

2579 277 2690 319 Marc

1461 334 1611 375 exinde
1622 335 1879 391 profundum
1891 347 1951 379 est
1961 347 2002 379 et
2016 341 2258 394 navigabile,
2278 345 2349 385 ubi
2365 355 2485 390 tantae
2499 356 2690 397 vastitatis

1463 255 1616 308 species
1666 255 1857 297 nondum
1893 268 2137 314 compertae,
2179 262 2503 319 frequentantur.

1460 421 1556 454 sunt
1570 422 1673 466 cete,
1693 424 1742 457 ut
1761 417 1980 459 horrorem
2010 420 2213 462 incutiant
2241 423 2411 467 videnti.
2469 430 2599 472 Nemo
2631 443 2690 475 ta·

1459 505 1555 533 men
1574 493 1626 534 ab
1647 495 1697 536 iis
1729 499 1852 551 perit,
1882 500 1961 540 nisi
1990 500 2025 539 si
2054 501 2126 554 qui
2156 502 2274 542 inviti
2306 504 2349 544 in
2382 517 2557 550 arrectas
2579 511 2689 556 dorsi

1456 571 1605 626 pinnas
1625 584 1796 630 propter
1812 579 1873 620 rei
1902 579 2179 633 ignorantiam
2207 582 2448 638 incurrant3
2475 603 2562 631 non
2579 595 2688 635 enim

1456 656 1682 695 consectari
1703 666 1877 711 possunt
1898 659 2094 701 audacius
2114 663 2364 717 navigantes,
2389 682 2519 723 quum
2546 671 2691 716 obtusa

1454 733 1671 775 oculorum
1693 736 1746 776 sit
1763 738 1870 778 acies
1889 754 1912 779 e
1934 741 2038 781 mari
2065 743 2357 788 eminentibus.

660 816 2158 844 Ἣ

0 863 2 866 ’
27 857 296 919 modiis-(iffi,
313 876 322 885 ·
348 852 507 920 ἐκφέρει
541 856 581 902 δὲ
619 859 688 903 καὶ
726 859 909 920 καρποὺς
934 861 1170 917 παντοίους,
1194 860 1267 917 τὴν
1304 863 1377 921 μὲν

2 2334 3 2355 2
64 2328 105 2359 30
127 2319 329 2366 Ὠκεανοῦ
355 2321 622 2384 παρηκούσης
641 2322 849 2383 Ἀραὸίας.

84 945 122 974 10
145 933 280 988 γεῦσιν
316 927 482 989 ἔχοντας
515 927 690 989 νωθρὰν,
728 927 1022 989 ἀγνοουμένους
1051 928 1093 975 δὲ
1126 934 1226 992 παρ’
1256 936 1374 992 ἡμῖν.

146 997 201 1043 ‘H
232 996 273 1042 δὲ
305 996 405 1060 πρὸς
426 996 500 1052 τὴν
537 998 746 1058 μεσόγειον
772 999 1040 1045 ἀνατείνουσα
1073 1001 1375 1063 πλήρηςέστὶν

145 1065 373 1128 ἐλεφάντων
396 1065 467 1111 καὶ
485 1066 644 1129 ταύρων
670 1066 820 1130 ἀγρίων
839 1067 910 1113 καὶ
928 1068 1102 1115 λεόντων
1120 1070 1191 1115 καὶ
1210 1073 1374 1117 πολλῶν

145 1137 279 1181 ἄλλων
301 1138 573 1182 παντοδαπῶν
595 1136 743 1199 θηρίων
767 1137 966 1197 ἀλκίμων.
1036 1138 1087 1186 Ὁ
1108 1139 1149 1184 δὲ
1167 1140 1291 1202 πόρος
1311 1142 1376 1198 νῆ-

145 1227 226 1266 σοις
246 1209 480 1265 διείληπται
509 1207 666 1271 καρπὸν
696 1208 768 1268 μὲν
793 1209 935 1255 οὔδε-’να
961 1210 1175 1273 φερούσαις
1199 1212 1370 1277 ἥμερον,

79 1291 116 1320 15
144 1277 433 1341 ἐκτρεφούσαις
464 1280 498 1322 δ’
522 1277 671 1339 ὀρνέων
697 1278 781 1322 ἴδια
813 1278 909 1338 γένη
934 1281 1004 1324 καὶ
1027 1281 1115 1332 ταῖς
1147 1284 1372 1344 προσόψεσι

141 1348 375 1408 θαυμαστά.
443 1349 498 1394 ‘H
537 1349 572 1391 δ’
612 1347 702 1402 ἑξῆς
744 1348 928 1394 θάλαττα
977 1351 1122 1410 βαθεῖα
1161 1354 1372 1406 παντελῶς

139 1418 238 1474 ἔστι,
262 1417 332 1463 καὶ
355 1418 461 1474 κήτη
491 1417 735 1462 παντοδαπὰ
760 1418 871 1481 φέρει
898 1419 1109 1482 παράδοξα
1139 1428 1221 1472 τοῖς
1248 1423 1370 1484 μεγέ-

138 1490 260 1546 θεσιν,
288 1488 331 1530 οὐ
354 1486 488 1545 μέντοι
513 1488 719 1532 λυποῦντα
746 1486 835 1540 τοὺς
856 1487 1116 1551 ἀνθρώπους,
1140 1490 1210 1535 ἐὰν
1230 1491 1288 1550 μή
1313 1512 1372 1545 τις

103 1553 105 1555 ’
135 1555 335 1607 ἀκουσίως
352 1558 482 1601 αὐτῶν
501 1558 590 1609 ταῖς
611 1559 770 1620 λοφιαῖς
788 1559 1003 1622 περιπέσῃ·
1022 1563 1064 1606 οὔ
1083 1560 1274 1608 δύνανται
1287 1562 1367 1625 γὰρ

73 1633 113 1664 20
136 1623 292 1670 διώκειν
314 1625 407 1678 τοὺς
424 1626 635 1683 πλέοντας,
653 1630 706 1679 ὡς
726 1627 774 1672 ἂν
794 1628 902 1673 κατὰ
920 1628 993 1684 τὴν
1016 1630 1098 1691 [ἐκ]
1123 1634 1194 1686 τῆς
1214 1632 1368 1677 θαλάτ-

108 1693 112 1697 ’
132 1715 204 1751 της
228 1695 345 1758 ἄρσιν
369 1697 689 1760 ἀμαυρουμένων
717 1699 852 1750 αὐτοῖς
875 1702 955 1745 τῶν
975 1700 1174 1759 ὀμμάτων
1197 1701 1272 1746 ὑπὸ
1295 1708 1367 1748 τοῦ

133 1765 240 1825 κατὰ
264 1764 331 1810 τὸν
355 1765 469 1822 ἥλιον
489 1765 675 1829 φέγγους.
746 1770 892 1813 Ταῦτα
910 1767 984 1827 μὲν
1004 1761 1073 1814 οῧν
1095 1767 1147 1813 τὰ
1170 1769 1272 1832 μέρη
1292 1775 1366 1827 τῆς

134 1836 476 1896 Τρωγλοδυτικῆς
515 1835 673 1898 ἔσχατα
719 1837 984 1899 γνωρίζεται,
1029 1839 1364 1903 περιγραφόμενα

129 1907 216 1956 ταῖς
236 1905 379 1966 ἄκραις
403 1904 450 1957 ἃς
473 1906 718 1967 ὀνομάζουσι
740 1907 950 1960 Ψεὸαίας.

64 1986 106 2015 25
189 1990 246 2023 85.
279 1975 340 2021 Τὸ
379 1976 412 2019 δ’
438 1975 540 2021 ἄλλο
574 1976 694 2038 μέρος
722 1981 795 2032 τῆς
817 1977 1039 2040 ἀντιπέραν
1072 1979 1278 2042 παραλίου
1312 1981 1359 2024 τὸ

126 2042 472 2105 προσκεκλιμένον
500 2044 671 2107 Ἀραὸίᾳ
705 2046 829 2091 πάλιν
868 2046 1143 2100 ἀναλαὸόντες
1176 2049 1257 2094 ἀπὸ
1287 2054 1359 2095 zoi}

125 2117 259 2173 μυχοῦ
293 2112 481 2173 διέξιμεν.
557 2107 687 2166 Οῧτος
714 2114 792 2178 γὰρ
824 2117 1070 2176 ὀνομάζεται
1098 2117 1355 2179 Ποσείδειον,

126 2183 397 2245 ἱδρυσαμένου
423 2186 649 2230 Ποσειδῶνι
671 2186 855 2248 πελαγίῳ
878 2187 1017 2248 βωμὸν
1037 2187 1271 2249 Ἀρίστωνος
1287 2194 1358 2235 τοῦ

125 2253 379 2314 πεμφθέντος
398 2252 476 2297 ὑπὸ
502 2254 762 2312 Πτολεμαίου
780 2255 878 2316 πρὸς
898 2256 1165 2312 κατασκοπὴν
1190 2262 1263 2310 τῆς
1281 2258 1358 2310 ἕως

920 2324 1042 2379 Ἑξῆς
1066 2325 1106 2370 δὲ
1130 2330 1199 2370 τοῦ
1222 2332 1357 2388 μυχοῦ

122 2387 244 2440 τόπος
264 2389 349 2433 ἐστὶ
369 2390 697 2451 παραθαλάττιος
717 2395 738 2435 ὃ
759 2392 989 2452 τιμώμενος
1012 2393 1090 2438 ὑπὸ
1119 2397 1198 2439 τῶν
1222 2397 1356 2456 ἐγχω-

123 2457 218 2518 ρίων
245 2458 515 2521 διαφερόντως
536 2459 637 2522 πρὸς
666 2459 739 2516 τὴν
764 2463 1011 2523 εὐχρηστίαν
1042 2462 1116 2518 τὴν
1141 2463 1353 2516 ἐξα-ὐτοῧ.

118 2620 314 2675 στορήτων
337 2619 477 2675 ὀρνέων
513 2620 633 2669 ἰδέας·
658 2622 703 2662 τὸ
727 2622 768 2663 δὲ
787 2622 862 2664 ἀπὸ
880 2623 967 2664 κτλ.
986 2625 1034 2665 C.
1062 2627 1177 2666 Inter
1205 2626 1356 2666 insulas

116 2684 229 2724 sinus
254 2683 377 2724 etiam
405 2682 569 2739 Ὀρνέων
587 2686 704 2736 νῆσον
722 2694 924 2726 memorat
941 2686 1185 2728 Ptolemaeus
1202 2689 1279 2738 IV,
1313 2689 1352 2739 5,

114 2760 157 2800 p.
191 2746 399 2800 305.11—
420 2759 462 2787 2.
501 2745 678 2802 πλώϊμος
709 2748 757 2788 Β.
779 2751 871 2801 11-
902 2750 944 2797 4.
979 2764 1068 2804 περ
1084 2751 1354 2790 ιπεπτωκό-

114 2822 260 2849 των...
288 2809 396 2856 ταῖς
424 2807 625 2863 λοφιαῖς
652 2808 790 2864 κτλ.]
814 2811 976 2851 Horum
1002 2810 1103 2851 fides
1131 2826 1257 2866 penes
1282 2827 1354 2853 au-

114 2879 270 2912 ctorem
288 2879 389 2912 esto.
410 2871 558 2912 Nescio
573 2885 626 2912 an
644 2871 727 2912 huc
743 2873 946 2927 pertineat
967 2873 1081 2927 quod
1095 2874 1244 2915 Saltius
1259 2890 1354 2915 nar-

113 2936 196 2985 rat}
216 2932 268 2974 de
315 2933 493 2989 piscium
534 2948 782 2988 magnorum
791 2949 809 2962 ⁰⁷
824 2949 1050 2990 recensque
1089 2946 1352 2979 mortuorum

113 2995 287 3037 cumulis
308 2996 536 3048 immensis,
559 3011 664 3052 quos
686 3005 872 3039 natantes
890 3000 1037 3054 saepius
1061 2999 1238 3042 offendit
1266 3016 1351 3042 non

113 3058 169 3099 ita
185 3056 304 3113 longe
332 3059 385 3101 ab
412 3060 519 3101 ostio
549 3060 662 3101 sinus
685 3059 851 3102 Arabici
874 3061 984 3115 (sub
1011 3067 1078 3104 10⁰
1105 3062 1175 3104 lat.
1206 3065 1239 3118 ).
1260 3066 1352 3117 11-

113 3122 152 3162 8.
178 3120 420 3177 ἀναφήνωσιν
447 3124 495 3164 C.
1289 3180 1292 3183 Δ

167 3186 280 3235 585,
298 3184 325 3226 l.
345 3198 414 3239 27.
433 3180 693 3242 Οῧτοςγὰρ
716 3185 1010 3241 ὀνομάζεται
1029 3186 1346 3243 Ποσείδειον]

111 3246 193 3286 Pro
227 3247 447 3288 Ποσείδειον
479 3248 667 3289 nonnulli
703 3247 865 3289 codices
899 3248 1118 3299 Ποσείδιον,
1152 3249 1267 3304 quod
1306 3251 1349 3291 in

114 3307 365 3349 Artemidori
382 3310 583 3364 excerptis
594 3310 717 3351 etiam
732 3310 944 3351 Strabonis
958 3310 1120 3351 codices
1135 3311 1346 3354 exhibent.

114 3367 281 3410 Insolita
301 3372 459 3412 ratione
480 3372 566 3427 ipse
589 3373 711 3427 μυχὸς
732 3374 846 3414 sinus
861 3373 1159 3429 Heroopolitici
1178 3383 1350 3416 vocatur

113 3430 332 3473 Ποσείδειον
349 3448 359 3483 ;
381 3434 641 3489 exspectabas
663 3435 899 3487 Ποσειδείου,
918 3451 943 3477 a
961 3438 1251 3492 promontorio
1272 3439 1348 3478 sci-

111 3492 229 3544 licet,
255 3494 298 3534 in
323 3509 405 3549 quo
437 3496 699 3551 proficiscens
718 3498 858 3539 Aristo
881 3512 995 3540 aram
1019 3507 1239 3541 struxerat.
1267 3500 1347 3542 Sed

111 3555 214 3596 nihil
242 3556 502 3599 mutandum.
536 3559 728 3602 Similiter
754 3560 900 3601 Strabo
936 3562 992 3601 ait
1024 3575 1067 3616 p.
1093 3566 1172 3617 767
1199 3575 1210 3603 ε
1258 3561 1346 3604 Ἀπὸ

118 3616 278 3673 Ἡρώων
295 3618 456 3670 πόλεως,
485 3619 567 3672 ἥτις
585 3620 665 3662 ἐστὶ
681 3621 774 3677 πρὸς
786 3626 842 3678 τῷ
858 3621 989 3679 Νείλῳ
1007 3623 1127 3678 μυχὸς
1149 3627 1218 3665 τοῦ
1240 3624 1345 3681 Ἆρα-

113 3680 220 3721 6ικοῧ
242 3680 410 3733 κόλπου,
435 3697 524 3738 quae
547 3683 643 3724 urbs
674 3693 735 3724 est
767 3698 943 3725 recessus
970 3684 1088 3726 sinus
1123 3687 1299 3729 Arabici
1319 3705 1346 3729 a

112 3743 207 3786 Nili
232 3744 355 3785 latere
372 3742 519 3800 (quum
540 3743 639 3785 alter
655 3753 758 3786 esset
773 3760 956 3786 recessus
974 3746 1247 3806 AElaniticus),
1268 3764 1345 3805 pro

111 3805 171 3846 ad
188 3821 312 3862 quam
336 3806 471 3847 urbem
497 3815 558 3847 est
581 3821 772 3848 recessus.
802 3810 905 3860 Quae
925 3808 1048 3850 verba
1069 3813 1178 3851 varie
1204 3811 1257 3855 ab
1280 3814 1343 3853 in-

112 3869 358 3924 terpretibus
374 3877 541 3920 tentata,
566 3878 690 3920 recte,
713 3870 877 3925 opinor,
898 3879 1036 3912 tuetur
1054 3874 1344 3930 Bernhardyus

112 3933 156 3973 in
179 3935 341 3987 Fragm.
363 3933 589 3983 Eratosth.,
610 3947 652 3987 p.
686 3945 779 3973 102.
797 3933 988 3974 Ceterum
1019 3935 1139 3989 μυχὸς
1155 3937 1343 3979 Diodoro

78 3995 80 3999 ’
112 4010 197 4037 non
221 4004 281 4036 est
313 4004 422 4036 totus
445 3996 556 4036 sinus
580 3995 910 4050 Heroopoliticus
925 4027 936 4046 ,
971 3996 1041 4036 sed
1075 3998 1232 4040 intuma
1255 3999 1342 4055 ejus

1447 873 1598 915 malvas
1620 906 1631 925 ,
1657 877 1897 920 cardamum
1931 889 1971 922 et
1992 882 2147 936 palmas
2170 885 2384 941 variosque
2419 889 2586 945 insuper
2605 892 2671 934 fru

2596 968 2685 1018 Qua

1444 1033 1487 1060 se
1509 1035 1651 1061 versus
1669 1022 1971 1066 mediterranea
1991 1027 2219 1080 protendit,
2240 1029 2537 1086 elephantibus,
2558 1040 2685 1078 tauris

1443 1095 1671 1148 agrestibus
1685 1128 1698 1147 ‚
1719 1097 1908 1139 leonibus
1927 1099 2098 1154 aliisque
2127 1100 2266 1142 bestiis
2298 1104 2432 1146 efferis
2455 1108 2573 1163 plena
2607 1121 2680 1152 est.

1446 955 1535 987 ctus
1557 963 1702 1003 sapore
1734 951 1899 992 hebetes
1929 962 1970 994 et
1996 954 2116 994 nobis
2139 956 2298 1009 ignotos
2330 960 2533 1013 producit.

1442 1169 1612 1210 Fretum
1631 1171 1872 1213 distinctum
1894 1182 1956 1214 est
1978 1174 2146 1225 insulis,
2168 1190 2259 1230 quae
2293 1179 2394 1219 nihil
2417 1182 2585 1235 quidem
2609 1187 2684 1226 mi-

1441 1243 1557 1282 tioris
1577 1243 1736 1286 fructus
1759 1248 1948 1301 gignunt,
1974 1248 2048 1289 sed
2066 1249 2283 1304 peculiaris
2302 1256 2459 1305 generis
2483 1271 2575 1297 aves
2612 1274 2682 1299 ex-

1439 1314 1607 1367 hibent,
1640 1319 1775 1373 specie
1806 1319 2087 1363 admirandas.
2146 1324 2262 1364 Mare
2294 1325 2391 1366 inde
2412 1329 2682 1381 profundissi-

1438 1403 1556 1431 mum
1585 1400 1709 1433 estet
1740 1395 1851 1435 varia
1873 1403 1960 1436 cete
1982 1396 2281 1451 magnitudinis
2310 1401 2521 1455 stupendae
2554 1405 2679 1456 gerit3

1438 1477 1530 1516 quae
1551 1471 1689 1504 tamen
1711 1465 1951 1507 hominibus
1969 1482 2057 1509 non
2076 1478 2174 1510 sunt
2196 1471 2380 1521 molesta,
2413 1474 2492 1513 nisi
2509 1476 2601 1528 quis
2620 1477 2682 1516 in·

1438 1536 1545 1576 vitus
1562 1535 1743 1577 fortassis
1761 1539 1803 1578 in
1823 1548 2002 1582 arrectas
2025 1540 2138 1583 dorsi
2157 1543 2304 1598 pinnas
2325 1545 2524 1586 incurrat.
2583 1549 2678 1588 Non

1437 1618 1610 1663 possunt
1632 1612 1743 1651 enim
1764 1613 1956 1668 persequi
1978 1615 2216 1668 navigantes
2229 1647 2241 1666 ,
2267 1618 2464 1671 quoniam
2485 1618 2537 1659 ad
2555 1611 2679 1661 maris

1434 1684 1692 1738 superficiem
1734 1687 1884 1726 evectis
1922 1687 2105 1730 claritate
2140 1688 2236 1730 solis
2269 1691 2377 1730 oculi
2412 1691 2673 1735 hebetantur.

1433 1758 1531 1797 Haec
1554 1758 1855 1814 Troglodyticae
1874 1768 2059 1802 extrema
2074 1793 2086 1812 ,
2110 1764 2407 1817 promontoriis
2422 1795 2434 1814 ‚
2459 1779 2560 1819 quas
2584 1768 2679 1807 Pse-

1432 1830 1538 1870 baeas
1563 1840 1732 1883 vocant,
1758 1833 2094 1888 circumscripta,
2116 1834 2161 1875 in
2183 1836 2375 1877 notitiam
2407 1845 2591 1879 nostram
2613 1852 2678 1880 ca-

1433 1903 1554 1944 dunt.

1485 1976 1554 2017 85.
1574 1977 1590 2030 (
1609 1979 1707 2036 Cap.
1724 1979 1793 2025 42.
1811 1975 1826 2032 )
1846 1978 1969 2018 Nunc
1986 1977 2155 2018 alteram
2174 1992 2224 2019 ex
2241 1978 2414 2021 adverso
2430 1995 2560 2033 oram,
2583 1996 2673 2037 quae

1428 2049 1480 2092 ad
1498 2051 1695 2093 Arabiam
1714 2051 1900 2103 inclinat,
1925 2051 2282 2108 perlustrabimm„
2305 2054 2356 2095 ab
2374 2063 2558 2096 extremo
2580 2056 2674 2096 sinu

1431 2124 1581 2164 iterum
1601 2125 1751 2166 exorsi.
1782 2124 1833 2165 Id
1846 2125 2106 2180 Neptunium
2120 2125 2362 2179 appellatur,
2384 2126 2497 2182 quod
2515 2127 2668 2176 Aristo,

1429 2191 1483 2232 ad
1504 2192 1805 2247 explorandum
1827 2192 1990 2233 Arabiae
2024 2191 2204 2233 litorales
2226 2201 2355 2234 terras
2387 2194 2439 2235 ad
2465 2197 2669 2236 Oceanum

1429 2273 1561 2315 usque
1583 2275 1608 2301 a
1625 2259 1846 2301 Ptolemaeo
1865 2261 2012 2302 missus
2025 2292 2037 2311 ,
2060 2275 2175 2302 aram
2206 2262 2401 2316 Neptuno
2429 2262 2559 2317 pelagi
2591 2261 2669 2302 deo
2709 2307 2714 2311 ‚

1429 2328 1511 2368 illic
1550 2330 1817 2369 consecravit.
1878 2331 2079 2371 Intimum
2123 2330 2238 2370 hunc
2276 2345 2482 2371 recessum
2518 2331 2668 2385 excipit

1427 2395 1541 2436 locus
1558 2397 1805 2446 maritimus,
1828 2411 1951 2450 quem
1970 2406 2140 2451 propter
2156 2397 2376 2437 utilitatem
2392 2398 2578 2452 apprime
2592 2398 2666 2438 ho-

1427 2471 1578 2505 norant
1595 2463 1762 2514 accolae,
1792 2464 1962 2504 Palmeti
1989 2466 2158 2505 nomine
2194 2465 2412 2518 insignem.
2472 2465 2664 2506 Plurimis

1426 2639 1539 2679 parS.
1559 2626 1667 2666 Nam
1686 2623 1768 2676 ἑξῆς
1785 2627 1854 2666 τοῦ
1873 2627 1999 2679 μυχοῦ
2021 2623 2034 2679 (
2052 2621 2215 2678 συνεχὴς
2231 2626 2300 2664 τοῦ
2321 2624 2523 2664 Ποσειδίου
2546 2627 2664 2665 Arte-

1427 2686 1581 2728 midor.
1599 2688 1616 2741 )
1643 2694 1704 2727 est
1721 2686 1743 2727 6
1764 2687 1963 2742 φοινικὼν,
1984 2687 2055 2741 qui
2079 2685 2132 2727 ad
2149 2685 2394 2727 hodiernam
2422 2690 2504 2727 Tor
2516 2686 2661 2727 urbem

1426 2749 1625 2803 pertinet;
1661 2757 1752 2789 tum
1783 2748 1970 2803 sequitur
2000 2746 2237 2803 ἀκρωτήριον
2270 2749 2338 2798 τῆς
2369 2745 2560 2803 ἠπείρου(
2580 2751 2663 2788 Ras

1425 2810 1675 2866 Mahomed)
1703 2825 1800 2852 cum
1821 2810 2054 2852 Phocarum
2076 2809 2228 2860 insula,
2250 2817 2340 2850 tum
2364 2811 2662 2851 Maranitarum

1424 2873 1559 2929 prisca
1569 2873 1701 2924 sedes,
1712 2881 1801 2914 tum
1813 2872 1982 2914 demum
1990 2873 2104 2913 sinus
2115 2871 2370 2913 AElaniticus.
2379 2872 2532 2913 Confer
2541 2873 2662 2913 etiam

1425 2935 1551 2977 verba
1568 2936 1781 2978 Strabonis
1799 2950 1843 2991 p.
1866 2939 1947 2990 776
1967 2948 1977 2976 :
1998 2934 2106 2987 Φησὶ
2120 2933 2161 2975 δὲ
2182 2932 2195 2991 (
2212 2933 2531 2991 Artemidorus)
2554 2934 2661 2976 ἐνδο-

1422 2999 1519 3054 τέρω
1550 2999 1702 3040 κεῖσθαι
1733 3001 1847 3040 τοῦτο
1878 2997 1950 3054 (τὸ
1985 2996 2218 3053 Ποσείδιον)
2254 3000 2322 3038 τοῦ
2357 2995 2562 3038 Ἔλανίτου
2591 3013 2660 3052 μυ-

1421 3063 1518 3116 χοῦ,
1545 3062 1588 3102 in
1620 3061 1771 3116 quibus
1802 3060 2060 3110 Gosselinus‚
2095 3061 2353 3109 LetronnuS,
2376 3059 2657 3100 Groskurdius

1421 3138 1566 3165 vocem
1593 3122 1799 3165 Ἐλανίτου
1830 3121 2114 3178 expellendam
2132 3136 2218 3162 esse
2232 3129 2432 3176 putarunt
2445 3152 2456 3171 ,
2478 3120 2580 3161 adeo
2610 3130 2656 3162 ut

1421 3201 1563 3228 sensus
1597 3187 1650 3227 sit
1677 3185 1891 3228 Posidium
1910 3185 1954 3226 in
1977 3184 2172 3225 interiore
2193 3183 2307 3223 sinus
2333 3184 2514 3237 Heroop.
2541 3191 2656 3237 parte

1420 3250 1546 3290 situm
1569 3263 1670 3290 esse.
1691 3251 1747 3290 At
1766 3246 1919 3289 mendo
1933 3246 1978 3287 h.
1999 3246 2028 3287 l.
2051 3244 2213 3287 codices
2233 3244 2371 3295 vacui3
2393 3243 2494 3284 dicit
2509 3252 2654 3285 auctor

1418 3311 1633 3353 Posidium
1651 3310 1823 3352 interius
1836 3308 1989 3364 jacere,
2017 3308 2046 3348 i.
2071 3322 2108 3348 e.
2130 3306 2197 3348 τὸν
2220 3306 2343 3362 μυχὸν
2363 3306 2477 3346 sinus
2495 3307 2653 3347 Heroo-

1418 3374 1574 3428 politici
1602 3372 1851 3429 profundius
1884 3372 1927 3411 in
1969 3371 2249 3411 continentem
2278 3376 2493 3424 penetrare
2527 3383 2651 3423 quam

1418 3451 1622 3477 recessum
1658 3436 1771 3475 sinus
1796 3433 2015 3475 AElanitici.
2052 3435 2246 3485 Quonam
2274 3431 2535 3486 potissimum
2561 3430 2651 3472 loco

1417 3499 1558 3540 Aristo
1589 3512 1702 3539 aram
1729 3498 1925 3551 Neptuno
1959 3495 2156 3544 erexerit,
2192 3494 2343 3534 certius
2365 3492 2534 3548 quidem
2568 3491 2648 3533 diei.

1417 3562 1485 3601 vix
1500 3569 1634 3616 potest
1651 3577 1662 3612 ;
1683 3558 1951 3614 probabiliter
1968 3565 2106 3598 autem
2128 3556 2149 3597 ὁ
2171 3555 2291 3612 μυχὸς
2308 3556 2508 3611 pertinuit
2523 3569 2650 3609 usque

1416 3623 1468 3664 ad
1489 3627 1574 3665 Ras
1594 3620 1831 3663 Scheratiblz
1850 3634 1979 3675 prope
2003 3622 2058 3660 W
2055 3618 2129 3660 adi
2150 3618 2294 3662 Firam
2311 3619 2461 3668 situm,
2488 3617 2560 3658 ubi
2577 3631 2649 3671 po-

1415 3685 1600 3727 nendum
1623 3685 1743 3725 etiam
1768 3682 1882 3738 quod
1899 3683 2068 3724 unicum
2090 3683 2133 3723 in
2153 3682 2234 3723 hoc
2257 3689 2392 3723 tractu
2409 3680 2648 3722 Ptolemaeus

1414 3751 1489 3799 VI,
1513 3764 1536 3803 7
1564 3755 1765 3788 memorat
1783 3746 1828 3787 Tb
1847 3745 1945 3787 κατὰ
1964 3745 2099 3801 Φαρὰν
2121 3745 2358 3802 ἀκρωτήριον
2375 3761 2386 3795 ;
2408 3746 2450 3785 in
2481 3756 2610 3796 eoque
2629 3772 2638 3790 ,

1414 3820 1530 3867 puto,
1553 3818 1638 3851 erat
1656 3824 1725 3850 ara
1742 3810 1941 3864 Neptuni.
1963 3809 2127 3850 Falsum
2145 3824 2232 3849 esse
2248 3810 2511 3850 Mannertum
2531 3817 2645 3843 eum-

1414 3889 1494 3928 que
1523 3881 1683 3913 secutos
1711 3872 1916 3913 Ritterum
1945 3871 2147 3926 aliosque,
2183 3871 2253 3925 qui
2289 3867 2441 3911 Posidii
2478 3865 2644 3906 nomine

1416 3940 1498 3978 Bas
1536 3933 1755 3976 Maleomed
1783 3933 2002 3987 significari
2025 3932 2268 3979 censebant,
2301 3944 2323 3969 e
2349 3927 2640 3994 Photiopatet.

1414 4000 1555 4039 Sinum
1584 3997 1935 4052 Heroopoliticum
1953 4027 1963 4046 ,
1988 4010 2109 4050 quem
2133 3992 2318 4035 nonnulli
2338 3989 2576 4037 Arsiteoztcn
2603 3993 2643 4027 et
