2808 4342
91 179 206 240 (ιε.)

158 292 214 322 13.
252 274 350 321 Ἀπὸ
368 275 415 320 δὲ
433 277 502 319 τοῦ
523 273 666 326 Ὀξίνα
690 276 744 327 εἷς
766 274 1065 338 Σανδαράκην,
1089 277 1130 320 ἓν
1153 268 1322 336 ἧδ’ρμος

94 363 208 390 ναυσι
230 349 415 404 μικραῖς,
438 342 584 388 στάδια
612 342 654 402 μ’
661 379 671 399 ,
692 342 813 429 μίλια
844 343 892 391 ε’.
962 343 1062 388 Ἀπὸ
1086 343 1126 389 δὲ
1151 344 1322 389 Σανδα-

94 413 218 475 ράκης
237 415 292 463 εἷς
318 410 593 472 Κρηνίδας,’
576 430 615 456 εν
640 406 702 472 ᾗ(
687 413 810 474 όρμος
826 411 944 457 ναυσὶ
961 419 1151 474 μικραῖς,
1175 411 1321 457 στάδια

89 482 144 541 κ’,
168 481 282 541 μίλια
303 479 356 541 β’,
376 480 470 534 ..ς’
557 481 656 527 Ἀπὸ
674 482 715 526 δὲ
739 481 998 542 Κρηνίδων’
965 500 1020 531 εις
1039 481 1220 528 Ψύλλαν
1236 499 1319 542 χω-

49 565 68 593 5
90 550 172 613 ρίον
198 549 343 594 στάδια
370 498 458 605 λ’,ς
460 551 575 609 μίλια
596 550 647 597 δ’.
718 550 815 595 Ἀπὸ
839 549 880 594 δὲ
905 551 1084 606 Ψύλλης
1114 552 1168 601 εἷς
1191 550 1290 595 Τίον
1306 585 1318 609 ,

90 618 210 664 πόλιν
237 618 468 675 Ἑλληνίδα
487 618 700 677 Ἰωνικὴν,
737 618 804 662 ἐπὶ
835 618 1021 681 θαλάσσῃ
1056 618 1320 678 οἰκουμένην,

89 688 308 744 Μιλησίων
332 688 403 734 καὶ
437 687 588 742 ταύτην
614 687 807 744 ἄποικον,
841 688 987 732 στάδια
1011 688 1075 749 ζ’,
1101 688 1217 748 μίλια
1249 689 1319 750 ιβ’.

88 757 188 803 Ἀπὸ
210 758 250 803 δὲ
271 757 374 804 Τίου
396 759 450 809 εἷς
483 757 678 803 Βιλλαῖον
714 757 898 817 ποταμὸν
931 758 1078 803 στάδια
1110 759 1174 819 κ’,
1204 758 1320 818 μίλια

90 827 147 888 β’,
184 827 225 871 ι’
244 827 299 878 ς’·
323 820 437 879 οὗτος
462 830 483 872 ὁ
508 827 700 878 Βιλλαῖος
727 827 933 887 ποταμὸς,
961 827 1014 879 ὥς
1044 828 1145 879 τινές
1175 847 1319 892 φασιν,

27 906 64 935 10
88 895 208 957 ὁρίζει
245 895 452 942 Βιθυνίαν·
490 895 542 940 τὰ
576 894 620 940 δὲ
661 895 838 957 ἐχόμενα
881 896 1176 959 Παφλαγονίας
1215 897 1316 944 ἐστί.

87 965 205 1016 Τινὲς
229 965 270 1011 δὲ
297 970 366 1010 νῦν
387 965 452 1010 τὸν
473 965 698 1026 Παρθένιον
723 966 911 1025 ποταμὸν
931 965 1020 1028 ὅρον
1042 967 1229 1019 Βιθυνίας
1251 968 1320 1013 καὶ

88 1035 385 1098 Παφλαγονίας
405 1029 506 1081 εἶναι
531 1035 760 1098 βούλονται.
827 1035 927 1083 Ἀπὸ
957 1037 998 1082 δὲ
1029 1042 1101 1082 τοῦ
1125 1037 1320 1083 Βιλλαίου

86 1109 274 1165 ποταμοῦ
302 1108 356 1155 εἷς
376 1105 540 1153 Ψίλιδα
564 1106 763 1165 ποταμὸν,
783 1105 849 1151 τὸν
874 1110 941 1150 νῦν
971 1105 1191 1166 λεγόμενον
1222 1109 1321 1152 Πα-

87 1173 253 1231 πάνιον,
288 1174 436 1219 στάδια
469 1174 515 1230 ξ’,
549 1174 667 1235 μίλια
702 1176 762 1231 η’.
833 1175 932 1221 Ἀπὸ
958 1174 1000 1220 δὲ
1035 1181 1105 1221 τοῦ
1143 1175 1322 1226 Ψίλιδος

31 1249 68 1277 15
87 1248 276 1329 ποταμοῦ
302 1243 392 1300 ἤτοι
427 1244 646 1290 Παπανίου
676 1247 730 1296 εἷς
756 1244 980 1308 Παρθένιον
1000 1244 1186 1305 ποταμὸν
1220 1246 1319 1290 στοί-

90 1314 154 1357 δια
176 1314 224 1370 ο’,
247 1314 362 1372 μίλια
386 1313 437 1369 θ’,
464 1314 519 1375 γ’.

152 1398 205 1429 14.
245 1386 375 1434 Οὗτος
418 1385 439 1427 ὁ
483 1382 698 1469 Παρθένης
736 1383 896 1435 πλωτός
935 1386 1043 1441 ἐστι,
1078 1385 1319 1474 καταφέρων

90 1451 241 1513 ῥεῖθρον
266 1451 551 1512 ἡσυχώτατον·
573 1454 613 1497 ἐν
635 1455 746 1497 αὐτῶ
771 1453 813 1498 δὲ
829 1453 948 1514 λόγος
971 1454 1202 1516 Ἀρτέμιδος
1219 1460 1322 1500 εἶναι

85 1520 298 1580 λουτρὸν’
280 1520 616 1581 επιφανέστατον.

26 1603 66 1634 20
153 1605 207 1634 15.
246 1589 344 1635 Ἀπὸ
368 1588 410 1634 δὲ
443 1594 513 1635 τοῧ
539 1589 765 1652 Παρθενίου
791 1593 845 1642 εἷς
869 1591 1128 1655 Ἀμάσι-ραν,
1152 1594 1225 1649 τὴν
1250 1595 1321 1640 καὶ

86 1655 318 1719 Ἄμαστριν
342 1658 583 1719 λεγομένην,
618 1658 736 1704 πόλιν
762 1658 1010 1716 Ἑλληνίδα,
1045 1661 1221 1723 ἔχουσαν
1251 1664 1322 1709 καὶ

90 1726 295 1786 ποταμὸν,
330 1729 526 1790 πρότερον
561 1728 790 1790 λεγομένην
813 1729 1039 1789 Σήσαμον,
1074 1730 1220 1775 στάδια
1255 1732 1320 1791 4',

91 1796 207 1855 μίλια
234 1797 301 1857 ιβ’.
369 1797 467 1843 Ἀπὸ
490 1797 531 1843 δὲ
559 1797 810 1860 ξΗρακλείας
833 1801 889 1851 εἷς
912 1797 1141 1862 Ἄμαστριν
1173 1802 1320 1846 στάδια

87 1866 130 1928 ψ
137 1901 150 1926 ²
176 1865 293 1925 llam
314 1866 363 1927 4·

25 1949 65 1978 25
152 1951 205 1982 16.
238 1927 323 1982 ῗΩν
342 1935 390 1993 δὴ
408 1936 542 1982 τόπων
562 1936 681 2000 ἄρξαι
701 1938 836 1984 Φινέα
852 1943 923 1984 τοῦ
940 1937 1094 2001 Τυρίου
1116 1939 1320 1991 Φοίνικος·

89 2005 330 2066 υστέροιςδὲ
353 2006 513 2068 χρόνοις
534 2010 785 2052 κατελθεῒνε
767 2008 807 2060 εξ
832 2008 991 2058 Ἰωνίας
1015 2009 1159 2054 στόλον
1184 2011 1321 2065 Μιλη-

91 2074 217 2135 σίων,
242 2074 313 2119 καὶ
336 2076 473 2120 κτίσαι
493 2076 644 2128 ταύτας
663 2076 736 2128 τὰς
759 2077 920 2136 πόλεις,
947 2077 994 2129 ἃς
1019 2080 1073 2130 εἰς
1094 2076 1322 2139 Ἄμαστριν

146 2250 168 2300 S
197 2252 264 2305 13.
295 2250 345 2288 In
369 2263 536 2289 mensm
539 2265 571 2288 15
593 2249 645 2289 ad
673 2250 917 2304 Menippum
937 2259 1081 2291 auctor
1101 2251 1224 2301 redit,
1246 2254 1323 2292 nisi

91 2309 203 2364 quod
223 2325 247 2351 a
268 2311 514 2351 Crenidibus
536 2311 588 2351 ad
604 2311 779 2366 Psyllam
803 2327 889 2352 non
913 2313 1056 2366 viginti
1080 2313 1210 2354 stadia
1230 2329 1325 2354 cum

90 2373 317 2423 Marciano,
339 2373 410 2413 sed
436 2374 603 2427 triginta
633 2388 728 2413 cum
747 2375 924 2415 Arriano
947 2384 1153 2416 numerat.
1175 2378 1237 2416 Ex
1261 2391 1328 2416 eo-

92 2434 188 2474 dem
205 2435 382 2476 Arriano
399 2435 475 2475 alia
490 2435 678 2490 quaedam
694 2436 846 2476 habere
868 2436 1046 2486 videtur,
1073 2452 1165 2492 quae
1181 2439 1222 2478 in
1237 2440 1326 2478 Me-

92 2499 220 2552 nippo
232 2498 737 2552 Marcianinonleguntur.
755 2499 889 2552 11—4.
908 2499 1108 2541 Ψύλλαν
1123 2533 1131 2541 .
1152 2532 1161 2541 .
1187 2500 1325 2541 Ψύλ-

91 2559 117 2599 λ
130 2561 208 2615 ης]
228 2576 278 2600 ex
298 2562 463 2602 Arrian.
482 2569 522 2601 et
535 2563 666 2601 Marc.
688 2570 979 2613 correxerunt3
1002 2563 1199 2604 Ψίλλαν..
1224 2563 1327 2603 Ψίλ-

91 2623 162 2676 λης
183 2623 326 2664 codex.
360 2625 375 2678 {l
399 2648 454 2655 —
474 2625 539 2664 13.
560 2624 604 2663 Ψ
620 2624 780 2679 ίλιδα]
803 2624 980 2664 Ψίλλιδα
1004 2626 1148 2681 scrip5.
1172 2627 1279 2668 Gail.
1303 2628 1319 2681 11

89 2710 146 2717 -
160 2686 195 2726 Π
208 2687 328 2728 απάν
345 2702 387 2726 ιο
401 2701 419 2726 ν
444 2687 459 2742 ]
478 2688 589 2727 Num
603 2687 708 2726 sorte
729 2701 881 2727 nomen
899 2688 978 2727 hoc
996 2703 1020 2729 a
1038 2690 1160 2739 πάπα,
1186 2690 1326 2744 Bithy-

90 2749 186 2789 nico
221 2749 336 2790 Jovis
363 2750 553 2799 nomine,
582 2749 883 2804 repetendum?
915 2751 930 2804 Η
957 2775 1013 2781 -
1041 2751 1108 2791 15.
1128 2752 1162 2790 Π
1175 2767 1198 2790 α
1212 2767 1230 2807 ρ
1244 2752 1291 2792 θέ
1307 2776 1324 2783 -

90 2826 165 2851 νιο
179 2826 198 2851 ν
222 2812 237 2867 ]
260 2813 448 2867 παρθένην
483 2820 523 2852 et
543 2827 639 2852 mox
661 2811 710 2859 εἰς
736 2812 950 2867 Παρθένην,
969 2812 1121 2853 deinde
1142 2828 1237 2854 vero
1251 2813 1324 2855 ἀπὸ

91 2877 158 2913 τοῦ
181 2874 407 2929 Παρθενίου.
435 2874 498 2916 Cf.
527 2874 716 2915 Meineke
741 2874 793 2915 ad
832 2876 968 2930 Scym.
993 2879 1090 2929 968.

141 2938 164 2988 S
188 2940 251 2978 ¹5.
269 2935 344 2991 Ἂμ
358 2938 564 2992 άστραν]
585 2935 796 2993 Ἂμάστρην
816 2937 909 2978 cod.
922 2947 961 2978 et
977 2938 1112 2989 editt.;
1137 2937 1327 2996 Ἀμάστρα

92 2998 187 3039 urbs
217 2998 369 3039 dicitur
393 3014 460 3054 ap.
486 3001 745 3040 Constantin.
773 3000 977 3055 Porphyr.
1005 3003 1067 3040 De
1095 3001 1224 3042 them.
1242 3004 1277 3052 1,
1300 3017 1323 3057 7

89 3076 130 3116 p.
161 3075 229 3116 29,
262 3065 309 3104 18
327 3071 367 3103 et
387 3064 454 3113 30,
483 3064 504 3103 5
524 3062 590 3103 ed.
613 3065 766 3113 Bonn.,
799 3072 839 3103 et
864 3078 931 3118 ap.
952 3064 1136 3105 Nicetam
1153 3066 1326 3120 Paphla-

90 3137 237 3176 gonem
273 3127 388 3166 Orat.
433 3126 474 3166 in
505 3126 546 3166 S.
575 3125 795 3180 Hyacinth.
830 3127 987 3176 XVII„
1018 3141 1068 3167 cx
1088 3141 1174 3181 quo
1196 3129 1324 3170 Wes-

91 3185 281 3239 selingius
309 3188 360 3228 ad
393 3188 573 3229 Hierocl.
605 3202 647 3243 p.
684 3192 764 3242 696
798 3188 917 3229 affert
951 3189 1063 3230 haec:
1108 3188 1296 3246 Ἀμάστρα
1310 3223 1321 3243 ,

92 3247 113 3286 ὁ
132 3251 197 3299 τῆς
211 3249 495 3304 Παφλαγονίας,
521 3251 671 3306 μᾶλλον
698 3251 738 3291 δὲ
757 3254 823 3303 τῆς
842 3251 1065 3307 οἰκουμένης
1081 3252 1219 3308 ὀλίγου
1242 3255 1323 3295 δεῖν

92 3309 302 3366 ὀφθαλμὸς,
326 3311 374 3359 εἰς
401 3313 447 3364 ἢν
475 3313 514 3353 οἵ
544 3329 585 3354 τε
603 3313 647 3354 τὸ
674 3314 820 3369 βόρειον
838 3317 905 3355 τοῦ
928 3314 1103 3362 Εὐξείνου
1125 3316 1237 3371 μέρος
1258 3332 1324 3358 πε-

93 3375 321 3426 ριοικοῦντες
338 3373 479 3414 Σκύθαι
497 3375 561 3415 καὶ
579 3375 615 3415 οἱ
631 3375 722 3430 πρὸς
738 3377 849 3417 νότον
863 3377 1047 3432 κείμενοι,
1066 3379 1195 3433 ὥσπερ
1219 3377 1271 3426 εἴς
1289 3394 1326 3419 τι

94 3434 221 3475 κοινὸν
255 3436 521 3491 συντρέχοντες
557 3436 754 3492 ἐμπόριον,
783 3437 831 3479 τὰ
866 3439 956 3494 παρ’
979 3438 1120 3480 ἑαυτῶν
1143 3455 1186 3481 τε
1203 3440 1323 3496 εἰσφέ-

93 3511 214 3551 ρουσι,
241 3497 305 3537 καὶ
332 3497 379 3538 τὰ
411 3499 496 3553 παρ’
518 3497 632 3550 αὐτῆς
661 3499 998 3555 ἀντιλαμὸάνουσι·
1021 3502 1132 3550 πόλις
1171 3502 1265 3558 ἑῴας
1282 3519 1323 3545 τε

92 3560 214 3611 πάσης
236 3558 378 3611 λήξεως
401 3560 466 3601 καὶ
488 3560 659 3616 ἑσπερίου
683 3562 819 3617 μεταξὺ
841 3564 1012 3618 κειμένη,
1034 3573 1112 3606 etc.
1141 3567 1323 3621 Geogra-

92 3621 200 3677 phus
220 3636 386 3677 quoque
407 3625 660 3664 Ravennates
682 3627 923 3665 Amastrum
947 3626 1092 3667 urbem
1113 3627 1234 3679 dicit;
1253 3644 1319 3685 ap.

93 3685 325 3726 Hieroclem
357 3699 400 3740 p.
435 3689 515 3739 696
549 3695 608 3727 est
646 3686 889 3742 Ἀμάστριον;
926 3689 970 3729 in
993 3690 1096 3730 Tab.
1130 3693 1319 3747 Peuting.

94 3750 331 3794 Mastrum5
362 3747 472 3802 apud
502 3748 608 3789 Plin.
638 3750 714 3798 VI,
736 3762 761 3789 2
780 3752 963 3805 Mastya,
991 3751 1102 3806 quod
1136 3753 1223 3809 ipse
1243 3756 1324 3796 Pli-

93 3810 186 3850 nius
224 3811 282 3850 sic
305 3818 547 3865 corruptum
580 3811 795 3861 invenerit,
820 3826 950 3867 quum
981 3814 1025 3854 in
1058 3818 1323 3870 sequentibus

93 3880 290 3926 tanquam
322 3871 465 3912 unbem
497 3872 699 3913 ἀίνο15ι1111
725 3883 880 3928 ponat:
898 3879 1101 3917 Sesamum
1125 3878 1322 3934 oppidum

93 3934 320 3989 q'uoduunc
332 3935 559 3976 Amastris.
580 3937 596 3989 ΙΙ
612 3949 744 3977 -22.
755 3937 894 3992 πρότε
908 3953 989 3992 ρον
1018 3939 1317 3998 λεγομένην]

94 4011 157 4051 πρ.
181 3996 326 4052 λεγόμε
331 3995 395 4038 νον
418 3998 511 4050 Σησ.
539 3997 694 4049 codex3
719 4013 798 4040 em.
832 4000 957 4051 Gaii:
990 4000 1160 4042 fortasse
1184 4011 1318 4045 tamen

969 175 1267 221 PERIPLUS
1301 174 1484 220 PONTI
1522 173 1754 220 EUXlNI.

2533 193 2621 228 405

1454 281 1519 320 13.
1540 280 1607 322 Ab
1626 280 1762 322 Oxina
1780 278 1833 319 ad
1856 279 2142 330 Sanclaracam,
2163 282 2203 320 in
2224 295 2305 335 qua
2322 284 2442 323 statio
2462 294 2522 325 est
2536 301 2627 340 par-

1390 356 1449 395 vis
1474 356 1667 406 navibus,
1693 354 1824 396 stadia
1840 357 1907 405 4ο,
1926 355 2039 395 milia
2059 355 2080 395 5
2098 354 2150 410 (ὲ)
2173 356 2446 399 ASandaraca
2465 360 2515 399 ad
2533 362 2627 402 Cre-

1389 430 1532 482 nidas‚
1578 432 1650 472 ubi
1681 431 1801 472 statio
1840 431 1977 486 parvis
2006 431 2178 471 navibus
2194 462 2205 481 ,
2242 432 2371 473 stadia
2410 448 2484 483 20,
2519 437 2629 479 milia

1395 521 1419 547 2
1439 511 1471 560 {-
1532 510 1570 549 A
1603 506 1849 548 Crenidibus
1876 506 1928 547 ad
1960 507 2133 561 Psyllam
2169 508 2377 549 castellum
2400 510 2529 552 stadia
2558 514 2626 563 30,

1387 583 1500 624 milia
1518 586 1560 632 4.
1619 586 1657 625 A
1675 583 1807 638 Psylla
1827 582 1880 623 ad
1902 584 2042 631 Tium,
2062 584 2206 627 urbem
2225 586 2410 630 Graecam
2429 589 2627 636 Ionicam,

1386 651 1431 691 in
1460 651 1587 691 maris
1606 665 1679 691 ora
1708 652 1826 691 sitam
1842 682 1853 701 ,
1890 652 2020 706 ipsam
2044 667 2210 707 quoque
2234 654 2490 695 Milesiorum
2522 657 2631 697 colo-

1389 731 1518 781 niam,
1537 729 1667 770 stadia
1683 743 1751 781 90,
1771 728 1883 769 milia
1899 715 1968 769 12.
2030 733 2066 770 A
2081 731 2159 770 Tio
2174 730 2225 770 ad
2244 731 2428 772 Billaeum
2459 733 2631 775 fluvium

1387 806 1518 847 stadia
1554 819 1622 856 20,
1664 804 1776 845 milia
1804 817 1829 845 2
1850 807 1884 851 ἓ.
1946 806 2025 846 Ηί0
2047 805 2206 846 Billaeus
2242 807 2405 858 fluvius,
2447 817 2492 849 ut
2514 811 2630 850 aiunt

1393 883 1563 939 quidam
1595 882 1788 923 terminat
1816 881 2077 936 Bithyniam3
2104 897 2194 937 quae
2224 898 2320 924 vcro
2353 884 2544 941 deinceps
2566 901 2627 926 se·

2109 961 2231 1000 Nunc
2270 969 2406 1002 autem
2440 963 2628 1003 nonnulli

1387 1032 1654 1073 Parthenium
1668 1031 1838 1071 fluvium
1848 1031 2049 1086 Bithyniae
2063 1040 2102 1072 et
2110 1033 2393 1086 Paphlagoniae
2405 1036 2626 1075 terminum

1389 968 1591 1015 quuntur,
1618 958 1907 1013 Paphlagoniae
1938 967 2049 999 sunt.

1389 1120 1474 1146 esse
1501 1114 1700 1146 statuunt.
1762 1108 1798 1146 A
1822 1105 1959 1146 Billaeo
1986 1106 2112 1146 fluvio
2144 1107 2196 1147 ad
2218 1107 2409 1148 Psilidem
2433 1109 2625 1159 fluvium,

2428 1181 2459 1221 A
2481 1183 2629 1224 Psilide

1388 1248 1516 1288 fluvio
1547 1264 1619 1289 seu
1637 1250 1819 1304 Papanio
1840 1249 1891 1290 ad
1910 1250 2177 1291 Parthenium
2211 1252 2383 1292 fluvium
2408 1253 2537 1294 stadia
2557 1270 2624 1308 70,

1388 1320 1499 1361 milia
1516 1336 1539 1374 9
1556 1324 1595 1374 -Ξ-
1615 1322 1686 1374 (Ε
1706 1321 1903 1377 Menippo
1923 1330 1961 1361 et
1977 1321 2160 1362 Arriano
2176 1325 2198 1374 5
2222 1326 2319 1376 20).

1388 1178 1743 1232 nuncPapanium
1764 1176 1938 1226 dictum,
1957 1177 2088 1218 stadia
2105 1182 2172 1229 60,
2198 1180 2308 1220 milia
2328 1182 2367 1221 8.

1449 1403 1515 1447 14.
1547 1400 1626 1440 Hic
1654 1401 1900 1441 Parthenius
1932 1401 2170 1454 navigabilis
2193 1410 2267 1451 est,
2296 1403 2450 1444 ssuento
2481 1404 2627 1446 decur-

1392 1482 1487 1507 rens
1508 1468 1624 1508 valde
1653 1469 1899 1523 tranquillo;
1932 1471 1974 1509 in
1994 1484 2078 1525 quo
2107 1471 2249 1511 Dianae
2269 1486 2355 1512 esse
2389 1472 2519 1514 fertur
2547 1475 2629 1515 bal-

1389 1551 1512 1577 neum
1533 1537 1865 1592 limpidissimum
1896 1540 2084 1594 (Epoet.
2100 1539 2256 1595 perieg.
2279 1555 2317 1580 v.
2340 1544 2420 1595 968
2437 1557 2499 1597 sq.
2516 1546 2549 1597 ).

1454 1607 1518 1645 15.
1551 1608 1588 1646 A
1607 1606 1828 1646 Parthenio
1850 1606 1977 1646 fluvio
1993 1606 2044 1646 ad
2067 1607 2291 1648 Amastram
2305 1640 2317 1658 ‚
2340 1624 2431 1663 quae
2453 1620 2492 1651 et
2511 1614 2631 1653 Ama-

1390 1691 1482 1730 stris
1498 1689 1664 1740 dicitur,
1684 1691 1829 1731 urbem
1842 1692 2044 1742 Graecam,
2063 1706 2154 1746 quae
2168 1692 2290 1733 habet
2300 1694 2421 1734 etiam
2438 1695 2625 1751 fluvium,

1389 1774 1503 1828 prius
1526 1776 1736 1815 Sesamum
1760 1775 2000 1829 appellatam
2015 1807 2027 1826 ,
2053 1775 2183 1816 stadia
2201 1791 2269 1829 90,
2294 1777 2407 1818 milia
2434 1792 2498 1819 12.
2560 1781 2627 1821 Ab

1390 1857 1586 1898 Heraclea
1598 1858 1650 1898 ad
1668 1860 1878 1899 Amastrin
1890 1859 2019 1899 stadia
2031 1873 2126 1914 700,
2148 1860 2260 1900 milia
2277 1875 2344 1914 90.

1453 1946 1519 1982 16.
1544 1943 1619 1982 His
1637 1943 1679 1982 in
1702 1942 1800 1982 locis
1816 1943 1914 1983 olim
1936 1958 2124 1997 regnasse
2148 1944 2278 1985 fertur
2296 1946 2491 1997 Phineus,
2515 1948 2630 2002 Tyrii

1393 2010 1599 2051 Phoenicis
1638 2010 1773 2065 filius-3
1799 2020 1941 2065 postea
1962 2020 2099 2052 autem
2117 2012 2265 2052 Milesii
2286 2028 2334 2053 ex
2365 2014 2482 2054 Ionia
2508 2015 2631 2057 classe

1395 2080 1623 2128 venientes,
1663 2079 1786 2119 urbes
1821 2080 2077 2135 [quattuor]
2115 2080 2415 2133 condiderunt,
2455 2097 2555 2138 quas
2585 2085 2628 2125 in

1394 2261 1480 2293 erat
1512 2252 1557 2292 τὸ
1580 2253 1762 2307 πρότερον
1795 2253 2010 2309 λεγόμενον
2043 2254 2242 2309 Σήσαμον,
2273 2269 2402 2310 quum
2421 2256 2520 2297 urbs
2537 2265 2577 2297 et
2605 2257 2628 2308 ἣ

1394 2314 1573 2370 Σήσαμος
1595 2315 1608 2371 (
1631 2316 1795 2370 ScylaX,
1813 2317 2002 2357 Eustath.
2020 2315 2088 2356 ad.
2106 2318 2232 2357 Hom.
2250 2317 2297 2357 Il.
2325 2331 2365 2367 2,
2386 2317 2481 2367 853,
2500 2320 2630 2374 Hesy-

1395 2377 1511 2416 chius
1533 2392 1567 2417 5.
1583 2391 1641 2426 v.,
1666 2378 1794 2418 schol.
1821 2378 1951 2419 Paris.
1973 2377 2025 2418 ad
2040 2378 2177 2432 Apoll.
2194 2378 2331 2419 Rhod.
2356 2380 2412 2428 ΙΙ,
2434 2383 2537 2432 941,
2528 2396 2537 2405 ·
2562 2385 2629 2421 Se-

1393 2452 1534 2478 samus
1551 2439 1658 2479 Mela
1678 2441 1713 2490 Ι,
1733 2454 1780 2493 19
1805 2442 1820 2493 )
1840 2448 1881 2480 et
1902 2455 1946 2480 το
1961 2439 2143 2494 Σήσαμον
2161 2441 2176 2492 (
2199 2441 2393 2495 Stephan.
2410 2443 2507 2497 Byz.
2533 2458 2567 2484 s.
2587 2459 2626 2485 v.

1395 2508 1434 2539 et
1457 2501 1585 2542 schol.
1608 2501 1717 2555 vulg.
1749 2501 1801 2542 ad
1822 2502 1957 2557 Apoll.
1981 2501 2118 2542 Rhod.
2144 2502 2173 2543 l.
2201 2502 2253 2543 l.-
2242 2506 2481 2553 ;Sesamum
2508 2506 2628 2561 oppi-

1394 2560 1490 2600 dum
1509 2561 1614 2602 Plin.
1633 2564 1709 2612 VI,
1728 2576 1753 2602 2
1771 2563 1784 2618 )
1804 2563 1980 2603 dicatur.
2007 2565 2072 2603 Ex
2093 2562 2227 2603 veihis
2249 2563 2456 2618 Apollonii
2472 2567 2527 2616 ΙΙ,
2547 2570 2624 2619 941

1394 2631 1434 2663 et
1455 2623 1665 2665 Stlabonis
1684 2625 1781 2674 XII,
1803 2640 1845 2680 p.
1873 2625 1951 2675 544
1972 2624 2023 2666 de
2046 2626 2301 2666 nominativo
2337 2628 2517 2667 nominis
2544 2644 2626 2670 non

1394 2685 1535 2740 liquet.
1570 2689 1619 2727 In
1659 2689 1796 2728 numis
1829 2688 1932 2729 nihil
1963 2688 2089 2729 habes
2115 2688 2193 2728 nisi
2239 2685 2385 2728 ΣΗΣΑ
2405 2690 2629 2742 (Mionnet

1394 2748 1581 2804 Decript.
1612 2749 1691 2790 col.
1724 2752 1780 2800 ΙΙ,
1814 2764 1856 2805 p.
1884 2751 1990 2804 3993
2018 2750 2223 2806 Sapplem.
2252 2750 2332 2790 vol.
2355 2751 2432 2801 IV,
2452 2765 2495 2806 p.
2530 2752 2625 2807 571.

1395 2812 1456 2850 De
1476 2812 1655 2852 nominis
1688 2813 1847 2866 origine
1867 2812 1996 2854 schol.
2017 2812 2155 2867 Apoll.
2180 2812 2208 2853 l.
2234 2812 2261 2852 l.
2282 2825 2292 2852 :
2314 2812 2368 2852 Τὸ
2389 2812 2429 2853 δὲ
2445 2813 2626 2870 Σήσαμον

1397 2875 1676 2930 μετωνομάσθη
1703 2875 1905 2931 ’Άμαστρις
1928 2874 2002 2917 ἀπὸ
2042 2875 2200 2931 Δαρείου
2231 2874 2396 2930 ἀδελφοῦ
2428 2877 2626 2932 θυγατρός.

1401 2935 1570 2989 Ἐκλήθη
1593 2937 1632 2978 δὲ
1647 2935 1716 2988 τὴν
1738 2935 1862 2992 ἀρχὴν
1889 2937 1963 2979 ἀπὸ
1988 2940 2056 2978 τοῦ
2086 2937 2260 2993 σήσαμον
2281 2937 2417 2978 λαὸεῗν
2437 2939 2537 2994 παρὰ
2552 2939 2628 2980 Κα-

1395 3003 1469 3054 ρῶν
1501 2998 1586 3040 ἀντὶ
1616 3003 1683 3052 τῆς
1717 3002 1847 3055 χώρας
1882 3000 1948 3042 τὸν
1981 3000 2217 3056 βουλόμενον
2243 3000 2370 3041 κτίσαι
2401 2998 2470 3051 τὴν
2494 3002 2622 3042 πόλιν.

1396 3064 1500 3114 Quae
1525 3077 1670 3103 vereor
1699 3078 1751 3103 ne
1779 3071 1973 3118 corrupta
2008 3064 2105 3104 sint.
2130 3063 2338 3104 Sententia
2362 3061 2483 3103 fuerit
2515 3076 2525 3103 :
2551 3062 2625 3105 ἀπὸ

1393 3127 1461 3164 τοῦ
1475 3125 1649 3180 σήσαμον
1668 3126 1803 3166 λαδεῗν
1820 3126 1835 3180 [
1853 3126 1939 3173 τοὺς
1950 3125 2180 3180 ἐγχωρίους,
2200 3124 2262 3165 vel
2277 3132 2433 3164 certum
2450 3124 2625 3179 aliquem

1393 3187 1480 3242 ejus
1506 3189 1683 3242 regionis
1705 3189 1933 3243 principem
1955 3189 1971 3243 ]
1995 3187 2081 3228 ἀντὶ
2098 3190 2164 3238 τῆς
2185 3187 2314 3241 χώρας
2329 3186 2428 3241 παρὰ
2448 3191 2522 3227 τῶν
2548 3188 2625 3228 Κα-

1395 3255 1469 3305 ρῶν
1499 3253 1575 3292 τ’ῶν
1599 3251 1843 3306 βουλομένων
1867 3250 1993 3290 κτίσαι
2011 3248 2080 3301 τὴν
2101 3249 2230 3291 πόλιν.
2253 3248 2485 3291 De'Carum
2514 3251 2624 3291 colo-

1393 3313 1472 3352 niis
1496 3314 1537 3353 in
1560 3315 1693 3353 Ponto
1712 3313 1875 3352 Euxino
1901 3311 1995 3351 vide
2022 3325 2113 3366 quae
2138 3310 2329 3364 indagare
2351 3310 2508 3351 studuit
2534 3314 2626 3353 Mo·

1394 3389 1483 3416 vers
1498 3378 1589 3415 Das
1607 3372 1747 3415 Phoe‘n.
1778 3373 2013 3415 Alter-thum
2039 3382 2141 3414 tom.
2162 3375 2218 3422 ΙΙ,
2239 3387 2282 3427 p.
2308 3386 2388 3426 297
2407 3387 2495 3428 sqq.
2529 3374 2544 3428 ΙΙ
2569 3398 2626 3406 -

1394 3440 1462 3486 24.
1477 3438 1559 3479 στά
1571 3438 1607 3478 ὃ.
1624 3436 1683 3492 ψ’]
1695 3438 1729 3477 Ε
1746 3436 1913 3489 singulis
1930 3435 2111 3475 numeris
2126 3434 2375 3488 colliguntur
2386 3435 2516 3476 stadia
2526 3440 2621 3478 660.

1393 3500 1572 3542 Habebis
1594 3498 1723 3540 stadia
1754 3512 1847 3552 700,
1873 3498 1906 3537 si
1935 3511 1958 3538 a
1985 3496 2215 3537 Sandan—aea
2244 3495 2296 3537 ad
2329 3496 2525 3538 Crenides
2547 3512 2625 3553 pro

1394 3575 1447 3603 20
1463 3561 1602 3602 stadiis
1621 3574 1714 3600 cum
1742 3560 1919 3600 Arriano
1934 3572 2063 3614 ponas
2089 3558 2219 3600 stadia
2243 3562 2311 3600 60.
2340 3559 2463 3614 Apud
2483 3561 2624 3601 Arria-

1392 3639 1494 3666 num
1515 3637 1674 3664 summa
1687 3620 1791 3662 stad.
1810 3621 2013 3661 conflatur
2032 3625 2134 3675 690;
2159 3636 2225 3676 ap.
2245 3622 2501 3662 Marcianum
2517 3622 2596 3676 590
2610 3654 2620 3671 ‚

1393 3696 1439 3728 ut
1465 3687 1651 3742 proxime
1684 3683 1788 3725 absit.
1824 3682 1875 3723 ab
1915 3683 2093 3724 Arriano
2130 3692 2349 3739 computus
2386 3685 2620 3738 Anonymi,

1393 3762 1639 3803 quamquam
1663 3748 1704 3787 in
1734 3746 1902 3800 singulis
1926 3746 2053 3787 modo
2073 3747 2260 3798 Arriani,
2283 3746 2408 3787 modo
2426 3747 2620 3786 Marciani

1394 3825 1586 3851 numeros
1606 3809 1742 3850 habet.
1898 3793 1931 3826 ⁰

1450 3876 1563 3926 516,
1585 3873 1613 3912 1.
1636 3872 1704 3913 25
1730 3869 1792 3913 ὧν
1816 3869 1982 3927 δὴ]ὧν
2015 3872 2055 3912 δὲ
2081 3871 2193 3921 00(1.;
2232 3886 2313 3912 0111.
2350 3869 2538 3937 Meineke
2569 3869 2621 3909 ad

1394 3937 1631 3991 50)1111111111,
1655 3943 1748 3989 post
1769 3935 1924 3975 Φινέα
1913 3949 2094 3975 inserens
2115 3934 2285 3988 λέγουσι.
