<?xml version="1.0" encoding="UTF-8"?>
<!DOCTYPE html PUBLIC "-//W3C//DTD XHTML 1.0 Transitional//EN"
    "http://www.w3.org/TR/xhtml1/DTD/xhtml1-transitional.dtd">
<html xmlns="http://www.w3.org/1999/xhtml" xml:lang="en" lang="en">
 <head>
  <title>
</title>
<meta http-equiv="Content-Type" content="text/html;charset=utf-8" />
  <meta name='ocr-system' content='tesseract 3.04.00' />
  <meta name='ocr-capabilities' content='ocr_page ocr_carea ocr_par ocr_line ocrx_word'/>
</head>
<body>
  <div class='ocr_page' id='page_1' title='image "./geographigraeci00mueluoft_0043.png"; bbox 0 0 2756 4354; ppageno 0'>
   <div class='ocr_carea' id='block_1_1' title="bbox 890 148 1770 199">
    <p class='ocr_par' dir='ltr' id='par_1_1' title="bbox 890 148 1770 199">
     <span class='ocr_line' id='line_1_1' title="bbox 890 148 1770 199; baseline 0.007 -6"><span class='ocrx_word' id='word_1_1' title='bbox 890 148 970 193; x_wconf 90' lang='lat' dir='ltr'>DE</span> <span class='ocrx_word' id='word_1_2' title='bbox 1005 148 1271 195; x_wconf 86' lang='lat' dir='ltr'>SCYLACE</span> <span class='ocrx_word' id='word_1_3' title='bbox 1306 150 1770 199; x_wconf 84' lang='lat' dir='ltr'><strong>CARYANDENSE.</strong></span> 
     </span>
    </p>
   </div>
   <div class='ocr_carea' id='block_1_2' title="bbox 65 253 1303 1365">
    <p class='ocr_par' dir='ltr' id='par_1_2' title="bbox 65 253 1303 904">
     <span class='ocr_line' id='line_1_2' title="bbox 65 253 1301 310; baseline -0.007 -7"><span class='ocrx_word' id='word_1_4' title='bbox 65 263 131 303; x_wconf 85' lang='lat' dir='ltr'>nis</span> <span class='ocrx_word' id='word_1_5' title='bbox 163 263 463 303; x_wconf 86' lang='lat' dir='ltr'><em>adnotationes</em></span> <span class='ocrx_word' id='word_1_6' title='bbox 491 259 685 310; x_wconf 77' lang='lat' dir='ltr'><em>integras</em></span> <span class='ocrx_word' id='word_1_7' title='bbox 714 267 812 294; x_wconf 89' lang='lat' dir='ltr'>cum</span> <span class='ocrx_word' id='word_1_8' title='bbox 849 253 1070 294; x_wconf 78' lang='lat' dir='ltr'><em>Dodwelli</em></span> <span class='ocrx_word' id='word_1_9' title='bbox 1093 253 1301 295; x_wconf 83' lang='lat' dir='ltr'><em>disserta·-</em></span> 
     </span>
     <span class='ocr_line' id='line_1_3' title="bbox 69 314 1300 384; baseline -0.007 -8"><span class='ocrx_word' id='word_1_10' title='bbox 69 314 255 378; x_wconf 74' lang='lat' dir='ltr'><em>tionibus</em></span> <span class='ocrx_word' id='word_1_11' title='bbox 274 332 434 383; x_wconf 82' lang='lat' dir='ltr'><em>edidit,</em></span> <span class='ocrx_word' id='word_1_12' title='bbox 461 341 646 384; x_wconf 82' lang='lat' dir='ltr'><em>suasque</em></span> <span class='ocrx_word' id='word_1_13' title='bbox 667 335 713 368; x_wconf 89' lang='lat' dir='ltr'>et</span> <span class='ocrx_word' id='word_1_14' title='bbox 731 327 771 367; x_wconf 88' lang='lat' dir='ltr'><em>V</em></span> <span class='ocrx_word' id='word_1_15' title='bbox 772 330 966 368; x_wconf 81' lang='lat' dir='ltr'><em>ariorum</em></span> <span class='ocrx_word' id='word_1_16' title='bbox 989 326 1177 381; x_wconf 54' lang='lat' dir='ltr'><em>adjeci&amp;</em></span> <span class='ocrx_word' id='word_1_17' title='bbox 1205 335 1300 368; x_wconf 74' lang='lat' dir='ltr'><em>tex·</em></span> 
     </span>
     <span class='ocr_line' id='line_1_4' title="bbox 68 388 1298 455; baseline -0.011 -1"><span class='ocrx_word' id='word_1_18' title='bbox 68 420 155 453; x_wconf 81' lang='lat' dir='ltr'>tum</span> <span class='ocrx_word' id='word_1_19' title='bbox 193 411 335 452; x_wconf 83' lang='lat' dir='ltr'><em>denuo</em></span> <span class='ocrx_word' id='word_1_20' title='bbox 355 407 583 448; x_wconf 67' lang='lat' dir='ltr'><em>recensuit</em></span> <span class='ocrx_word' id='word_1_21' title='bbox 602 412 646 444; x_wconf 87' lang='lat' dir='ltr'>et</span> <span class='ocrx_word' id='word_1_22' title='bbox 686 388 836 444; x_wconf 70' lang='lat' dir='ltr'><em>varias</em></span> <span class='ocrx_word' id='word_1_23' title='bbox 871 402 1075 443; x_wconf 86' lang='lat' dir='ltr'><em>lectiones</em></span> <span class='ocrx_word' id='word_1_24' title='bbox 1089 401 1298 455; x_wconf 82' lang='lat' dir='ltr'><em>subjecit,-</em></span> 
     </span>
     <span class='ocr_line' id='line_1_5' title="bbox 68 474 1298 535; baseline -0.011 -7"><span class='ocrx_word' id='word_1_25' title='bbox 68 488 311 527; x_wconf 79' lang='lat' dir='ltr'><em>versionem</em></span> <span class='ocrx_word' id='word_1_26' title='bbox 334 474 522 521; x_wconf 75' lang='lat' dir='ltr'><em>latinam</em></span> <span class='ocrx_word' id='word_1_27' title='bbox 548 479 818 535; x_wconf 77' lang='lat' dir='ltr'><em>recognovit3</em></span> <span class='ocrx_word' id='word_1_28' title='bbox 848 478 1155 532; x_wconf 80' lang='lat' dir='ltr'><em>copiosissimis</em></span> <span class='ocrx_word' id='word_1_29' title='bbox 1176 475 1298 516; x_wconf 82' lang='lat' dir='ltr'><em>deni·</em></span> 
     </span>
     <span class='ocr_line' id='line_1_6' title="bbox 67 552 1303 617; baseline -0.007 -17"><span class='ocrx_word' id='word_1_30' title='bbox 67 574 150 617; x_wconf 79' lang='lat' dir='ltr'>que</span> <span class='ocrx_word' id='word_1_31' title='bbox 182 552 399 599; x_wconf 86' lang='lat' dir='ltr'><em>indicibus</em></span> <span class='ocrx_word' id='word_1_32' title='bbox 425 569 479 597; x_wconf 83' lang='lat' dir='ltr'>ac</span> <span class='ocrx_word' id='word_1_33' title='bbox 517 554 676 595; x_wconf 83' lang='lat' dir='ltr'><em>tabulis</em></span> <span class='ocrx_word' id='word_1_34' title='bbox 713 556 758 594; x_wconf 88' lang='lat' dir='ltr'>in</span> <span class='ocrx_word' id='word_1_35' title='bbox 791 566 881 593; x_wconf 80' lang='lat' dir='ltr'><em>oere</em></span> <span class='ocrx_word' id='word_1_36' title='bbox 918 553 1063 592; x_wconf 83' lang='lat' dir='ltr'><em>incisis</em></span> <span class='ocrx_word' id='word_1_37' title='bbox 1094 553 1303 592; x_wconf 76' lang='lat' dir='ltr'><em>instruxit</em></span> 
     </span>
     <span class='ocr_line' id='line_1_7' title="bbox 66 629 1303 678; baseline -0.007 -1"><span class='ocrx_word' id='word_1_38' title='bbox 66 638 310 678; x_wconf 81' lang='lat' dir='ltr'><em>Joannes</em></span> <span class='ocrx_word' id='word_1_39' title='bbox 346 633 627 675; x_wconf 85' lang='lat' dir='ltr'><em>Francisc</em></span> <span class='ocrx_word' id='word_1_40' title='bbox 640 645 695 671; x_wconf 89' lang='lat' dir='ltr'>us</span> <span class='ocrx_word' id='word_1_41' title='bbox 721 629 866 671; x_wconf 86' lang='lat' dir='ltr'><em>Gail.</em></span> <span class='ocrx_word' id='word_1_42' title='bbox 894 629 996 670; x_wconf 88' lang='lat' dir='ltr'><em>Vol.</em></span> <span class='ocrx_word' id='word_1_43' title='bbox 1015 630 1057 673; x_wconf 87' lang='lat' dir='ltr'>I.</span> <span class='ocrx_word' id='word_1_44' title='bbox 1075 631 1303 670; x_wconf 84' lang='lat' dir='ltr'><em>continens</em></span> 
     </span>
     <span class='ocr_line' id='line_1_8' title="bbox 67 703 1300 760; baseline -0.004 -10"><span class='ocrx_word' id='word_1_45' title='bbox 67 711 354 750; x_wconf 84' lang='lat' dir='ltr'><em>Hannonis</em></span> <span class='ocrx_word' id='word_1_46' title='bbox 390 709 441 748; x_wconf 84' lang='lat' dir='ltr'>e&#39;t</span> <span class='ocrx_word' id='word_1_47' title='bbox 481 705 740 760; x_wconf 78' lang='lat' dir='ltr'><em>Seylacis</em></span> <span class='ocrx_word' id='word_1_48' title='bbox 763 704 1054 760; x_wconf 74' lang='lat' dir='ltr'><em>periploS.</em></span> <span class='ocrx_word' id='word_1_49' title='bbox 1101 703 1300 745; x_wconf 85' lang='lat' dir='ltr'><em>Parisiis.</em></span> 
     </span>
     <span class='ocr_line' id='line_1_9' title="bbox 65 780 1299 841; baseline -0.005 -16"><span class='ocrx_word' id='word_1_50' title='bbox 65 785 184 841; x_wconf 81' lang='lat' dir='ltr'><em>Rege</em></span> <span class='ocrx_word' id='word_1_51' title='bbox 205 782 573 825; x_wconf 73' lang='lat' dir='ltr'><em>Cleristianissimo</em></span> <span class='ocrx_word' id='word_1_52' title='bbox 592 780 836 833; x_wconf 61' lang='lat' dir='ltr'><em>annuente,</em></span> <span class='ocrx_word' id='word_1_53' title='bbox 863 781 975 835; x_wconf 77' lang='lat' dir='ltr'><em>typis</em></span> <span class='ocrx_word' id='word_1_54' title='bbox 991 780 1143 835; x_wconf 75' lang='lat' dir='ltr'><em>Regiis</em></span> <span class='ocrx_word' id='word_1_55' title='bbox 1161 793 1299 820; x_wconf 74' lang='lat' dir='ltr'><em>excu-</em></span> 
     </span>
     <span class='ocr_line' id='line_1_10' title="bbox 67 858 643 904; baseline -0.009 -4"><span class='ocrx_word' id='word_1_56' title='bbox 67 875 176 904; x_wconf 82' lang='lat' dir='ltr'><em>sum.</em></span> <span class='ocrx_word' id='word_1_57' title='bbox 201 858 601 902; x_wconf 82' lang='lat' dir='ltr'><em>MDCCCXXVI.</em></span> <span class='ocrx_word' id='word_1_58' title='bbox 624 875 643 895; x_wconf 73' lang='grc' dir='ltr'>υ</span> 
     </span>
    </p>

    <p class='ocr_par' dir='ltr' id='par_1_3' title="bbox 66 931 1302 1365">
     <span class='ocr_line' id='line_1_11' title="bbox 126 931 1302 992; baseline -0.003 -14"><span class='ocrx_word' id='word_1_59' title='bbox 126 931 322 983; x_wconf 84' lang='grc' dir='ltr'>Ἄννωνος</span> <span class='ocrx_word' id='word_1_60' title='bbox 338 931 575 992; x_wconf 88' lang='grc' dir='ltr'>περίπλους.</span> <span class='ocrx_word' id='word_1_61' title='bbox 597 935 829 975; x_wconf 86' lang='lat' dir='ltr'><em>Hannonis</em></span> <span class='ocrx_word' id='word_1_62' title='bbox 855 936 1096 990; x_wconf 78' lang='lat' dir='ltr'><em>navigatio.</em></span> <span class='ocrx_word' id='word_1_63' title='bbox 1119 934 1302 978; x_wconf 75' lang='lat' dir='ltr'><em>Textum</em></span> 
     </span>
     <span class='ocr_line' id='line_1_12' title="bbox 69 1009 1299 1068; baseline -0.002 -16"><span class='ocrx_word' id='word_1_64' title='bbox 69 1014 208 1060; x_wconf 73' lang='lat' dir='ltr'><em>critice</em></span> <span class='ocrx_word' id='word_1_65' title='bbox 238 1012 480 1068; x_wconf 76' lang='lat' dir='ltr'><em>recognovit</em></span> <span class='ocrx_word' id='word_1_66' title='bbox 500 1018 546 1051; x_wconf 84' lang='lat' dir='ltr'>et</span> <span class='ocrx_word' id='word_1_67' title='bbox 561 1012 846 1051; x_wconf 82' lang='lat' dir='ltr'><em>annotatione</em></span> <span class='ocrx_word' id='word_1_68' title='bbox 878 1010 1114 1051; x_wconf 78' lang='lat' dir='ltr'><em>illustravit</em></span> <span class='ocrx_word' id='word_1_69' title='bbox 1141 1010 1198 1052; x_wconf 88' lang='lat' dir='ltr'>D.</span> <span class='ocrx_word' id='word_1_70' title='bbox 1221 1009 1299 1051; x_wconf 83' lang='lat' dir='ltr'>Fr.</span> 
     </span>
     <span class='ocr_line' id='line_1_13' title="bbox 69 1083 1296 1141; baseline -0.001 -13"><span class='ocrx_word' id='word_1_71' title='bbox 69 1087 182 1129; x_wconf 88' lang='lat' dir='ltr'><em>Guil.</em></span> <span class='ocrx_word' id='word_1_72' title='bbox 208 1086 365 1141; x_wconf 74' lang='lat' dir='ltr'><em>Kluge.</em></span> <span class='ocrx_word' id='word_1_73' title='bbox 402 1086 584 1141; x_wconf 83' lang='lat' dir='ltr'><em>Lipsioe,</em></span> <span class='ocrx_word' id='word_1_74' title='bbox 622 1084 832 1125; x_wconf 80' lang='lat' dir='ltr'><em>sumtibus</em></span> <span class='ocrx_word' id='word_1_75' title='bbox 853 1084 1074 1125; x_wconf 85' lang='lat' dir='ltr'><em>Guilielmi</em></span> <span class='ocrx_word' id='word_1_76' title='bbox 1092 1083 1296 1127; x_wconf 69' lang='lat' dir='ltr'><em>Nauckii.</em></span> 
     </span>
     <span class='ocr_line' id='line_1_14' title="bbox 71 1156 1298 1217; baseline -0.002 -15"><span class='ocrx_word' id='word_1_77' title='bbox 71 1161 206 1217; x_wconf 82' lang='lat'><em>1829.</em></span> <span class='ocrx_word' id='word_1_78' title='bbox 254 1184 317 1191; x_wconf 81' lang='lat'><em>-</em></span> <span class='ocrx_word' id='word_1_79' title='bbox 358 1157 492 1202; x_wconf 89' lang='lat' dir='ltr'><em>Mitto</em></span> <span class='ocrx_word' id='word_1_80' title='bbox 537 1157 773 1201; x_wconf 81' lang='lat' dir='ltr'>versiones</span> <span class='ocrx_word' id='word_1_81' title='bbox 826 1158 1096 1204; x_wconf 10' lang='lat' dir='ltr'><em>brevissimi,</em></span> <span class='ocrx_word' id='word_1_82' title='bbox 1152 1156 1298 1200; x_wconf 89' lang='lat' dir='ltr'><em>nostri</em></span> 
     </span>
     <span class='ocr_line' id='line_1_15' title="bbox 68 1230 1301 1293; baseline -0.002 -15"><span class='ocrx_word' id='word_1_83' title='bbox 68 1233 294 1293; x_wconf 84' lang='lat' dir='ltr'><em>opusculi,</em></span> <span class='ocrx_word' id='word_1_84' title='bbox 315 1246 416 1291; x_wconf 87' lang='lat' dir='ltr'>quae</span> <span class='ocrx_word' id='word_1_85' title='bbox 428 1232 478 1275; x_wconf 93' lang='lat' dir='ltr'>in</span> <span class='ocrx_word' id='word_1_86' title='bbox 494 1231 801 1275; x_wconf 86' lang='lat' dir='ltr'><em>recentiorum</em></span> <span class='ocrx_word' id='word_1_87' title='bbox 825 1230 959 1275; x_wconf 86' lang='lat' dir='ltr'><em>libris</em></span> <span class='ocrx_word' id='word_1_88' title='bbox 983 1231 1301 1291; x_wconf 81' lang='lat' dir='ltr'><em>geographicis</em></span> 
     </span>
     <span class='ocr_line' id='line_1_16' title="bbox 66 1307 809 1365; baseline -0.001 -12"><span class='ocrx_word' id='word_1_89' title='bbox 66 1310 137 1354; x_wconf 86' lang='lat' dir='ltr'><em>vel</em></span> <span class='ocrx_word' id='word_1_90' title='bbox 165 1308 397 1353; x_wconf 86' lang='lat' dir='ltr'><em>historicis</em></span> <span class='ocrx_word' id='word_1_91' title='bbox 418 1307 589 1365; x_wconf 88' lang='lat' dir='ltr'><em>passim</em></span> <span class='ocrx_word' id='word_1_92' title='bbox 618 1314 809 1352; x_wconf 77' lang='lat' dir='ltr'><em>exstant.</em></span> 
     </span>
    </p>
   </div>
   <div class='ocr_carea' id='block_1_3' title="bbox 639 1431 736 1442">
    <p class='ocr_par' dir='ltr' id='par_1_4' title="bbox 639 1431 736 1442">
     <span class='ocr_line' id='line_1_17' title="bbox 639 1431 736 1442; baseline 0 0"><span class='ocrx_word' id='word_1_93' title='bbox 639 1431 736 1442; x_wconf 71' lang='grc' dir='ltr'>-ο</span> 
     </span>
    </p>
   </div>
   <div class='ocr_carea' id='block_1_4' title="bbox 313 1489 1038 1538">
    <p class='ocr_par' dir='ltr' id='par_1_5' title="bbox 313 1489 1038 1538">
     <span class='ocr_line' id='line_1_18' title="bbox 313 1489 1038 1538; baseline 0.004 -3"><span class='ocrx_word' id='word_1_94' title='bbox 313 1489 538 1535; x_wconf 84' lang='lat' dir='ltr'><strong>SCYLAX</strong></span> <span class='ocrx_word' id='word_1_95' title='bbox 573 1489 1038 1538; x_wconf 80' lang='lat' dir='ltr'><strong>CARYANDENSIS.</strong></span> 
     </span>
    </p>
   </div>
   <div class='ocr_carea' id='block_1_5' title="bbox 65 1592 1308 2768">
    <p class='ocr_par' dir='ltr' id='par_1_6' title="bbox 65 1592 1308 2692">
     <span class='ocr_line' id='line_1_19' title="bbox 130 1592 1303 1653; baseline -0.001 -14"><span class='ocrx_word' id='word_1_96' title='bbox 130 1597 205 1647; x_wconf 87' lang='lat'>46.</span> <span class='ocrx_word' id='word_1_97' title='bbox 226 1594 412 1639; x_wconf 81' lang='lat' dir='ltr'><em>AEtatem</em></span> <span class='ocrx_word' id='word_1_98' title='bbox 430 1609 521 1653; x_wconf 90' lang='lat' dir='ltr'>qua</span> <span class='ocrx_word' id='word_1_99' title='bbox 531 1593 757 1653; x_wconf 88' lang='lat' dir='ltr'><em>periplus,</em></span> <span class='ocrx_word' id='word_1_100' title='bbox 777 1593 851 1638; x_wconf 91' lang='lat' dir='ltr'>cui</span> <span class='ocrx_word' id='word_1_101' title='bbox 867 1592 1069 1652; x_wconf 85' lang='lat' dir='ltr'><em>Scylacis</em></span> <span class='ocrx_word' id='word_1_102' title='bbox 1089 1593 1303 1653; x_wconf 81' lang='lat' dir='ltr'><em>Caryan-</em></span> 
     </span>
     <span class='ocr_line' id='line_1_20' title="bbox 67 1668 1303 1729; baseline -0.002 -14"><span class='ocrx_word' id='word_1_103' title='bbox 67 1670 219 1715; x_wconf 82' lang='lat' dir='ltr'><em>densis</em></span> <span class='ocrx_word' id='word_1_104' title='bbox 235 1684 402 1714; x_wconf 86' lang='lat' dir='ltr'><em>nomen</em></span> <span class='ocrx_word' id='word_1_105' title='bbox 425 1668 700 1729; x_wconf 79' lang='lat' dir='ltr'><em>praefigitur,</em></span> <span class='ocrx_word' id='word_1_106' title='bbox 727 1669 1002 1729; x_wconf 89' lang='lat' dir='ltr'><em>compositus</em></span> <span class='ocrx_word' id='word_1_107' title='bbox 1024 1668 1101 1724; x_wconf 84' lang='lat' dir='ltr'><em>sit,</em></span> <span class='ocrx_word' id='word_1_108' title='bbox 1127 1684 1303 1729; x_wconf 87' lang='lat' dir='ltr'><em>peran—</em></span> 
     </span>
     <span class='ocr_line' id='line_1_21' title="bbox 65 1742 1303 1804; baseline 0 -15"><span class='ocrx_word' id='word_1_109' title='bbox 65 1746 205 1804; x_wconf 81' lang='lat' dir='ltr'><em>gustis</em></span> <span class='ocrx_word' id='word_1_110' title='bbox 223 1743 446 1788; x_wconf 90' lang='lat' dir='ltr'><em>limitibus</em></span> <span class='ocrx_word' id='word_1_111' title='bbox 466 1742 842 1788; x_wconf 88' lang='lat' dir='ltr'><em>circumscribere</em></span> <span class='ocrx_word' id='word_1_112' title='bbox 859 1743 967 1788; x_wconf 87' lang='lat' dir='ltr'><em>licet</em></span> <span class='ocrx_word' id='word_1_113' title='bbox 982 1760 995 1799; x_wconf 91' lang='lat'>;</span> <span class='ocrx_word' id='word_1_114' title='bbox 1012 1752 1056 1787; x_wconf 87' lang='lat' dir='ltr'>at</span> <span class='ocrx_word' id='word_1_115' title='bbox 1070 1755 1303 1803; x_wconf 87' lang='lat' dir='ltr'><em>nequeunt</em></span> 
     </span>
     <span class='ocr_line' id='line_1_22' title="bbox 65 1817 1302 1878; baseline 0 -14"><span class='ocrx_word' id='word_1_116' title='bbox 65 1834 166 1864; x_wconf 90' lang='lat' dir='ltr'>cum</span> <span class='ocrx_word' id='word_1_117' title='bbox 192 1833 244 1863; x_wconf 87' lang='lat' dir='ltr'>ea</span> <span class='ocrx_word' id='word_1_118' title='bbox 265 1818 502 1863; x_wconf 85' lang='lat' dir='ltr'><em>conciliari</em></span> <span class='ocrx_word' id='word_1_119' title='bbox 523 1834 623 1878; x_wconf 88' lang='lat' dir='ltr'>quae</span> <span class='ocrx_word' id='word_1_120' title='bbox 653 1818 708 1863; x_wconf 92' lang='lat' dir='ltr'><em>de</em></span> <span class='ocrx_word' id='word_1_121' title='bbox 739 1818 941 1878; x_wconf 86' lang='lat' dir='ltr'><em>Scylacis</em></span> <span class='ocrx_word' id='word_1_122' title='bbox 964 1818 1036 1863; x_wconf 86' lang='lat' dir='ltr'><em>vel</em></span> <span class='ocrx_word' id='word_1_123' title='bbox 1062 1817 1302 1878; x_wconf 86' lang='lat' dir='ltr'><em>Scylacum</em></span> 
     </span>
     <span class='ocr_line' id='line_1_23' title="bbox 66 1893 1299 1955; baseline -0.001 -16"><span class='ocrx_word' id='word_1_124' title='bbox 66 1893 348 1955; x_wconf 87' lang='lat' dir='ltr'><em>temporibus</em></span> <span class='ocrx_word' id='word_1_125' title='bbox 359 1894 580 1939; x_wconf 89' lang='lat' dir='ltr'><em>habemus</em></span> <span class='ocrx_word' id='word_1_126' title='bbox 591 1905 839 1955; x_wconf 86' lang='lat' dir='ltr'><em>comperta.</em></span> <span class='ocrx_word' id='word_1_127' title='bbox 855 1895 1016 1955; x_wconf 87' lang='lat' dir='ltr'><em>Itaque</em></span> <span class='ocrx_word' id='word_1_128' title='bbox 1028 1896 1299 1955; x_wconf 88' lang='lat' dir='ltr'><em>opuseulum</em></span> 
     </span>
     <span class='ocr_line' id='line_1_24' title="bbox 65 1970 1303 2029; baseline 0.001 -15"><span class='ocrx_word' id='word_1_129' title='bbox 65 1980 266 2015; x_wconf 87' lang='lat' dir='ltr'><em>nostrum</em></span> <span class='ocrx_word' id='word_1_130' title='bbox 295 1979 373 2015; x_wconf 89' lang='lat' dir='ltr'>aut</span> <span class='ocrx_word' id='word_1_131' title='bbox 409 1986 502 2015; x_wconf 91' lang='lat' dir='ltr'>non</span> <span class='ocrx_word' id='word_1_132' title='bbox 529 1970 626 2014; x_wconf 88' lang='lat' dir='ltr'><em>noti</em></span> <span class='ocrx_word' id='word_1_133' title='bbox 660 1970 846 2015; x_wconf 87' lang='lat' dir='ltr'><em>aliunde</em></span> <span class='ocrx_word' id='word_1_134' title='bbox 879 1970 1082 2029; x_wconf 86' lang='lat' dir='ltr'><em>Scylacis</em></span> <span class='ocrx_word' id='word_1_135' title='bbox 1113 1980 1196 2028; x_wconf 83' lang='lat' dir='ltr'><em>est,</em></span> <span class='ocrx_word' id='word_1_136' title='bbox 1227 1981 1303 2015; x_wconf 85' lang='lat' dir='ltr'>aut</span> 
     </span>
     <span class='ocr_line' id='line_1_25' title="bbox 65 2042 1301 2108; baseline 0.002 -19"><span class='ocrx_word' id='word_1_137' title='bbox 65 2042 404 2108; x_wconf 76' lang='grc' dir='ltr'>ψευδεπίγραφον.</span> <span class='ocrx_word' id='word_1_138' title='bbox 429 2044 552 2090; x_wconf 92' lang='lat' dir='ltr'><em>Illud</em></span> <span class='ocrx_word' id='word_1_139' title='bbox 585 2045 759 2106; x_wconf 86' lang='lat' dir='ltr'><em>placuit</em></span> <span class='ocrx_word' id='word_1_140' title='bbox 790 2045 1057 2102; x_wconf 88' lang='lat' dir='ltr'><em>nonnullis;</em></span> <span class='ocrx_word' id='word_1_141' title='bbox 1078 2045 1301 2091; x_wconf 84' lang='lat' dir='ltr'><em>hoc-veri-</em></span> 
     </span>
     <span class='ocr_line' id='line_1_26' title="bbox 66 2121 1301 2182; baseline 0 -16"><span class='ocrx_word' id='word_1_142' title='bbox 66 2121 273 2166; x_wconf 37' lang='lat' dir='ltr'><em>similius&lt;</em></span> <span class='ocrx_word' id='word_1_143' title='bbox 291 2132 371 2177; x_wconf 88' lang='lat' dir='ltr'><em>est,</em></span> <span class='ocrx_word' id='word_1_144' title='bbox 410 2122 664 2182; x_wconf 84' lang='lat' dir='ltr'><em>praesertim</em></span> <span class='ocrx_word' id='word_1_145' title='bbox 693 2138 834 2182; x_wconf 89' lang='lat' dir='ltr'><em>quum</em></span> <span class='ocrx_word' id='word_1_146' title='bbox 858 2137 910 2167; x_wconf 85' lang='lat' dir='ltr'>ea</span> <span class='ocrx_word' id='word_1_147' title='bbox 943 2122 1003 2167; x_wconf 86' lang='lat' dir='ltr'>sit</span> <span class='ocrx_word' id='word_1_148' title='bbox 1035 2121 1301 2167; x_wconf 88' lang='lat' dir='ltr'><em>libellorum</em></span> 
     </span>
     <span class='ocr_line' id='line_1_27' title="bbox 66 2198 1300 2258; baseline 0.002 -17"><span class='ocrx_word' id='word_1_149' title='bbox 66 2198 474 2258; x_wconf 83' lang='lat' dir='ltr'><em>geographicorum</em></span> <span class='ocrx_word' id='word_1_150' title='bbox 509 2198 712 2253; x_wconf 84' lang='lat' dir='ltr'><em>indoles,</em></span> <span class='ocrx_word' id='word_1_151' title='bbox 735 2208 786 2242; x_wconf 91' lang='lat' dir='ltr'>ut</span> <span class='ocrx_word' id='word_1_152' title='bbox 804 2198 881 2242; x_wconf 91' lang='lat' dir='ltr'><em>alii</em></span> <span class='ocrx_word' id='word_1_153' title='bbox 905 2198 1094 2243; x_wconf 90' lang='lat' dir='ltr'><em>omnino</em></span> <span class='ocrx_word' id='word_1_154' title='bbox 1125 2199 1300 2245; x_wconf 88' lang='lat' dir='ltr'><em>nullum</em></span> 
     </span>
     <span class='ocr_line' id='line_1_28' title="bbox 65 2274 1302 2333; baseline 0.001 -16"><span class='ocrx_word' id='word_1_155' title='bbox 65 2289 159 2332; x_wconf 83' lang='lat' dir='ltr'><em>prae</em></span> <span class='ocrx_word' id='word_1_156' title='bbox 187 2289 234 2318; x_wconf 87' lang='lat' dir='ltr'>se</span> <span class='ocrx_word' id='word_1_157' title='bbox 263 2274 408 2319; x_wconf 89' lang='lat' dir='ltr'><em>ferant</em></span> <span class='ocrx_word' id='word_1_158' title='bbox 431 2284 685 2333; x_wconf 79' lang='lat' dir='ltr'><em>auctorem,</em></span> <span class='ocrx_word' id='word_1_159' title='bbox 712 2274 791 2318; x_wconf 89' lang='lat' dir='ltr'><em>alii</em></span> <span class='ocrx_word' id='word_1_160' title='bbox 815 2289 924 2318; x_wconf 85' lang='lat' dir='ltr'><em>vero</em></span> <span class='ocrx_word' id='word_1_161' title='bbox 948 2275 1080 2318; x_wconf 88' lang='lat' dir='ltr'><em>claris</em></span> <span class='ocrx_word' id='word_1_162' title='bbox 1106 2275 1302 2318; x_wconf 90' lang='lat' dir='ltr'><em>nomini-</em></span> 
     </span>
     <span class='ocr_line' id='line_1_29' title="bbox 65 2347 1302 2409; baseline 0.002 -19"><span class='ocrx_word' id='word_1_163' title='bbox 65 2347 152 2391; x_wconf 90' lang='lat' dir='ltr'>bus</span> <span class='ocrx_word' id='word_1_164' title='bbox 176 2358 344 2392; x_wconf 88' lang='lat' dir='ltr'><em>temere</em></span> <span class='ocrx_word' id='word_1_165' title='bbox 367 2349 657 2406; x_wconf 85' lang='lat' dir='ltr'><em>affingantur.</em></span> <span class='ocrx_word' id='word_1_166' title='bbox 672 2348 960 2408; x_wconf 87' lang='lat' dir='ltr'><em>—Jamquae</em></span> <span class='ocrx_word' id='word_1_167' title='bbox 983 2351 1143 2409; x_wconf 89' lang='lat' dir='ltr'><em>paucis</em></span> <span class='ocrx_word' id='word_1_168' title='bbox 1166 2351 1302 2394; x_wconf 93' lang='lat' dir='ltr'><em>modo</em></span> 
     </span>
     <span class='ocr_line' id='line_1_30' title="bbox 67 2423 1303 2484; baseline 0.002 -18"><span class='ocrx_word' id='word_1_169' title='bbox 67 2423 268 2468; x_wconf 86' lang='lat' dir='ltr'><em>diximus</em></span> <span class='ocrx_word' id='word_1_170' title='bbox 283 2423 428 2468; x_wconf 87' lang='lat' dir='ltr'><em>fusius</em></span> <span class='ocrx_word' id='word_1_171' title='bbox 446 2424 715 2483; x_wconf 87' lang='lat' dir='ltr'><em>exposituri,</em></span> <span class='ocrx_word' id='word_1_172' title='bbox 729 2424 930 2483; x_wconf 89' lang='lat' dir='ltr'><em>primum</em></span> <span class='ocrx_word' id='word_1_173' title='bbox 946 2425 1183 2468; x_wconf 86' lang='lat' dir='ltr'><em>videamus</em></span> <span class='ocrx_word' id='word_1_174' title='bbox 1202 2441 1303 2484; x_wconf 87' lang='lat' dir='ltr'>quae</span> 
     </span>
     <span class='ocr_line' id='line_1_31' title="bbox 67 2497 1308 2558; baseline 0.002 -18"><span class='ocrx_word' id='word_1_175' title='bbox 67 2497 123 2541; x_wconf 89' lang='lat' dir='ltr'><em>de</em></span> <span class='ocrx_word' id='word_1_176' title='bbox 161 2498 302 2542; x_wconf 88' lang='lat' dir='ltr'><em>variis</em></span> <span class='ocrx_word' id='word_1_177' title='bbox 352 2497 620 2557; x_wconf 87' lang='lat' dir='ltr'><em>Scylacibus</em></span> <span class='ocrx_word' id='word_1_178' title='bbox 661 2498 784 2558; x_wconf 90' lang='lat' dir='ltr'><em>apud</em></span> <span class='ocrx_word' id='word_1_179' title='bbox 819 2508 993 2543; x_wconf 85' lang='lat' dir='ltr'><em>veteres</em></span> <span class='ocrx_word' id='word_1_180' title='bbox 1044 2499 1308 2543; x_wconf 89' lang='lat' dir='ltr'><em>testimonia</em></span> 
     </span>
     <span class='ocr_line' id='line_1_32' title="bbox 67 2572 1306 2633; baseline 0.002 -17"><span class='ocrx_word' id='word_1_181' title='bbox 67 2582 261 2632; x_wconf 72' lang='lat' dir='ltr'><em>exstent,</em></span> <span class='ocrx_word' id='word_1_182' title='bbox 286 2572 450 2617; x_wconf 88' lang='lat' dir='ltr'><em>deinde</em></span> <span class='ocrx_word' id='word_1_183' title='bbox 477 2573 525 2617; x_wconf 91' lang='lat' dir='ltr'>in</span> <span class='ocrx_word' id='word_1_184' title='bbox 556 2573 724 2633; x_wconf 88' lang='lat' dir='ltr'><em>peripli</em></span> <span class='ocrx_word' id='word_1_185' title='bbox 749 2573 889 2618; x_wconf 89' lang='lat' dir='ltr'><em>nostri</em></span> <span class='ocrx_word' id='word_1_186' title='bbox 914 2573 1112 2618; x_wconf 87' lang='lat' dir='ltr'><em>rationes</em></span> <span class='ocrx_word' id='word_1_187' title='bbox 1145 2575 1306 2633; x_wconf 88' lang='lat' dir='ltr'><em>anqui-</em></span> 
     </span>
     <span class='ocr_line' id='line_1_33' title="bbox 69 2663 237 2692; baseline 0.006 -1"><span class='ocrx_word' id='word_1_188' title='bbox 69 2663 237 2692; x_wconf 86' lang='lat' dir='ltr'><em>ramus.</em></span> 
     </span>
    </p>

    <p class='ocr_par' dir='ltr' id='par_1_7' title="bbox 536 2718 834 2768">
     <span class='ocr_line' id='line_1_34' title="bbox 536 2718 834 2768; baseline -0.007 0"><span class='ocrx_word' id='word_1_189' title='bbox 536 2718 834 2768; x_wconf 63' lang='lat' dir='ltr'><em>TEsnM&#39;oNn.</em></span> 
     </span>
    </p>
   </div>
   <div class='ocr_carea' id='block_1_6' title="bbox 72 2831 1313 3707">
    <p class='ocr_par' dir='ltr' id='par_1_8' title="bbox 72 2831 1313 3707">
     <span class='ocr_line' id='line_1_35' title="bbox 138 2831 1308 2892; baseline -0.003 -14"><span class='ocrx_word' id='word_1_190' title='bbox 138 2851 176 2880; x_wconf 89' lang='lat'>1.</span> <span class='ocrx_word' id='word_1_191' title='bbox 210 2833 467 2879; x_wconf 87' lang='lat' dir='ltr'><em>Herodotus</em></span> <span class='ocrx_word' id='word_1_192' title='bbox 487 2832 564 2888; x_wconf 86' lang='lat' dir='ltr'>lv,</span> <span class='ocrx_word' id='word_1_193' title='bbox 594 2839 670 2887; x_wconf 86' lang='lat'>44,</span> <span class='ocrx_word' id='word_1_194' title='bbox 696 2842 938 2892; x_wconf 88' lang='lat' dir='ltr'><em>postquam</em></span> <span class='ocrx_word' id='word_1_195' title='bbox 964 2832 1018 2876; x_wconf 91' lang='lat' dir='ltr'><em>de</em></span> <span class='ocrx_word' id='word_1_196' title='bbox 1039 2831 1199 2892; x_wconf 84' lang='lat' dir='ltr'><em>Libyae</em></span> <span class='ocrx_word' id='word_1_197' title='bbox 1218 2832 1308 2876; x_wconf 87' lang='lat' dir='ltr'><em>cir-</em></span> 
     </span>
     <span class='ocr_line' id='line_1_36' title="bbox 72 2907 1309 2969; baseline -0.002 -14"><span class='ocrx_word' id='word_1_198' title='bbox 72 2910 468 2969; x_wconf 76' lang='lat' dir='ltr'><em>cuinnavigatione</em></span> <span class='ocrx_word' id='word_1_199' title='bbox 506 2909 703 2954; x_wconf 89' lang='lat' dir='ltr'><em>Neconis</em></span> <span class='ocrx_word' id='word_1_200' title='bbox 732 2909 853 2968; x_wconf 84' lang='lat' dir='ltr'><em>regis</em></span> <span class='ocrx_word' id='word_1_201' title='bbox 890 2907 1024 2968; x_wconf 88' lang='lat' dir='ltr'><em>jussu</em></span> <span class='ocrx_word' id='word_1_202' title='bbox 1062 2924 1087 2952; x_wconf 89' lang='lat' dir='ltr'><em>a</em></span> <span class='ocrx_word' id='word_1_203' title='bbox 1123 2909 1309 2953; x_wconf 83' lang='lat' dir='ltr'><em>Phoeni-</em></span> 
     </span>
     <span class='ocr_line' id='line_1_37' title="bbox 74 2971 1310 3044; baseline -0.003 -13"><span class='ocrx_word' id='word_1_204' title='bbox 74 2971 203 3032; x_wconf 89' lang='lat' dir='ltr'><em>cibus</em></span> <span class='ocrx_word' id='word_1_205' title='bbox 226 2986 450 3041; x_wconf 87' lang='lat' dir='ltr'><em>instituta,</em></span> <span class='ocrx_word' id='word_1_206' title='bbox 490 2985 654 3030; x_wconf 87' lang='lat' dir='ltr'><em>deinde</em></span> <span class='ocrx_word' id='word_1_207' title='bbox 690 3000 800 3029; x_wconf 83' lang='lat' dir='ltr'><em>vero</em></span> <span class='ocrx_word' id='word_1_208' title='bbox 834 2984 890 3028; x_wconf 92' lang='lat' dir='ltr'><em>de</em></span> <span class='ocrx_word' id='word_1_209' title='bbox 927 2984 1070 3028; x_wconf 90' lang='lat' dir='ltr'><em>simili</em></span> <span class='ocrx_word' id='word_1_210' title='bbox 1109 2984 1310 3044; x_wconf 87' lang='lat' dir='ltr'><em>Sataspis</em></span> 
     </span>
     <span class='ocr_line' id='line_1_38' title="bbox 72 3057 1312 3120; baseline -0.003 -14"><span class='ocrx_word' id='word_1_211' title='bbox 72 3061 221 3106; x_wconf 84' lang='lat' dir='ltr'><em>Persae</em></span> <span class='ocrx_word' id='word_1_212' title='bbox 246 3070 412 3106; x_wconf 86' lang='lat' dir='ltr'><em>conatu</em></span> <span class='ocrx_word' id='word_1_213' title='bbox 441 3059 578 3118; x_wconf 84' lang='lat' dir='ltr'><em>dixit,</em></span> <span class='ocrx_word' id='word_1_214' title='bbox 613 3059 803 3120; x_wconf 89' lang='lat' dir='ltr'><em>subjicit</em></span> <span class='ocrx_word' id='word_1_215' title='bbox 835 3059 929 3103; x_wconf 86' lang='lat' dir='ltr'>haec</span> <span class='ocrx_word' id='word_1_216' title='bbox 958 3060 1077 3113; x_wconf 74' lang='grc' dir='ltr'>εΤῆς</span> <span class='ocrx_word' id='word_1_217' title='bbox 1115 3057 1156 3102; x_wconf 86' lang='grc' dir='ltr'>δὲ</span> <span class='ocrx_word' id='word_1_218' title='bbox 1178 3058 1312 3114; x_wconf 79' lang='grc' dir='ltr'>Ἀσίης</span> 
     </span>
     <span class='ocr_line' id='line_1_39' title="bbox 74 3134 1309 3198; baseline -0.003 -16"><span class='ocrx_word' id='word_1_219' title='bbox 74 3136 125 3182; x_wconf 81' lang='grc' dir='ltr'>τὰ</span> <span class='ocrx_word' id='word_1_220' title='bbox 144 3136 277 3182; x_wconf 83' lang='grc' dir='ltr'>πολλὰ</span> <span class='ocrx_word' id='word_1_221' title='bbox 303 3135 381 3181; x_wconf 77' lang='grc' dir='ltr'>ὑπὸ</span> <span class='ocrx_word' id='word_1_222' title='bbox 401 3134 577 3198; x_wconf 82' lang='grc' dir='ltr'>Δαρείου</span> <span class='ocrx_word' id='word_1_223' title='bbox 604 3134 791 3197; x_wconf 77' lang='grc' dir='ltr'>ἐξευρέθη</span> <span class='ocrx_word' id='word_1_224' title='bbox 809 3170 820 3190; x_wconf 90' lang='grc'>,</span> <span class='ocrx_word' id='word_1_225' title='bbox 847 3134 888 3186; x_wconf 79' lang='grc' dir='ltr'>ὃς</span> <span class='ocrx_word' id='word_1_226' title='bbox 919 3134 1163 3195; x_wconf 88' lang='grc' dir='ltr'>βουλόμενος</span> <span class='ocrx_word' id='word_1_227' title='bbox 1182 3134 1309 3179; x_wconf 85' lang='grc' dir='ltr'>Ἰνδὸν</span> 
     </span>
     <span class='ocr_line' id='line_1_40' title="bbox 73 3202 1308 3275; baseline -0.003 -18"><span class='ocrx_word' id='word_1_228' title='bbox 73 3210 272 3272; x_wconf 81' lang='grc' dir='ltr'>ποταμὸν,</span> <span class='ocrx_word' id='word_1_229' title='bbox 289 3210 329 3263; x_wconf 81' lang='grc' dir='ltr'>ὃς</span> <span class='ocrx_word' id='word_1_230' title='bbox 352 3209 630 3275; x_wconf 84' lang='grc' dir='ltr'>κροκοδείλους</span> <span class='ocrx_word' id='word_1_231' title='bbox 649 3209 831 3272; x_wconf 88' lang='grc' dir='ltr'>δεύτερος</span> <span class='ocrx_word' id='word_1_232' title='bbox 848 3202 961 3260; x_wconf 61' lang='grc' dir='ltr'>οἶτος</span> <span class='ocrx_word' id='word_1_233' title='bbox 976 3212 1172 3269; x_wconf 79' lang='grc' dir='ltr'>ποταμῶν</span> <span class='ocrx_word' id='word_1_234' title='bbox 1193 3210 1308 3253; x_wconf 84' lang='grc' dir='ltr'>πάν-</span> 
     </span>
     <span class='ocr_line' id='line_1_41' title="bbox 75 3285 1312 3351; baseline -0.002 -18"><span class='ocrx_word' id='word_1_235' title='bbox 75 3307 154 3333; x_wconf 90' lang='grc' dir='ltr'>των</span> <span class='ocrx_word' id='word_1_236' title='bbox 175 3287 425 3351; x_wconf 86' lang='grc' dir='ltr'>παρέχεται,</span> <span class='ocrx_word' id='word_1_237' title='bbox 456 3292 597 3333; x_wconf 73' lang='grc' dir='ltr'>τοῦτον</span> <span class='ocrx_word' id='word_1_238' title='bbox 621 3286 687 3331; x_wconf 81' lang='grc' dir='ltr'>τὸν</span> <span class='ocrx_word' id='word_1_239' title='bbox 719 3285 905 3347; x_wconf 81' lang='grc' dir='ltr'>ποταμὸν</span> <span class='ocrx_word' id='word_1_240' title='bbox 932 3285 1081 3331; x_wconf 84' lang='grc' dir='ltr'>εἰδέναι</span> <span class='ocrx_word' id='word_1_241' title='bbox 1098 3290 1148 3348; x_wconf 80' lang='grc' dir='ltr'>τῇ</span> <span class='ocrx_word' id='word_1_242' title='bbox 1178 3288 1215 3337; x_wconf 88' lang='grc' dir='ltr'>ἐς</span> <span class='ocrx_word' id='word_1_243' title='bbox 1237 3286 1312 3330; x_wconf 86' lang='grc' dir='ltr'>θά-</span> 
     </span>
     <span class='ocr_line' id='line_1_42' title="bbox 76 3360 1311 3422; baseline -0.002 -16"><span class='ocrx_word' id='word_1_244' title='bbox 76 3364 235 3407; x_wconf 89' lang='grc' dir='ltr'>λασσαν</span> <span class='ocrx_word' id='word_1_245' title='bbox 259 3363 428 3419; x_wconf 80' lang='grc' dir='ltr'>ἐκδιδοῖ,</span> <span class='ocrx_word' id='word_1_246' title='bbox 453 3362 610 3422; x_wconf 84' lang='grc' dir='ltr'>πέμπει</span> <span class='ocrx_word' id='word_1_247' title='bbox 632 3361 810 3407; x_wconf 87' lang='grc' dir='ltr'>πλοίοισι</span> <span class='ocrx_word' id='word_1_248' title='bbox 835 3361 982 3414; x_wconf 85' lang='grc' dir='ltr'>ἄλλους</span> <span class='ocrx_word' id='word_1_249' title='bbox 1004 3379 1048 3406; x_wconf 88' lang='grc' dir='ltr'>τε</span> <span class='ocrx_word' id='word_1_250' title='bbox 1084 3361 1189 3406; x_wconf 77' lang='grc' dir='ltr'>τοῖσι</span> <span class='ocrx_word' id='word_1_251' title='bbox 1222 3360 1311 3404; x_wconf 64' lang='grc' dir='ltr'>ἐπί&lt;</span> 
     </span>
     <span class='ocr_line' id='line_1_43' title="bbox 80 3431 1312 3502; baseline -0.002 -19"><span class='ocrx_word' id='word_1_252' title='bbox 80 3431 196 3483; x_wconf 79' lang='grc' dir='ltr'>στευε</span> <span class='ocrx_word' id='word_1_253' title='bbox 218 3437 289 3492; x_wconf 85' lang='grc' dir='ltr'>τὴν</span> <span class='ocrx_word' id='word_1_254' title='bbox 314 3438 504 3495; x_wconf 80' lang='grc' dir='ltr'>ἀλήθειαν</span> <span class='ocrx_word' id='word_1_255' title='bbox 529 3437 669 3502; x_wconf 90' lang='grc' dir='ltr'>ἐρέειν,</span> <span class='ocrx_word' id='word_1_256' title='bbox 694 3439 764 3483; x_wconf 83' lang='grc' dir='ltr'>καὶ</span> <span class='ocrx_word' id='word_1_257' title='bbox 789 3437 838 3494; x_wconf 78' lang='grc' dir='ltr'>δὴ</span> <span class='ocrx_word' id='word_1_258' title='bbox 869 3437 939 3483; x_wconf 78' lang='grc' dir='ltr'>καὶ</span> <span class='ocrx_word' id='word_1_259' title='bbox 959 3437 1161 3484; x_wconf 84' lang='grc' dir='ltr'>Σκύλακα</span> <span class='ocrx_word' id='word_1_260' title='bbox 1184 3436 1312 3498; x_wconf 86' lang='grc' dir='ltr'>ἄνδρα</span> 
     </span>
     <span class='ocr_line' id='line_1_44' title="bbox 81 3511 1313 3576; baseline -0.002 -18"><span class='ocrx_word' id='word_1_261' title='bbox 81 3511 342 3574; x_wconf 82' lang='grc' dir='ltr'>Καρυανδέα.</span> <span class='ocrx_word' id='word_1_262' title='bbox 364 3515 417 3559; x_wconf 84' lang='grc' dir='ltr'>Οἱ</span> <span class='ocrx_word' id='word_1_263' title='bbox 434 3513 476 3558; x_wconf 80' lang='grc' dir='ltr'>δὲ</span> <span class='ocrx_word' id='word_1_264' title='bbox 492 3513 732 3576; x_wconf 82' lang='grc' dir='ltr'>ὁρμηθέντες</span> <span class='ocrx_word' id='word_1_265' title='bbox 749 3515 795 3557; x_wconf 87' lang='grc' dir='ltr'>ἐκ</span> <span class='ocrx_word' id='word_1_266' title='bbox 815 3511 1094 3574; x_wconf 80' lang='grc' dir='ltr'>Κασπατύρου</span> <span class='ocrx_word' id='word_1_267' title='bbox 1114 3530 1158 3557; x_wconf 93' lang='grc' dir='ltr'>τε</span> <span class='ocrx_word' id='word_1_268' title='bbox 1174 3511 1313 3562; x_wconf 87' lang='grc' dir='ltr'>πόλιος</span> 
     </span>
     <span class='ocr_line' id='line_1_45' title="bbox 82 3586 1313 3649; baseline -0.001 -17"><span class='ocrx_word' id='word_1_269' title='bbox 82 3586 152 3632; x_wconf 80' lang='grc' dir='ltr'>καὶ</span> <span class='ocrx_word' id='word_1_270' title='bbox 175 3590 247 3641; x_wconf 71' lang='grc' dir='ltr'>τῆς</span> <span class='ocrx_word' id='word_1_271' title='bbox 274 3588 513 3642; x_wconf 68' lang='grc' dir='ltr'>Πακτυϊκῆς</span> <span class='ocrx_word' id='word_1_272' title='bbox 533 3591 606 3646; x_wconf 75' lang='grc' dir='ltr'>γῆς</span> <span class='ocrx_word' id='word_1_273' title='bbox 627 3587 783 3642; x_wconf 80' lang='grc' dir='ltr'>ἔπλωον</span> <span class='ocrx_word' id='word_1_274' title='bbox 800 3588 908 3633; x_wconf 83' lang='grc' dir='ltr'>κατὰ</span> <span class='ocrx_word' id='word_1_275' title='bbox 922 3587 1108 3646; x_wconf 81' lang='grc' dir='ltr'>ποταμὸν</span> <span class='ocrx_word' id='word_1_276' title='bbox 1129 3587 1228 3649; x_wconf 85' lang='grc' dir='ltr'>πρὸς</span> <span class='ocrx_word' id='word_1_277' title='bbox 1250 3589 1313 3642; x_wconf 81' lang='grc' dir='ltr'>ἠῶ</span> 
     </span>
     <span class='ocr_line' id='line_1_46' title="bbox 85 3646 1313 3707; baseline 0.001 -14"><span class='ocrx_word' id='word_1_278' title='bbox 85 3666 128 3693; x_wconf 91' lang='grc' dir='ltr'>τε</span> <span class='ocrx_word' id='word_1_279' title='bbox 153 3647 222 3693; x_wconf 82' lang='grc' dir='ltr'>καὶ</span> <span class='ocrx_word' id='word_1_280' title='bbox 246 3646 362 3703; x_wconf 83' lang='grc' dir='ltr'>ἡλίου</span> <span class='ocrx_word' id='word_1_281' title='bbox 395 3649 593 3701; x_wconf 83' lang='grc' dir='ltr'>ἀνατολὰς</span> <span class='ocrx_word' id='word_1_282' title='bbox 626 3652 665 3702; x_wconf 90' lang='grc' dir='ltr'>ἐς</span> <span class='ocrx_word' id='word_1_283' title='bbox 689 3651 917 3707; x_wconf 89' lang='grc' dir='ltr'>θάλασσαν,</span> <span class='ocrx_word' id='word_1_284' title='bbox 945 3649 1012 3694; x_wconf 85' lang='grc' dir='ltr'>διὰ</span> <span class='ocrx_word' id='word_1_285' title='bbox 1035 3650 1245 3706; x_wconf 85' lang='grc' dir='ltr'>θαλάσσης</span> <span class='ocrx_word' id='word_1_286' title='bbox 1271 3648 1313 3694; x_wconf 87' lang='grc' dir='ltr'>δὲ</span> 
     </span>
    </p>
   </div>
   <div class='ocr_carea' id='block_1_7' title="bbox 1372 187 2608 993">
    <p class='ocr_par' dir='ltr' id='par_1_9' title="bbox 1372 187 2600 766">
     <span class='ocr_line' id='line_1_47' title="bbox 2428 187 2592 222; baseline 0.037 -5"><span class='ocrx_word' id='word_1_287' title='bbox 2428 187 2592 222; x_wconf 72' lang='grc' dir='ltr'>ΧΧΧΙΙῘ</span> 
     </span>
     <span class='ocr_line' id='line_1_48' title="bbox 1372 252 2596 325; baseline 0.018 -29"><span class='ocrx_word' id='word_1_288' title='bbox 1372 252 1470 313; x_wconf 83' lang='grc' dir='ltr'>πρὸς</span> <span class='ocrx_word' id='word_1_289' title='bbox 1486 253 1662 316; x_wconf 80' lang='grc' dir='ltr'>ἑσπέρην</span> <span class='ocrx_word' id='word_1_290' title='bbox 1687 253 1889 306; x_wconf 82' lang='grc' dir='ltr'>πλώοντες</span> <span class='ocrx_word' id='word_1_291' title='bbox 1904 262 2131 320; x_wconf 81' lang='grc' dir='ltr'>τριηκοστῷ</span> <span class='ocrx_word' id='word_1_292' title='bbox 2153 263 2251 319; x_wconf 79' lang='grc' dir='ltr'>μηνὶ</span> <span class='ocrx_word' id='word_1_293' title='bbox 2276 266 2534 316; x_wconf 80' lang='grc' dir='ltr'>ἀπικνέονται</span> <span class='ocrx_word' id='word_1_294' title='bbox 2559 278 2596 325; x_wconf 76' lang='grc' dir='ltr'>ἐς</span> 
     </span>
     <span class='ocr_line' id='line_1_49' title="bbox 1372 328 2598 398; baseline 0.015 -26"><span class='ocrx_word' id='word_1_295' title='bbox 1372 331 1514 373; x_wconf 78' lang='grc' dir='ltr'>τοῦτον</span> <span class='ocrx_word' id='word_1_296' title='bbox 1554 328 1623 374; x_wconf 85' lang='grc' dir='ltr'>τὸν</span> <span class='ocrx_word' id='word_1_297' title='bbox 1662 332 1813 390; x_wconf 85' lang='grc' dir='ltr'>χῶρον,</span> <span class='ocrx_word' id='word_1_298' title='bbox 1848 329 1936 374; x_wconf 77' lang='grc' dir='ltr'>ὅθεν</span> <span class='ocrx_word' id='word_1_299' title='bbox 1971 334 1992 375; x_wconf 99' lang='lat'><strong>6</strong></span> <span class='ocrx_word' id='word_1_300' title='bbox 2017 335 2253 392; x_wconf 80' lang='grc' dir='ltr'>Αἰγυπτίων</span> <span class='ocrx_word' id='word_1_301' title='bbox 2293 343 2478 398; x_wconf 82' lang='grc' dir='ltr'>βασιλεὺς</span> <span class='ocrx_word' id='word_1_302' title='bbox 2511 347 2598 398; x_wconf 79' lang='grc' dir='ltr'>τοὺς</span> 
     </span>
     <span class='ocr_line' id='line_1_50' title="bbox 1375 397 2593 474; baseline 0.011 -28"><span class='ocrx_word' id='word_1_303' title='bbox 1375 402 1598 462; x_wconf 85' lang='grc' dir='ltr'>Φοίνικας,</span> <span class='ocrx_word' id='word_1_304' title='bbox 1623 402 1716 454; x_wconf 77' lang='grc' dir='ltr'>τοὺς</span> <span class='ocrx_word' id='word_1_305' title='bbox 1734 402 1930 465; x_wconf 88' lang='grc' dir='ltr'>πρότερον</span> <span class='ocrx_word' id='word_1_306' title='bbox 1953 397 2073 461; x_wconf 70' lang='grc' dir='ltr'>εἶπα,</span> <span class='ocrx_word' id='word_1_307' title='bbox 2099 406 2311 454; x_wconf 88' lang='grc' dir='ltr'>ἀπέστειλε</span> <span class='ocrx_word' id='word_1_308' title='bbox 2337 419 2593 474; x_wconf 74' lang='grc' dir='ltr'>περιπλώειν,</span> 
     </span>
     <span class='ocr_line' id='line_1_51' title="bbox 1373 475 2598 551; baseline 0.011 -31"><span class='ocrx_word' id='word_1_309' title='bbox 1373 476 1493 520; x_wconf 84' lang='grc' dir='ltr'>Μετὰ</span> <span class='ocrx_word' id='word_1_310' title='bbox 1519 475 1561 520; x_wconf 80' lang='grc' dir='ltr'>δὲ</span> <span class='ocrx_word' id='word_1_311' title='bbox 1584 476 1748 528; x_wconf 82' lang='grc' dir='ltr'>τούτους</span> <span class='ocrx_word' id='word_1_312' title='bbox 1765 478 2123 540; x_wconf 81' lang='grc' dir='ltr'>περιπλώσαντας,</span> <span class='ocrx_word' id='word_1_313' title='bbox 2142 480 2291 534; x_wconf 86' lang='grc' dir='ltr'>Ἰνδούς</span> <span class='ocrx_word' id='word_1_314' title='bbox 2313 504 2355 528; x_wconf 85' lang='grc' dir='ltr'>τε</span> <span class='ocrx_word' id='word_1_315' title='bbox 2379 494 2598 551; x_wconf 80' lang='grc' dir='ltr'>κατεστρέ-</span> 
     </span>
     <span class='ocr_line' id='line_1_52' title="bbox 1372 551 2600 616; baseline 0.009 -24"><span class='ocrx_word' id='word_1_316' title='bbox 1372 551 1481 610; x_wconf 87' lang='grc' dir='ltr'>ψατο</span> <span class='ocrx_word' id='word_1_317' title='bbox 1502 551 1674 611; x_wconf 79' lang='grc' dir='ltr'>Δαρεῖος</span> <span class='ocrx_word' id='word_1_318' title='bbox 1690 551 1760 595; x_wconf 81' lang='grc' dir='ltr'>καὶ</span> <span class='ocrx_word' id='word_1_319' title='bbox 1779 555 1830 611; x_wconf 80' lang='grc' dir='ltr'>τῇ</span> <span class='ocrx_word' id='word_1_320' title='bbox 1855 552 2044 614; x_wconf 81' lang='grc' dir='ltr'>θαλάσσῃ</span> <span class='ocrx_word' id='word_1_321' title='bbox 2066 552 2194 615; x_wconf 84' lang='grc' dir='ltr'>ταύτῃ</span> <span class='ocrx_word' id='word_1_322' title='bbox 2215 557 2374 616; x_wconf 79' lang='grc' dir='ltr'>ἐχρᾶτο.</span> <span class='ocrx_word' id='word_1_323' title='bbox 2394 560 2515 606; x_wconf 79' lang='grc' dir='ltr'>Οὕτω</span> <span class='ocrx_word' id='word_1_324' title='bbox 2534 567 2600 610; x_wconf 72' lang='grc' dir='ltr'>καὶ</span> 
     </span>
     <span class='ocr_line' id='line_1_53' title="bbox 1373 617 2600 690; baseline 0.012 -24"><span class='ocrx_word' id='word_1_325' title='bbox 1373 625 1445 678; x_wconf 69' lang='grc' dir='ltr'>τῆς</span> <span class='ocrx_word' id='word_1_326' title='bbox 1467 622 1620 678; x_wconf 88' lang='grc' dir='ltr'>Ἀσίης,</span> <span class='ocrx_word' id='word_1_327' title='bbox 1648 617 1753 678; x_wconf 81' lang='grc' dir='ltr'>πλὴν</span> <span class='ocrx_word' id='word_1_328' title='bbox 1771 624 1822 669; x_wconf 83' lang='grc' dir='ltr'>τὰ</span> <span class='ocrx_word' id='word_1_329' title='bbox 1866 627 1964 688; x_wconf 74' lang='grc' dir='ltr'>πρὸς</span> <span class='ocrx_word' id='word_1_330' title='bbox 1999 627 2114 682; x_wconf 85' lang='grc' dir='ltr'>ἥλιον</span> <span class='ocrx_word' id='word_1_331' title='bbox 2131 628 2390 690; x_wconf 76' lang='grc' dir='ltr'>-ἀνίσχοντα,</span> <span class='ocrx_word' id='word_1_332' title='bbox 2417 633 2467 677; x_wconf 83' lang='grc' dir='ltr'>τὰ</span> <span class='ocrx_word' id='word_1_333' title='bbox 2498 636 2600 682; x_wconf 85' lang='grc' dir='ltr'>ἄλλα</span> 
     </span>
     <span class='ocr_line' id='line_1_54' title="bbox 1375 698 2277 766; baseline 0.006 -22"><span class='ocrx_word' id='word_1_334' title='bbox 1375 698 1595 760; x_wconf 79' lang='grc' dir='ltr'>ἀνεύρηται</span> <span class='ocrx_word' id='word_1_335' title='bbox 1617 701 1739 758; x_wconf 83' lang='grc' dir='ltr'>ὁμοῖα</span> <span class='ocrx_word' id='word_1_336' title='bbox 1763 701 2030 762; x_wconf 83' lang='grc' dir='ltr'>παρεχομένη</span> <span class='ocrx_word' id='word_1_337' title='bbox 2053 708 2104 765; x_wconf 80' lang='grc' dir='ltr'>τῇ</span> <span class='ocrx_word' id='word_1_338' title='bbox 2123 704 2277 766; x_wconf 69' lang='grc' dir='ltr'>Λιὸύῃ.</span> 
     </span>
    </p>

    <p class='ocr_par' dir='ltr' id='par_1_10' title="bbox 1375 773 2608 993">
     <span class='ocr_line' id='line_1_55' title="bbox 1439 773 2594 842; baseline 0.012 -24"><span class='ocrx_word' id='word_1_339' title='bbox 1439 791 1484 818; x_wconf 84' lang='lat'>2.</span> <span class='ocrx_word' id='word_1_340' title='bbox 1509 773 1745 832; x_wconf 89' lang='lat' dir='ltr'><em>Scholion,</em></span> <span class='ocrx_word' id='word_1_341' title='bbox 1763 776 1887 835; x_wconf 88' lang='lat' dir='ltr'><em>quod</em></span> <span class='ocrx_word' id='word_1_342' title='bbox 1903 778 2084 838; x_wconf 90' lang='lat' dir='ltr'><em>periplo</em></span> <span class='ocrx_word' id='word_1_343' title='bbox 2102 790 2260 825; x_wconf 89' lang='lat' dir='ltr'><em>nostro</em></span> <span class='ocrx_word' id='word_1_344' title='bbox 2283 785 2594 842; x_wconf 83' lang='lat' dir='ltr'><em>praemittitur:</em></span> 
     </span>
     <span class='ocr_line' id='line_1_56' title="bbox 1375 847 2605 921; baseline 0.01 -26"><span class='ocrx_word' id='word_1_345' title='bbox 1375 847 1543 903; x_wconf 80' lang='grc' dir='ltr'>Σκύλαξ</span> <span class='ocrx_word' id='word_1_346' title='bbox 1558 851 1580 894; x_wconf 88' lang='lat'><strong>6</strong></span> <span class='ocrx_word' id='word_1_347' title='bbox 1596 848 1859 912; x_wconf 74' lang='grc' dir='ltr'>Καρυανδεὺς</span> <span class='ocrx_word' id='word_1_348' title='bbox 1875 852 2146 914; x_wconf 87' lang='grc' dir='ltr'>ἀρχαιότατος</span> <span class='ocrx_word' id='word_1_349' title='bbox 2159 853 2232 911; x_wconf 87' lang='grc' dir='ltr'>μέν</span> <span class='ocrx_word' id='word_1_350' title='bbox 2255 857 2361 902; x_wconf 89' lang='grc' dir='ltr'>ἐστιν</span> <span class='ocrx_word' id='word_1_351' title='bbox 2380 859 2481 921; x_wconf 84' lang='grc' dir='ltr'>ἀνήρ</span> <span class='ocrx_word' id='word_1_352' title='bbox 2497 881 2506 889; x_wconf 91' lang='grc'><em>·</em></span> <span class='ocrx_word' id='word_1_353' title='bbox 2527 865 2605 906; x_wconf 88' lang='grc' dir='ltr'>τῶν</span> 
     </span>
     <span class='ocr_line' id='line_1_57' title="bbox 1375 925 2608 993; baseline 0.01 -24"><span class='ocrx_word' id='word_1_354' title='bbox 1375 925 1418 970; x_wconf 81' lang='grc' dir='ltr'>δὲ</span> <span class='ocrx_word' id='word_1_355' title='bbox 1443 925 1649 992; x_wconf 78' lang='grc' dir='ltr'>πλείστων</span> <span class='ocrx_word' id='word_1_356' title='bbox 1674 926 1734 971; x_wconf 86' lang='grc' dir='ltr'>ἔτι</span> <span class='ocrx_word' id='word_1_357' title='bbox 1767 930 1903 989; x_wconf 81' lang='grc' dir='ltr'>μερῶν</span> <span class='ocrx_word' id='word_1_358' title='bbox 1932 932 2005 984; x_wconf 77' lang='grc' dir='ltr'>τῆς</span> <span class='ocrx_word' id='word_1_359' title='bbox 2029 933 2122 974; x_wconf 89' lang='grc' dir='ltr'>καθ’</span> <span class='ocrx_word' id='word_1_360' title='bbox 2149 933 2257 989; x_wconf 83' lang='grc' dir='ltr'>ἡμᾶς</span> <span class='ocrx_word' id='word_1_361' title='bbox 2278 934 2513 993; x_wconf 81' lang='grc' dir='ltr'>οἰκουμένης</span> <span class='ocrx_word' id='word_1_362' title='bbox 2539 938 2608 982; x_wconf 84' lang='grc' dir='ltr'>καὶ</span> 
     </span>
    </p>
   </div>
   <div class='ocr_carea' id='block_1_8' title="bbox 1366 1000 2608 1070">
    <p class='ocr_par' dir='ltr' id='par_1_11' title="bbox 1366 1000 2608 1070">
     <span class='ocr_line' id='line_1_58' title="bbox 1366 1000 2608 1070; baseline 0.01 -25"><span class='ocrx_word' id='word_1_363' title='bbox 1366 1004 1447 1061; x_wconf 77' lang='grc' dir='ltr'>Ιτῆς</span> <span class='ocrx_word' id='word_1_364' title='bbox 1469 1000 1580 1047; x_wconf 83' lang='grc' dir='ltr'>ἔνδον</span> <span class='ocrx_word' id='word_1_365' title='bbox 1614 1001 1871 1063; x_wconf 75' lang='grc' dir='ltr'>“Ηρακλείων</span> <span class='ocrx_word' id='word_1_366' title='bbox 1903 1005 2064 1059; x_wconf 81' lang='grc' dir='ltr'>στηλῶν</span> <span class='ocrx_word' id='word_1_367' title='bbox 2089 1005 2299 1062; x_wconf 82' lang='grc' dir='ltr'>θαλάσσης</span> <span class='ocrx_word' id='word_1_368' title='bbox 2320 1008 2433 1070; x_wconf 83' lang='grc' dir='ltr'>παρὰ</span> <span class='ocrx_word' id='word_1_369' title='bbox 2458 1012 2510 1070; x_wconf 71' lang='lat'>(*)</span> <span class='ocrx_word' id='word_1_370' title='bbox 2530 1016 2608 1057; x_wconf 88' lang='grc' dir='ltr'>τῶν</span> 
     </span>
    </p>
   </div>
   <div class='ocr_carea' id='block_1_9' title="bbox 1375 1077 2611 2203">
    <p class='ocr_par' dir='ltr' id='par_1_12' title="bbox 1375 1077 2611 2203">
     <span class='ocr_line' id='line_1_59' title="bbox 1375 1077 2610 1144; baseline 0.01 -24"><span class='ocrx_word' id='word_1_371' title='bbox 1375 1077 1538 1122; x_wconf 90' lang='grc' dir='ltr'>πολλῶν</span> <span class='ocrx_word' id='word_1_372' title='bbox 1564 1077 1864 1138; x_wconf 83' lang='grc' dir='ltr'>ἀγνοουμένων,</span> <span class='ocrx_word' id='word_1_373' title='bbox 1897 1081 2118 1141; x_wconf 84' lang='grc' dir='ltr'>περίπλουν</span> <span class='ocrx_word' id='word_1_374' title='bbox 2141 1083 2213 1136; x_wconf 74' lang='grc' dir='ltr'>τῆς</span> <span class='ocrx_word' id='word_1_375' title='bbox 2243 1083 2481 1144; x_wconf 78' lang='grc' dir='ltr'>οἰκουμένης</span> <span class='ocrx_word' id='word_1_376' title='bbox 2505 1082 2610 1132; x_wconf 47' lang='grc' dir='ltr'>’ἀνα-</span> 
     </span>
     <span class='ocr_line' id='line_1_60' title="bbox 1375 1152 2609 1225; baseline 0.011 -29"><span class='ocrx_word' id='word_1_377' title='bbox 1375 1152 1533 1215; x_wconf 83' lang='grc' dir='ltr'>γράψαι</span> <span class='ocrx_word' id='word_1_378' title='bbox 1560 1154 1788 1215; x_wconf 86' lang='grc' dir='ltr'>προείλετο.</span> <span class='ocrx_word' id='word_1_379' title='bbox 1813 1154 1880 1201; x_wconf 82' lang='grc' dir='ltr'>Τὰ</span> <span class='ocrx_word' id='word_1_380' title='bbox 1917 1154 1991 1214; x_wconf 80' lang='grc' dir='ltr'>μὲν</span> <span class='ocrx_word' id='word_1_381' title='bbox 2022 1156 2099 1218; x_wconf 83' lang='grc' dir='ltr'>γὰρ</span> <span class='ocrx_word' id='word_1_382' title='bbox 2132 1160 2204 1212; x_wconf 78' lang='grc' dir='ltr'>τῆς</span> <span class='ocrx_word' id='word_1_383' title='bbox 2233 1157 2335 1222; x_wconf 81' lang='grc' dir='ltr'>ἑῴας</span> <span class='ocrx_word' id='word_1_384' title='bbox 2355 1160 2609 1225; x_wconf 82' lang='grc' dir='ltr'>Ἀλέξανδρος</span> 
     </span>
     <span class='ocr_line' id='line_1_61' title="bbox 1377 1228 2608 1294; baseline 0.011 -22"><span class='ocrx_word' id='word_1_385' title='bbox 1377 1230 1397 1272; x_wconf 93' lang='lat'><strong>6</strong></span> <span class='ocrx_word' id='word_1_386' title='bbox 1420 1228 1626 1274; x_wconf 84' lang='grc' dir='ltr'>Μακεδὼν</span> <span class='ocrx_word' id='word_1_387' title='bbox 1650 1230 1755 1285; x_wconf 82' lang='grc' dir='ltr'>δῆλα</span> <span class='ocrx_word' id='word_1_388' title='bbox 1773 1233 1855 1282; x_wconf 81' lang='grc' dir='ltr'>τοῖς</span> <span class='ocrx_word' id='word_1_389' title='bbox 1881 1230 2111 1293; x_wconf 88' lang='grc' dir='ltr'>ἀνθρώποις</span> <span class='ocrx_word' id='word_1_390' title='bbox 2129 1233 2267 1278; x_wconf 89' lang='grc' dir='ltr'>πάντα</span> <span class='ocrx_word' id='word_1_391' title='bbox 2294 1236 2608 1294; x_wconf 83' lang='grc' dir='ltr'>κατέστησε·τὰ</span> 
     </span>
     <span class='ocr_line' id='line_1_62' title="bbox 1378 1301 2609 1376; baseline 0.011 -29"><span class='ocrx_word' id='word_1_392' title='bbox 1378 1301 1420 1347; x_wconf 83' lang='grc' dir='ltr'>δὲ</span> <span class='ocrx_word' id='word_1_393' title='bbox 1451 1306 1531 1348; x_wconf 85' lang='grc' dir='ltr'>τῶν</span> <span class='ocrx_word' id='word_1_394' title='bbox 1561 1304 1760 1367; x_wconf 83' lang='grc' dir='ltr'>ἑσπερίων</span> <span class='ocrx_word' id='word_1_395' title='bbox 1785 1308 1908 1351; x_wconf 83' lang='grc' dir='ltr'>ἐθνῶν</span> <span class='ocrx_word' id='word_1_396' title='bbox 1941 1310 1967 1362; x_wconf 85' lang='grc' dir='ltr'>ἡ</span> <span class='ocrx_word' id='word_1_397' title='bbox 2003 1306 2225 1367; x_wconf 89' lang='grc' dir='ltr'>Ῥωμαίων</span> <span class='ocrx_word' id='word_1_398' title='bbox 2252 1310 2414 1372; x_wconf 87' lang='grc' dir='ltr'>ἀνδρεία</span> <span class='ocrx_word' id='word_1_399' title='bbox 2443 1314 2609 1376; x_wconf 83' lang='grc' dir='ltr'>πολέμῳ</span> 
     </span>
     <span class='ocr_line' id='line_1_63' title="bbox 1376 1377 2611 1449; baseline 0.01 -25"><span class='ocrx_word' id='word_1_400' title='bbox 1376 1379 1529 1425; x_wconf 90' lang='grc' dir='ltr'>τούτων</span> <span class='ocrx_word' id='word_1_401' title='bbox 1571 1381 1836 1443; x_wconf 80' lang='grc' dir='ltr'>κρατήσασα.</span> <span class='ocrx_word' id='word_1_402' title='bbox 1864 1385 1952 1439; x_wconf 75' lang='grc' dir='ltr'>Τῆς</span> <span class='ocrx_word' id='word_1_403' title='bbox 1984 1383 2058 1444; x_wconf 83' lang='grc' dir='ltr'>μὲν</span> <span class='ocrx_word' id='word_1_404' title='bbox 2099 1377 2166 1430; x_wconf 71' lang='grc' dir='ltr'>οῧν</span> <span class='ocrx_word' id='word_1_405' title='bbox 2202 1387 2393 1449; x_wconf 77' lang='grc' dir='ltr'>ἀκριὸοῦς</span> <span class='ocrx_word' id='word_1_406' title='bbox 2421 1388 2611 1448; x_wconf 54' lang='grc' dir='ltr'>,γνώσεως</span> 
     </span>
     <span class='ocr_line' id='line_1_64' title="bbox 1375 1456 2610 1528; baseline 0.01 -28"><span class='ocrx_word' id='word_1_407' title='bbox 1375 1459 1456 1501; x_wconf 90' lang='grc' dir='ltr'>τῶν</span> <span class='ocrx_word' id='word_1_408' title='bbox 1471 1456 1607 1501; x_wconf 89' lang='grc' dir='ltr'>τόπων</span> <span class='ocrx_word' id='word_1_409' title='bbox 1628 1458 1820 1503; x_wconf 87' lang='grc' dir='ltr'>ἁπάντων</span> <span class='ocrx_word' id='word_1_410' title='bbox 1845 1458 1911 1504; x_wconf 85' lang='grc' dir='ltr'>διὰ</span> <span class='ocrx_word' id='word_1_411' title='bbox 1925 1458 1997 1511; x_wconf 83' lang='grc' dir='ltr'>τὰς</span> <span class='ocrx_word' id='word_1_412' title='bbox 2016 1461 2231 1522; x_wconf 84' lang='grc' dir='ltr'>εἰρημένας</span> <span class='ocrx_word' id='word_1_413' title='bbox 2252 1464 2384 1516; x_wconf 87' lang='grc' dir='ltr'>αἰτίας</span> <span class='ocrx_word' id='word_1_414' title='bbox 2404 1466 2476 1510; x_wconf 83' lang='grc' dir='ltr'>οὔκ</span> <span class='ocrx_word' id='word_1_415' title='bbox 2493 1465 2610 1528; x_wconf 83' lang='grc' dir='ltr'>ἴσχυ·</span> 
     </span>
     <span class='ocr_line' id='line_1_65' title="bbox 1377 1531 2610 1595; baseline 0.01 -20"><span class='ocrx_word' id='word_1_416' title='bbox 1377 1548 1445 1575; x_wconf 89' lang='grc' dir='ltr'>σεν</span> <span class='ocrx_word' id='word_1_417' title='bbox 1468 1531 1699 1594; x_wconf 81' lang='grc' dir='ltr'>ἐφικέσθαι,</span> <span class='ocrx_word' id='word_1_418' title='bbox 1730 1533 1833 1595; x_wconf 89' lang='grc' dir='ltr'>μέρη</span> <span class='ocrx_word' id='word_1_419' title='bbox 1859 1532 1901 1578; x_wconf 83' lang='grc' dir='ltr'>δὲ</span> <span class='ocrx_word' id='word_1_420' title='bbox 1931 1535 2106 1580; x_wconf 85' lang='grc' dir='ltr'>πλεῖστα</span> <span class='ocrx_word' id='word_1_421' title='bbox 2129 1539 2266 1589; x_wconf 88' lang='grc' dir='ltr'>καλῶς</span> <span class='ocrx_word' id='word_1_422' title='bbox 2290 1539 2361 1584; x_wconf 83' lang='grc' dir='ltr'>καὶ</span> <span class='ocrx_word' id='word_1_423' title='bbox 2382 1541 2610 1593; x_wconf 81' lang='grc' dir='ltr'>ἀκολούθως</span> 
     </span>
     <span class='ocr_line' id='line_1_66' title="bbox 1376 1606 2608 1676; baseline 0.009 -25"><span class='ocrx_word' id='word_1_424' title='bbox 1376 1606 1691 1667; x_wconf 85' lang='grc' dir='ltr'>περιέπλευσεν,</span> <span class='ocrx_word' id='word_1_425' title='bbox 1716 1608 1856 1672; x_wconf 81' lang='grc' dir='ltr'>ὥσπερ</span> <span class='ocrx_word' id='word_1_426' title='bbox 1878 1609 1947 1654; x_wconf 82' lang='grc' dir='ltr'>τὸν</span> <span class='ocrx_word' id='word_1_427' title='bbox 1975 1610 2120 1656; x_wconf 87' lang='grc' dir='ltr'>Ἰόνιον</span> <span class='ocrx_word' id='word_1_428' title='bbox 2152 1611 2243 1668; x_wconf 86' lang='grc' dir='ltr'>ἤτοι</span> <span class='ocrx_word' id='word_1_429' title='bbox 2266 1613 2426 1675; x_wconf 79' lang='grc' dir='ltr'>Ἀδρίαν</span> <span class='ocrx_word' id='word_1_430' title='bbox 2443 1616 2608 1676; x_wconf 87' lang='grc' dir='ltr'>κόλπον,</span> 
     </span>
     <span class='ocr_line' id='line_1_67' title="bbox 1376 1682 2610 1746; baseline 0.008 -20"><span class='ocrx_word' id='word_1_431' title='bbox 1376 1682 1447 1727; x_wconf 75' lang='grc' dir='ltr'>καὶ</span> <span class='ocrx_word' id='word_1_432' title='bbox 1468 1683 1685 1745; x_wconf 89' lang='grc' dir='ltr'>προσέτιγε</span> <span class='ocrx_word' id='word_1_433' title='bbox 1705 1684 1778 1739; x_wconf 80' lang='grc' dir='ltr'>τὴν</span> <span class='ocrx_word' id='word_1_434' title='bbox 1803 1683 1990 1742; x_wconf 86' lang='grc' dir='ltr'>Ἀττικὴν</span> <span class='ocrx_word' id='word_1_435' title='bbox 2009 1686 2079 1732; x_wconf 81' lang='grc' dir='ltr'>καὶ</span> <span class='ocrx_word' id='word_1_436' title='bbox 2098 1686 2170 1743; x_wconf 81' lang='grc' dir='ltr'>τὴν</span> <span class='ocrx_word' id='word_1_437' title='bbox 2198 1689 2509 1746; x_wconf 80' lang='grc' dir='ltr'>Πελοπόννησον</span> <span class='ocrx_word' id='word_1_438' title='bbox 2532 1698 2610 1736; x_wconf 77' lang='grc' dir='ltr'>πᾶ·-</span> 
     </span>
     <span class='ocr_line' id='line_1_68' title="bbox 1377 1758 2605 1830; baseline 0.007 -27"><span class='ocrx_word' id='word_1_439' title='bbox 1377 1776 1452 1803; x_wconf 90' lang='grc' dir='ltr'>σαν</span> <span class='ocrx_word' id='word_1_440' title='bbox 1472 1758 1578 1818; x_wconf 86' lang='grc' dir='ltr'>μετὰ</span> <span class='ocrx_word' id='word_1_441' title='bbox 1610 1763 1689 1804; x_wconf 87' lang='grc' dir='ltr'>τῶν</span> <span class='ocrx_word' id='word_1_442' title='bbox 1711 1760 1972 1806; x_wconf 82' lang='grc' dir='ltr'>ἐνοικούντων</span> <span class='ocrx_word' id='word_1_443' title='bbox 1993 1763 2140 1820; x_wconf 86' lang='grc' dir='ltr'>ἐθνῶν,</span> <span class='ocrx_word' id='word_1_444' title='bbox 2168 1762 2226 1807; x_wconf 85' lang='grc' dir='ltr'>ἔτι</span> <span class='ocrx_word' id='word_1_445' title='bbox 2250 1763 2331 1823; x_wconf 72' lang='grc' dir='ltr'>μὴν</span> <span class='ocrx_word' id='word_1_446' title='bbox 2353 1763 2469 1827; x_wconf 78' lang='grc' dir='ltr'>ἕτερα</span> <span class='ocrx_word' id='word_1_447' title='bbox 2501 1766 2605 1830; x_wconf 90' lang='grc' dir='ltr'>μέρη</span> 
     </span>
     <span class='ocr_line' id='line_1_69' title="bbox 1376 1833 2608 1903; baseline 0.006 -25"><span class='ocrx_word' id='word_1_448' title='bbox 1376 1836 1448 1888; x_wconf 72' lang='grc' dir='ltr'>τ’ἦς</span> <span class='ocrx_word' id='word_1_449' title='bbox 1485 1833 1694 1890; x_wconf 87' lang='grc' dir='ltr'>θαλάσσης</span> <span class='ocrx_word' id='word_1_450' title='bbox 1737 1835 1807 1879; x_wconf 85' lang='grc' dir='ltr'>καὶ</span> <span class='ocrx_word' id='word_1_451' title='bbox 1846 1839 1927 1881; x_wconf 87' lang='grc' dir='ltr'>τῶν</span> <span class='ocrx_word' id='word_1_452' title='bbox 1967 1837 2293 1900; x_wconf 89' lang='grc' dir='ltr'>προσοικούντων</span> <span class='ocrx_word' id='word_1_453' title='bbox 2338 1842 2439 1903; x_wconf 82' lang='grc' dir='ltr'>αὐτῇ</span> <span class='ocrx_word' id='word_1_454' title='bbox 2469 1845 2608 1903; x_wconf 81' lang='grc' dir='ltr'>σαφῶς</span> 
     </span>
     <span class='ocr_line' id='line_1_70' title="bbox 1376 1908 2605 1975; baseline 0.006 -22"><span class='ocrx_word' id='word_1_455' title='bbox 1376 1908 1665 1970; x_wconf 84' lang='grc' dir='ltr'>παραστήσας.</span> <span class='ocrx_word' id='word_1_456' title='bbox 1692 1912 1815 1956; x_wconf 83' lang='grc' dir='ltr'>Δοκεῖ</span> <span class='ocrx_word' id='word_1_457' title='bbox 1836 1910 1879 1955; x_wconf 90' lang='grc' dir='ltr'>δέ</span> <span class='ocrx_word' id='word_1_458' title='bbox 1905 1929 1993 1962; x_wconf 90' lang='grc' dir='ltr'>πως</span> <span class='ocrx_word' id='word_1_459' title='bbox 2014 1911 2085 1957; x_wconf 77' lang='grc' dir='ltr'>καὶ</span> <span class='ocrx_word' id='word_1_460' title='bbox 2110 1913 2229 1965; x_wconf 78' lang='grc' dir='ltr'>αὐτὸς</span> <span class='ocrx_word' id='word_1_461' title='bbox 2251 1917 2324 1968; x_wconf 74' lang='grc' dir='ltr'>τῆς</span> <span class='ocrx_word' id='word_1_462' title='bbox 2343 1915 2506 1975; x_wconf 85' lang='grc' dir='ltr'>ἀγνοίας</span> <span class='ocrx_word' id='word_1_463' title='bbox 2527 1918 2605 1960; x_wconf 87' lang='grc' dir='ltr'>τῶν</span> 
     </span>
     <span class='ocr_line' id='line_1_71' title="bbox 1377 1984 2608 2051; baseline 0.008 -24"><span class='ocrx_word' id='word_1_464' title='bbox 1377 1984 1581 2030; x_wconf 89' lang='grc' dir='ltr'>πλείστων</span> <span class='ocrx_word' id='word_1_465' title='bbox 1617 1985 1753 2030; x_wconf 89' lang='grc' dir='ltr'>τόπων</span> <span class='ocrx_word' id='word_1_466' title='bbox 1781 1987 1854 2041; x_wconf 79' lang='grc' dir='ltr'>τὴν</span> <span class='ocrx_word' id='word_1_467' title='bbox 1895 1989 2174 2051; x_wconf 83' lang='grc' dir='ltr'>βραχυλογίαν</span> <span class='ocrx_word' id='word_1_468' title='bbox 2210 1987 2347 2051; x_wconf 81' lang='grc' dir='ltr'>ὥσπερ</span> <span class='ocrx_word' id='word_1_469' title='bbox 2387 1991 2608 2051; x_wconf 89' lang='grc' dir='ltr'>ἀπολογίαν</span> 
     </span>
     <span class='ocr_line' id='line_1_72' title="bbox 1377 2059 2606 2129; baseline 0.007 -24"><span class='ocrx_word' id='word_1_470' title='bbox 1377 2059 1468 2105; x_wconf 81' lang='grc' dir='ltr'>τινὰ</span> <span class='ocrx_word' id='word_1_471' title='bbox 1486 2065 1750 2119; x_wconf 78' lang='grc' dir='ltr'>πεποιῆσθαι,</span> <span class='ocrx_word' id='word_1_472' title='bbox 1773 2063 1824 2108; x_wconf 88' lang='grc' dir='ltr'>δι’</span> <span class='ocrx_word' id='word_1_473' title='bbox 1845 2063 1994 2125; x_wconf 85' lang='grc' dir='ltr'>ὀλίγων</span> <span class='ocrx_word' id='word_1_474' title='bbox 2014 2065 2168 2128; x_wconf 81' lang='grc' dir='ltr'>σφόδρα</span> <span class='ocrx_word' id='word_1_475' title='bbox 2185 2065 2348 2129; x_wconf 82' lang='grc' dir='ltr'>χωρίων</span> <span class='ocrx_word' id='word_1_476' title='bbox 2367 2065 2418 2112; x_wconf 85' lang='grc' dir='ltr'>τὰ</span> <span class='ocrx_word' id='word_1_477' title='bbox 2435 2069 2606 2113; x_wconf 80' lang='grc' dir='ltr'>πλεῖστα</span> 
     </span>
     <span class='ocr_line' id='line_1_73' title="bbox 1376 2136 2604 2203; baseline 0.008 -23"><span class='ocrx_word' id='word_1_478' title='bbox 1376 2136 1468 2188; x_wconf 76' lang='grc' dir='ltr'>τοὺς</span> <span class='ocrx_word' id='word_1_479' title='bbox 1492 2137 1812 2199; x_wconf 85' lang='grc' dir='ltr'>ἐντυγχάνοντας</span> <span class='ocrx_word' id='word_1_480' title='bbox 1835 2136 1861 2193; x_wconf 84' lang='grc' dir='ltr'>ἢ</span> <span class='ocrx_word' id='word_1_481' title='bbox 1888 2141 2102 2195; x_wconf 84' lang='grc' dir='ltr'>ἀναζητεῖν</span> <span class='ocrx_word' id='word_1_482' title='bbox 2124 2140 2151 2197; x_wconf 84' lang='grc' dir='ltr'>ἢ</span> <span class='ocrx_word' id='word_1_483' title='bbox 2177 2141 2325 2186; x_wconf 83' lang='grc' dir='ltr'>εἰδέναι</span> <span class='ocrx_word' id='word_1_484' title='bbox 2346 2143 2604 2203; x_wconf 85' lang='grc' dir='ltr'>βουλόμενος.</span> 
     </span>
    </p>
   </div>
   <div class='ocr_carea' id='block_1_10' title="bbox 1331 2212 2607 2279">
    <p class='ocr_par' dir='ltr' id='par_1_13' title="bbox 1331 2212 2607 2279">
     <span class='ocr_line' id='line_1_74' title="bbox 1331 2212 2607 2279; baseline 0.002 -21"><span class='ocrx_word' id='word_1_485' title='bbox 1331 2261 1333 2263; x_wconf 63' lang='grc'>,</span> <span class='ocrx_word' id='word_1_486' title='bbox 1377 2215 1465 2266; x_wconf 77' lang='grc' dir='ltr'>Τῆς</span> <span class='ocrx_word' id='word_1_487' title='bbox 1495 2212 1537 2257; x_wconf 80' lang='grc' dir='ltr'>δὲ</span> <span class='ocrx_word' id='word_1_488' title='bbox 1568 2214 1838 2274; x_wconf 83' lang='grc' dir='ltr'>ἀρχαιότητος</span> <span class='ocrx_word' id='word_1_489' title='bbox 1868 2219 1937 2259; x_wconf 75' lang='grc' dir='ltr'>τοῦ</span> <span class='ocrx_word' id='word_1_490' title='bbox 1966 2216 2107 2277; x_wconf 88' lang='grc' dir='ltr'>ἀνδρὸς</span> <span class='ocrx_word' id='word_1_491' title='bbox 2130 2216 2295 2278; x_wconf 82' lang='grc' dir='ltr'>ἐναργὲς</span> <span class='ocrx_word' id='word_1_492' title='bbox 2330 2216 2542 2279; x_wconf 85' lang='grc' dir='ltr'>γνώρισμα</span> <span class='ocrx_word' id='word_1_493' title='bbox 2562 2217 2607 2262; x_wconf 88' lang='grc' dir='ltr'>τὸ</span> 
     </span>
    </p>
   </div>
   <div class='ocr_carea' id='block_1_11' title="bbox 1376 2287 2615 3631">
    <p class='ocr_par' dir='ltr' id='par_1_14' title="bbox 1376 2287 2608 2796">
     <span class='ocr_line' id='line_1_75' title="bbox 1379 2287 2606 2353; baseline 0.004 -22"><span class='ocrx_word' id='word_1_494' title='bbox 1379 2287 1484 2346; x_wconf 85' lang='grc' dir='ltr'>μήτε</span> <span class='ocrx_word' id='word_1_495' title='bbox 1508 2287 1773 2349; x_wconf 86' lang='grc' dir='ltr'>Ἀλέξανδρον</span> <span class='ocrx_word' id='word_1_496' title='bbox 1791 2288 1940 2332; x_wconf 89' lang='grc' dir='ltr'>εἰδέναι</span> <span class='ocrx_word' id='word_1_497' title='bbox 1952 2293 2031 2333; x_wconf 87' lang='grc' dir='ltr'>τῶν</span> <span class='ocrx_word' id='word_1_498' title='bbox 2049 2290 2298 2336; x_wconf 86' lang='grc' dir='ltr'>Μακεδόνων</span> <span class='ocrx_word' id='word_1_499' title='bbox 2317 2292 2489 2353; x_wconf 86' lang='grc' dir='ltr'>βασιλέα</span> <span class='ocrx_word' id='word_1_500' title='bbox 2504 2293 2606 2351; x_wconf 78' lang='grc' dir='ltr'>μήτε</span> 
     </span>
     <span class='ocr_line' id='line_1_76' title="bbox 1381 2359 2605 2424; baseline 0.005 -21"><span class='ocrx_word' id='word_1_501' title='bbox 1381 2359 1535 2422; x_wconf 83' lang='grc' dir='ltr'>[τινὰ]</span> <span class='ocrx_word' id='word_1_502' title='bbox 1564 2364 1643 2404; x_wconf 85' lang='grc' dir='ltr'>τῶν</span> <span class='ocrx_word' id='word_1_503' title='bbox 1674 2362 1807 2419; x_wconf 84' lang='grc' dir='ltr'>ὀλίγον</span> <span class='ocrx_word' id='word_1_504' title='bbox 1850 2361 2077 2423; x_wconf 85' lang='grc' dir='ltr'>ἔμπροσθεν</span> <span class='ocrx_word' id='word_1_505' title='bbox 2114 2365 2266 2408; x_wconf 87' lang='grc' dir='ltr'>ἐκείνου</span> <span class='ocrx_word' id='word_1_506' title='bbox 2307 2365 2474 2424; x_wconf 87' lang='grc' dir='ltr'>χρόνου·</span> <span class='ocrx_word' id='word_1_507' title='bbox 2499 2363 2605 2409; x_wconf 84' lang='grc' dir='ltr'>ὥστε</span> 
     </span>
     <span class='ocr_line' id='line_1_77' title="bbox 1378 2433 2604 2503; baseline 0.007 -27"><span class='ocrx_word' id='word_1_508' title='bbox 1378 2435 1450 2477; x_wconf 81' lang='grc' dir='ltr'>οὐκ</span> <span class='ocrx_word' id='word_1_509' title='bbox 1471 2433 1519 2477; x_wconf 85' lang='grc' dir='ltr'>ἄν</span> <span class='ocrx_word' id='word_1_510' title='bbox 1540 2453 1599 2485; x_wconf 90' lang='grc' dir='ltr'>τις</span> <span class='ocrx_word' id='word_1_511' title='bbox 1613 2435 1789 2498; x_wconf 83' lang='grc' dir='ltr'>ἁμάρτοι</span> <span class='ocrx_word' id='word_1_512' title='bbox 1807 2435 2012 2495; x_wconf 87' lang='grc' dir='ltr'>θαύματος</span> <span class='ocrx_word' id='word_1_513' title='bbox 2029 2436 2136 2489; x_wconf 83' lang='grc' dir='ltr'>ἄξιον</span> <span class='ocrx_word' id='word_1_514' title='bbox 2154 2437 2376 2498; x_wconf 83' lang='grc' dir='ltr'>ἡγούμενος</span> <span class='ocrx_word' id='word_1_515' title='bbox 2392 2439 2459 2484; x_wconf 78' lang='grc' dir='ltr'>τὸν</span> <span class='ocrx_word' id='word_1_516' title='bbox 2478 2439 2604 2503; x_wconf 83' lang='grc' dir='ltr'>ἄνδρα</span> 
     </span>
     <span class='ocr_line' id='line_1_78' title="bbox 1376 2509 2602 2573; baseline 0.003 -19"><span class='ocrx_word' id='word_1_517' title='bbox 1376 2513 1456 2554; x_wconf 89' lang='grc' dir='ltr'>τῶν</span> <span class='ocrx_word' id='word_1_518' title='bbox 1485 2509 1689 2555; x_wconf 89' lang='grc' dir='ltr'>πλείστων</span> <span class='ocrx_word' id='word_1_519' title='bbox 1716 2511 1924 2573; x_wconf 76' lang='grc' dir='ltr'>ἐφικέσθαι</span> <span class='ocrx_word' id='word_1_520' title='bbox 1945 2513 2177 2567; x_wconf 89' lang='grc' dir='ltr'>δυνηθέντα.</span> <span class='ocrx_word' id='word_1_521' title='bbox 2204 2512 2384 2565; x_wconf 86' lang='grc' dir='ltr'>Αἴλιος</span> <span class='ocrx_word' id='word_1_522' title='bbox 2409 2516 2498 2560; x_wconf 86' lang='grc' dir='ltr'>Δῒο</span> <span class='ocrx_word' id='word_1_523' title='bbox 2515 2535 2532 2566; x_wconf 92' lang='grc' dir='ltr'>ς</span> <span class='ocrx_word' id='word_1_524' title='bbox 2557 2518 2602 2560; x_wconf 89' lang='grc' dir='ltr'>ἐν</span> 
     </span>
     <span class='ocr_line' id='line_1_79' title="bbox 1377 2586 2603 2651; baseline 0.005 -22"><span class='ocrx_word' id='word_1_525' title='bbox 1377 2588 1444 2647; x_wconf 84' lang='grc' dir='ltr'>τῷ</span> <span class='ocrx_word' id='word_1_526' title='bbox 1468 2586 1588 2647; x_wconf 78' lang='grc' dir='ltr'>περὶ</span> <span class='ocrx_word' id='word_1_527' title='bbox 1628 2586 2020 2649; x_wconf 75' lang='grc' dir='ltr'>Ἀλεξανδρείας</span> <span class='ocrx_word' id='word_1_528' title='bbox 2059 2587 2247 2650; x_wconf 73' lang='grc' dir='ltr'>βιὸλίῳ</span> <span class='ocrx_word' id='word_1_529' title='bbox 2281 2588 2468 2650; x_wconf 86' lang='grc' dir='ltr'>πρώτῳ</span> <span class='ocrx_word' id='word_1_530' title='bbox 2504 2608 2603 2651; x_wconf 79' lang='grc' dir='ltr'>φη-</span> 
     </span>
     <span class='ocr_line' id='line_1_80' title="bbox 1378 2659 2608 2724; baseline 0.006 -20"><span class='ocrx_word' id='word_1_531' title='bbox 1378 2659 1472 2715; x_wconf 81' lang='grc' dir='ltr'>σὶν,</span> <span class='ocrx_word' id='word_1_532' title='bbox 1517 2659 1593 2705; x_wconf 79' lang='grc' dir='ltr'>ὅτι</span> <span class='ocrx_word' id='word_1_533' title='bbox 1622 2660 1826 2722; x_wconf 86' lang='grc' dir='ltr'>Δαρείῳ</span> <span class='ocrx_word' id='word_1_534' title='bbox 1870 2662 2244 2724; x_wconf 79' lang='grc' dir='ltr'>προσεφώνησε</span> <span class='ocrx_word' id='word_1_535' title='bbox 2303 2663 2517 2716; x_wconf 81' lang='grc' dir='ltr'>Σκύλαξ</span> <span class='ocrx_word' id='word_1_536' title='bbox 2551 2666 2608 2711; x_wconf 81' lang='grc' dir='ltr'>τὸ</span> 
     </span>
     <span class='ocr_line' id='line_1_81' title="bbox 1379 2734 1699 2796; baseline 0.006 -18"><span class='ocrx_word' id='word_1_537' title='bbox 1379 2751 1405 2796; x_wconf 85' lang='grc' dir='ltr'>φ</span> <span class='ocrx_word' id='word_1_538' title='bbox 1421 2752 1441 2796; x_wconf 91' lang='grc' dir='ltr'>ρ</span> <span class='ocrx_word' id='word_1_539' title='bbox 1455 2734 1505 2779; x_wconf 92' lang='grc' dir='ltr'>όν</span> <span class='ocrx_word' id='word_1_540' title='bbox 1517 2754 1541 2779; x_wconf 91' lang='grc' dir='ltr'>τ</span> <span class='ocrx_word' id='word_1_541' title='bbox 1554 2752 1600 2779; x_wconf 91' lang='grc' dir='ltr'>ισ</span> <span class='ocrx_word' id='word_1_542' title='bbox 1613 2754 1641 2794; x_wconf 93' lang='grc' dir='ltr'>μ</span> <span class='ocrx_word' id='word_1_543' title='bbox 1657 2754 1699 2781; x_wconf 85' lang='grc' dir='ltr'>α.</span> 
     </span>
    </p>

    <p class='ocr_par' dir='ltr' id='par_1_15' title="bbox 1380 2802 2612 3177">
     <span class='ocr_line' id='line_1_82' title="bbox 1443 2802 2611 2871; baseline 0.002 -18"><span class='ocrx_word' id='word_1_544' title='bbox 1443 2811 1487 2853; x_wconf 81' lang='lat'>3.</span> <span class='ocrx_word' id='word_1_545' title='bbox 1509 2809 1657 2856; x_wconf 83' lang='lat' dir='ltr'><em>strab.</em></span> <span class='ocrx_word' id='word_1_546' title='bbox 1683 2810 1801 2869; x_wconf 87' lang='lat' dir='ltr'>XIV,</span> <span class='ocrx_word' id='word_1_547' title='bbox 1824 2827 1869 2871; x_wconf 90' lang='lat' dir='ltr'>p.</span> <span class='ocrx_word' id='word_1_548' title='bbox 1890 2811 1980 2856; x_wconf 84' lang='lat'>658</span> <span class='ocrx_word' id='word_1_549' title='bbox 2009 2827 2019 2855; x_wconf 91' lang='lat'>:</span> <span class='ocrx_word' id='word_1_550' title='bbox 2043 2802 2133 2856; x_wconf 70' lang='grc' dir='ltr'>Εἶτ’</span> <span class='ocrx_word' id='word_1_551' title='bbox 2167 2809 2279 2863; x_wconf 73' lang='grc' dir='ltr'>εὐθὺς</span> <span class='ocrx_word' id='word_1_552' title='bbox 2297 2814 2323 2866; x_wconf 84' lang='grc' dir='ltr'>ἡ</span> <span class='ocrx_word' id='word_1_553' title='bbox 2356 2809 2530 2868; x_wconf 87' lang='grc' dir='ltr'>Μύνδος,</span> <span class='ocrx_word' id='word_1_554' title='bbox 2549 2813 2611 2856; x_wconf 92' lang='grc' dir='ltr'>λι-</span> 
     </span>
     <span class='ocr_line' id='line_1_83' title="bbox 1381 2884 2608 2949; baseline 0.002 -20"><span class='ocrx_word' id='word_1_555' title='bbox 1381 2885 1483 2944; x_wconf 91' lang='grc' dir='ltr'>μένα</span> <span class='ocrx_word' id='word_1_556' title='bbox 1516 2885 1683 2948; x_wconf 85' lang='grc' dir='ltr'>ἕχουσα,</span> <span class='ocrx_word' id='word_1_557' title='bbox 1716 2886 1786 2931; x_wconf 87' lang='grc' dir='ltr'>καὶ</span> <span class='ocrx_word' id='word_1_558' title='bbox 1827 2886 1931 2945; x_wconf 85' lang='grc' dir='ltr'>μετὰ</span> <span class='ocrx_word' id='word_1_559' title='bbox 1961 2884 2113 2942; x_wconf 89' lang='grc' dir='ltr'>ταύτην</span> <span class='ocrx_word' id='word_1_560' title='bbox 2146 2886 2384 2949; x_wconf 87' lang='grc' dir='ltr'>Βαργύλια,</span> <span class='ocrx_word' id='word_1_561' title='bbox 2412 2886 2482 2932; x_wconf 77' lang='grc' dir='ltr'>καὶ</span> <span class='ocrx_word' id='word_1_562' title='bbox 2506 2886 2608 2943; x_wconf 79' lang='grc' dir='ltr'>αὕτη</span> 
     </span>
     <span class='ocr_line' id='line_1_84' title="bbox 1380 2962 2612 3026; baseline 0.002 -20"><span class='ocrx_word' id='word_1_563' title='bbox 1380 2962 1517 3013; x_wconf 58' lang='grc' dir='ltr'>πόλις</span> <span class='ocrx_word' id='word_1_564' title='bbox 1547 2964 1587 3007; x_wconf 92' lang='grc' dir='ltr'>ἐν</span> <span class='ocrx_word' id='word_1_565' title='bbox 1621 2962 1663 3007; x_wconf 85' lang='grc' dir='ltr'>δὲ</span> <span class='ocrx_word' id='word_1_566' title='bbox 1697 2966 1755 3026; x_wconf 79' lang='grc' dir='ltr'>τῷ</span> <span class='ocrx_word' id='word_1_567' title='bbox 1785 2962 1937 3021; x_wconf 76' lang='grc' dir='ltr'>μεταξὺ</span> <span class='ocrx_word' id='word_1_568' title='bbox 1974 2963 2197 3024; x_wconf 88' lang='grc' dir='ltr'>Καρύανδα</span> <span class='ocrx_word' id='word_1_569' title='bbox 2229 2962 2353 3022; x_wconf 82' lang='grc' dir='ltr'>λιμὴν</span> <span class='ocrx_word' id='word_1_570' title='bbox 2389 2962 2459 3008; x_wconf 84' lang='grc' dir='ltr'>καὶ</span> <span class='ocrx_word' id='word_1_571' title='bbox 2494 2967 2612 3019; x_wconf 75' lang='grc' dir='ltr'>νῆσος</span> 
     </span>
     <span class='ocr_line' id='line_1_85' title="bbox 1381 3032 2610 3101; baseline -0.001 -18"><span class='ocrx_word' id='word_1_572' title='bbox 1381 3038 1595 3098; x_wconf 78' lang='grc' dir='ltr'>ὁμώνυμος</span> <span class='ocrx_word' id='word_1_573' title='bbox 1619 3037 1772 3101; x_wconf 85' lang='grc' dir='ltr'>τούτῳ,</span> <span class='ocrx_word' id='word_1_574' title='bbox 1798 3038 1849 3094; x_wconf 78' lang='grc' dir='ltr'>ἣν</span> <span class='ocrx_word' id='word_1_575' title='bbox 1869 3037 2000 3100; x_wconf 84' lang='grc' dir='ltr'>ᾤκουν</span> <span class='ocrx_word' id='word_1_576' title='bbox 2020 3039 2292 3100; x_wconf 85' lang='grc' dir='ltr'>Καρυανδεῖς·</span> <span class='ocrx_word' id='word_1_577' title='bbox 2310 3040 2486 3084; x_wconf 77' lang='grc' dir='ltr'>ἐντεῦθεν</span> <span class='ocrx_word' id='word_1_578' title='bbox 2507 3040 2542 3082; x_wconf 90' lang='grc' dir='ltr'>δ’</span> <span class='ocrx_word' id='word_1_579' title='bbox 2563 3032 2610 3093; x_wconf 64' lang='grc' dir='ltr'>ἦν</span> 
     </span>
     <span class='ocr_line' id='line_1_86' title="bbox 1381 3112 2149 3177; baseline 0.003 -19"><span class='ocrx_word' id='word_1_580' title='bbox 1381 3113 1451 3158; x_wconf 74' lang='grc' dir='ltr'>καὶ</span> <span class='ocrx_word' id='word_1_581' title='bbox 1470 3112 1637 3166; x_wconf 84' lang='grc' dir='ltr'>Σκύλαξ</span> <span class='ocrx_word' id='word_1_582' title='bbox 1650 3117 1670 3158; x_wconf 87' lang='lat'><strong>6</strong></span> <span class='ocrx_word' id='word_1_583' title='bbox 1687 3113 1863 3163; x_wconf 82' lang='grc' dir='ltr'>παλαιὸς</span> <span class='ocrx_word' id='word_1_584' title='bbox 1881 3113 2149 3177; x_wconf 77' lang='grc' dir='ltr'>συγγραφεύς.</span> 
     </span>
    </p>

    <p class='ocr_par' dir='ltr' id='par_1_16' title="bbox 1380 3187 2615 3557">
     <span class='ocr_line' id='line_1_87' title="bbox 1446 3187 2612 3250; baseline 0.001 -19"><span class='ocrx_word' id='word_1_585' title='bbox 1446 3196 1488 3243; x_wconf 82' lang='grc'>4.</span> <span class='ocrx_word' id='word_1_586' title='bbox 1521 3189 1736 3250; x_wconf 85' lang='lat' dir='ltr'><em>Stephan.</em></span> <span class='ocrx_word' id='word_1_587' title='bbox 1757 3189 1869 3249; x_wconf 84' lang='lat' dir='ltr'>Byz.</span> <span class='ocrx_word' id='word_1_588' title='bbox 1894 3206 1938 3233; x_wconf 87' lang='lat' dir='ltr'>v.</span> <span class='ocrx_word' id='word_1_589' title='bbox 1968 3187 2194 3250; x_wconf 86' lang='grc' dir='ltr'>Καρύανδα</span> <span class='ocrx_word' id='word_1_590' title='bbox 2216 3206 2226 3233; x_wconf 86' lang='lat'>:</span> <span class='ocrx_word' id='word_1_591' title='bbox 2253 3188 2475 3249; x_wconf 84' lang='grc' dir='ltr'>Καρύανδα</span> <span class='ocrx_word' id='word_1_592' title='bbox 2497 3187 2612 3239; x_wconf 87' lang='grc' dir='ltr'>πόλις</span> 
     </span>
     <span class='ocr_line' id='line_1_88' title="bbox 1380 3261 2613 3325; baseline -0.002 -15"><span class='ocrx_word' id='word_1_593' title='bbox 1380 3265 1586 3324; x_wconf 84' lang='grc' dir='ltr'>καὶλίμνη</span> <span class='ocrx_word' id='word_1_594' title='bbox 1598 3265 1812 3325; x_wconf 85' lang='grc' dir='ltr'>ὁμώνυμος</span> <span class='ocrx_word' id='word_1_595' title='bbox 1824 3264 1996 3320; x_wconf 85' lang='grc' dir='ltr'>πλησίον</span> <span class='ocrx_word' id='word_1_596' title='bbox 2018 3263 2182 3309; x_wconf 87' lang='grc' dir='ltr'>Μύνδου</span> <span class='ocrx_word' id='word_1_597' title='bbox 2199 3262 2269 3308; x_wconf 78' lang='grc' dir='ltr'>καὶ</span> <span class='ocrx_word' id='word_1_598' title='bbox 2284 3265 2374 3309; x_wconf 89' lang='grc' dir='ltr'>Κῶ.</span> <span class='ocrx_word' id='word_1_599' title='bbox 2393 3261 2613 3313; x_wconf 81' lang='grc' dir='ltr'>Ἑκαταῖος</span> 
     </span>
     <span class='ocr_line' id='line_1_89' title="bbox 1383 3337 2614 3403; baseline -0.006 -15"><span class='ocrx_word' id='word_1_600' title='bbox 1383 3341 1630 3403; x_wconf 86' lang='grc' dir='ltr'>Καρυάνδαν</span> <span class='ocrx_word' id='word_1_601' title='bbox 1653 3341 1781 3396; x_wconf 82' lang='grc' dir='ltr'>αὐτήν</span> <span class='ocrx_word' id='word_1_602' title='bbox 1814 3360 1927 3402; x_wconf 74' lang='grc' dir='ltr'>φησι.</span> <span class='ocrx_word' id='word_1_603' title='bbox 1954 3340 2015 3386; x_wconf 83' lang='grc' dir='ltr'>Τὸ</span> <span class='ocrx_word' id='word_1_604' title='bbox 2052 3338 2203 3384; x_wconf 82' lang='grc' dir='ltr'>ἐθνικὸν</span> <span class='ocrx_word' id='word_1_605' title='bbox 2241 3337 2527 3401; x_wconf 87' lang='grc' dir='ltr'>Καρυανδεύς,</span> <span class='ocrx_word' id='word_1_606' title='bbox 2561 3339 2614 3386; x_wconf 81' lang='grc' dir='ltr'>ὡς</span> 
     </span>
     <span class='ocr_line' id='line_1_90' title="bbox 1383 3409 2615 3473; baseline -0.006 -9"><span class='ocrx_word' id='word_1_607' title='bbox 1383 3417 1670 3469; x_wconf 72' lang='grc' dir='ltr'>Ἀλαὸανδεύς.</span> <span class='ocrx_word' id='word_1_608' title='bbox 1721 3417 1932 3464; x_wconf 78' lang='grc' dir='ltr'>Ἐντεῦθεν</span> <span class='ocrx_word' id='word_1_609' title='bbox 1970 3409 2019 3471; x_wconf 69' lang='grc' dir='ltr'>ἦν</span> <span class='ocrx_word' id='word_1_610' title='bbox 2055 3413 2221 3467; x_wconf 82' lang='grc' dir='ltr'>Σκύλαξ</span> <span class='ocrx_word' id='word_1_611' title='bbox 2241 3418 2260 3459; x_wconf 89' lang='lat'><strong>6</strong></span> <span class='ocrx_word' id='word_1_612' title='bbox 2293 3413 2468 3464; x_wconf 83' lang='grc' dir='ltr'>παλαιὸς</span> <span class='ocrx_word' id='word_1_613' title='bbox 2493 3415 2615 3473; x_wconf 87' lang='grc' dir='ltr'>λογο-</span> 
     </span>
     <span class='ocr_line' id='line_1_91' title="bbox 1381 3495 2213 3557; baseline 0.001 0"><span class='ocrx_word' id='word_1_614' title='bbox 1381 3495 1547 3557; x_wconf 73' lang='grc' dir='ltr'>γράφος·</span> <span class='ocrx_word' id='word_1_615' title='bbox 2210 3503 2213 3506; x_wconf 79' lang='grc'><strong>“</strong></span> 
     </span>
    </p>

    <p class='ocr_par' dir='ltr' id='par_1_17' title="bbox 1446 3568 2611 3631">
     <span class='ocr_line' id='line_1_92' title="bbox 1446 3568 2611 3631; baseline -0.007 -15"><span class='ocrx_word' id='word_1_616' title='bbox 1446 3571 1491 3618; x_wconf 86' lang='grc'>5.</span> <span class='ocrx_word' id='word_1_617' title='bbox 1527 3571 1788 3618; x_wconf 81' lang='lat' dir='ltr'><em>Marcianus</em></span> <span class='ocrx_word' id='word_1_618' title='bbox 1831 3571 2006 3616; x_wconf 87' lang='lat' dir='ltr'><em>Heracl.</em></span> <span class='ocrx_word' id='word_1_619' title='bbox 2039 3570 2245 3631; x_wconf 86' lang='lat' dir='ltr'><em>Menippi</em></span> <span class='ocrx_word' id='word_1_620' title='bbox 2274 3569 2440 3629; x_wconf 88' lang='lat' dir='ltr'><em>peripl.</em></span> <span class='ocrx_word' id='word_1_621' title='bbox 2481 3568 2507 3626; x_wconf 65' lang='lat' dir='ltr'>S</span> <span class='ocrx_word' id='word_1_622' title='bbox 2550 3583 2574 3609; x_wconf 84' lang='lat'><strong>2</strong></span> <span class='ocrx_word' id='word_1_623' title='bbox 2602 3582 2611 3608; x_wconf 90' lang='lat'>:</span> 
     </span>
    </p>
   </div>
   <div class='ocr_carea' id='block_1_12' title="bbox 1380 3640 2613 3711">
    <p class='ocr_par' dir='ltr' id='par_1_18' title="bbox 1380 3640 2613 3711">
     <span class='ocr_line' id='line_1_93' title="bbox 1380 3640 2613 3711; baseline -0.008 -17"><span class='ocrx_word' id='word_1_624' title='bbox 1380 3651 1434 3695; x_wconf 85' lang='grc' dir='ltr'>Οἱ</span> <span class='ocrx_word' id='word_1_625' title='bbox 1459 3648 1532 3709; x_wconf 85' lang='grc' dir='ltr'>μὲν</span> <span class='ocrx_word' id='word_1_626' title='bbox 1551 3652 1686 3711; x_wconf 87' lang='grc' dir='ltr'>μερῶν</span> <span class='ocrx_word' id='word_1_627' title='bbox 1700 3649 1882 3703; x_wconf 80' lang='grc' dir='ltr'>τινων,οἱ</span> <span class='ocrx_word' id='word_1_628' title='bbox 1900 3646 1941 3692; x_wconf 80' lang='grc' dir='ltr'>δὲ</span> <span class='ocrx_word' id='word_1_629' title='bbox 1957 3649 2046 3701; x_wconf 76' lang='grc' dir='ltr'>τῆς</span> <span class='ocrx_word' id='word_1_630' title='bbox 2070 3646 2213 3696; x_wconf 82' lang='grc' dir='ltr'>ἐντὸς</span> <span class='ocrx_word' id='word_1_631' title='bbox 2235 3644 2406 3698; x_wconf 89' lang='grc' dir='ltr'>πάσης</span> <span class='ocrx_word' id='word_1_632' title='bbox 2426 3640 2613 3687; x_wconf 77' lang='grc' dir='ltr'>θαλάσ-</span> 
     </span>
    </p>
   </div>
   <div class='ocr_carea' id='block_1_13' title="bbox 83 3769 2615 3995">
    <p class='ocr_par' dir='ltr' id='par_1_19' title="bbox 83 3769 2615 3995">
     <span class='ocr_line' id='line_1_94' title="bbox 134 3769 2615 3830; baseline -0.005 -16"><span class='ocrx_word' id='word_1_633' title='bbox 134 3776 187 3824; x_wconf 82' lang='lat'>(*)</span> <span class='ocrx_word' id='word_1_634' title='bbox 204 3776 324 3825; x_wconf 83' lang='grc' dir='ltr'>παρὰ</span> <span class='ocrx_word' id='word_1_635' title='bbox 339 3775 354 3825; x_wconf 94' lang='grc'>]</span> <span class='ocrx_word' id='word_1_636' title='bbox 369 3777 463 3824; x_wconf 85' lang='grc' dir='ltr'>πέρα</span> <span class='ocrx_word' id='word_1_637' title='bbox 481 3776 579 3823; x_wconf 90' lang='lat' dir='ltr'><em>cod.;</em></span> <span class='ocrx_word' id='word_1_638' title='bbox 599 3774 674 3814; x_wconf 84' lang='lat' dir='ltr'><em>em.</em></span> <span class='ocrx_word' id='word_1_639' title='bbox 691 3779 888 3816; x_wconf 82' lang='lat' dir='ltr'><em>Letronne.</em></span> <span class='ocrx_word' id='word_1_640' title='bbox 906 3778 1048 3817; x_wconf 82' lang='lat' dir='ltr'><em>Deinde</em></span> <span class='ocrx_word' id='word_1_641' title='bbox 1065 3779 1318 3828; x_wconf 84' lang='grc' dir='ltr'>ἀγνοουμένως</span> <span class='ocrx_word' id='word_1_642' title='bbox 1335 3777 1520 3825; x_wconf 85' lang='lat' dir='ltr'><em>cod.;em.</em></span> <span class='ocrx_word' id='word_1_643' title='bbox 1532 3787 1660 3824; x_wconf 76' lang='lat' dir='ltr'><em>apogr.</em></span> <span class='ocrx_word' id='word_1_644' title='bbox 1682 3779 1767 3814; x_wconf 82' lang='lat' dir='ltr'><em>vat.</em></span> <span class='ocrx_word' id='word_1_645' title='bbox 1781 3775 2029 3824; x_wconf 82' lang='grc' dir='ltr'>-περίπλους</span> <span class='ocrx_word' id='word_1_646' title='bbox 2045 3778 2108 3819; x_wconf 83' lang='grc' dir='ltr'>τῆς</span> <span class='ocrx_word' id='word_1_647' title='bbox 2126 3773 2197 3810; x_wconf 85' lang='grc' dir='ltr'>οἰκ.</span> <span class='ocrx_word' id='word_1_648' title='bbox 2220 3781 2346 3819; x_wconf 82' lang='lat' dir='ltr'><em>apogr.</em></span> <span class='ocrx_word' id='word_1_649' title='bbox 2369 3769 2615 3830; x_wconf 45' lang='lat' dir='ltr'><em>Vah-upot-</em></span> 
     </span>
     <span class='ocr_line' id='line_1_95' title="bbox 85 3821 2613 3884; baseline -0.008 -7"><span class='ocrx_word' id='word_1_650' title='bbox 85 3833 134 3880; x_wconf 75' lang='grc' dir='ltr'><strong>ῒῆ</strong></span> <span class='ocrx_word' id='word_1_651' title='bbox 147 3834 293 3883; x_wconf 79' lang='grc' dir='ltr'>σασα]</span> <span class='ocrx_word' id='word_1_652' title='bbox 308 3835 494 3883; x_wconf 67' lang='grc' dir='ltr'>κρατήσας</span> <span class='ocrx_word' id='word_1_653' title='bbox 510 3833 611 3879; x_wconf 73' lang='lat' dir='ltr'><em>cod.;</em></span> <span class='ocrx_word' id='word_1_654' title='bbox 632 3843 706 3871; x_wconf 82' lang='lat' dir='ltr'><em>em.</em></span> <span class='ocrx_word' id='word_1_655' title='bbox 723 3843 781 3881; x_wconf 82' lang='lat' dir='ltr'><em>ap.</em></span> <span class='ocrx_word' id='word_1_656' title='bbox 795 3837 883 3873; x_wconf 83' lang='lat' dir='ltr'><em>vat.</em></span> <span class='ocrx_word' id='word_1_657' title='bbox 896 3836 1033 3884; x_wconf 86' lang='grc' dir='ltr'>-μήν</span> <span class='ocrx_word' id='word_1_658' title='bbox 1051 3835 1065 3884; x_wconf 92' lang='grc'>]</span> <span class='ocrx_word' id='word_1_659' title='bbox 1083 3836 1147 3883; x_wconf 83' lang='grc' dir='ltr'>μὲν</span> <span class='ocrx_word' id='word_1_660' title='bbox 1166 3846 1226 3883; x_wconf 84' lang='lat' dir='ltr'><em>ap.</em></span> <span class='ocrx_word' id='word_1_661' title='bbox 1242 3837 1328 3872; x_wconf 87' lang='lat' dir='ltr'><em>vat.</em></span> <span class='ocrx_word' id='word_1_662' title='bbox 1345 3856 1391 3865; x_wconf 90' lang='grc'>--</span> <span class='ocrx_word' id='word_1_663' title='bbox 1406 3834 1677 3884; x_wconf 81' lang='grc' dir='ltr'>προοικούντων</span> <span class='ocrx_word' id='word_1_664' title='bbox 1693 3833 1795 3879; x_wconf 89' lang='lat' dir='ltr'><em>cod.;</em></span> <span class='ocrx_word' id='word_1_665' title='bbox 1809 3843 1883 3869; x_wconf 85' lang='lat' dir='ltr'><em>em.</em></span> <span class='ocrx_word' id='word_1_666' title='bbox 1899 3843 1958 3879; x_wconf 84' lang='lat' dir='ltr'><em>ap.</em></span> <span class='ocrx_word' id='word_1_667' title='bbox 1978 3832 2065 3869; x_wconf 84' lang='lat' dir='ltr'><em>vat.</em></span> <span class='ocrx_word' id='word_1_668' title='bbox 2077 3854 2126 3862; x_wconf 84' lang='lat'>--</span> <span class='ocrx_word' id='word_1_669' title='bbox 2141 3831 2163 3874; x_wconf 84' lang='grc' dir='ltr'>ἢ</span> <span class='ocrx_word' id='word_1_670' title='bbox 2182 3828 2432 3871; x_wconf 86' lang='grc' dir='ltr'>ἀναζητεῖν</span> <span class='ocrx_word' id='word_1_671' title='bbox 2450 3825 2473 3868; x_wconf 83' lang='grc' dir='ltr'>ἢ</span> <span class='ocrx_word' id='word_1_672' title='bbox 2502 3821 2613 3859; x_wconf 87' lang='grc' dir='ltr'>εἰδε-</span> 
     </span>
     <span class='ocr_line' id='line_1_96' title="bbox 86 3876 2612 3943; baseline -0.005 -17"><span class='ocrx_word' id='word_1_673' title='bbox 86 3902 156 3927; x_wconf 88' lang='grc' dir='ltr'>ναι</span> <span class='ocrx_word' id='word_1_674' title='bbox 171 3889 185 3939; x_wconf 90' lang='grc'>]</span> <span class='ocrx_word' id='word_1_675' title='bbox 209 3891 232 3935; x_wconf 84' lang='grc' dir='ltr'>ἢ</span> <span class='ocrx_word' id='word_1_676' title='bbox 253 3890 332 3937; x_wconf 87' lang='grc' dir='ltr'>ἅμα</span> <span class='ocrx_word' id='word_1_677' title='bbox 348 3888 494 3936; x_wconf 71' lang='grc' dir='ltr'>ζητεῖν(</span> <span class='ocrx_word' id='word_1_678' title='bbox 511 3891 720 3938; x_wconf 71' lang='grc' dir='ltr'>αμαζητεῖν,</span> <span class='ocrx_word' id='word_1_679' title='bbox 741 3890 808 3936; x_wconf 73' lang='lat' dir='ltr'><em>Sic,</em></span> <span class='ocrx_word' id='word_1_680' title='bbox 829 3893 915 3929; x_wconf 83' lang='lat' dir='ltr'><em>vat.</em></span> <span class='ocrx_word' id='word_1_681' title='bbox 933 3892 1026 3937; x_wconf 89' lang='grc' dir='ltr'>)τινι</span> <span class='ocrx_word' id='word_1_682' title='bbox 1043 3893 1175 3930; x_wconf 86' lang='grc' dir='ltr'>εἰδέναι</span> <span class='ocrx_word' id='word_1_683' title='bbox 1191 3892 1275 3929; x_wconf 86' lang='lat' dir='ltr'><em>cod.</em></span> <span class='ocrx_word' id='word_1_684' title='bbox 1297 3914 1344 3925; x_wconf 77' lang='lat'><em>-</em></span> <span class='ocrx_word' id='word_1_685' title='bbox 1364 3891 1477 3940; x_wconf 86' lang='grc' dir='ltr'>μήτε</span> <span class='ocrx_word' id='word_1_686' title='bbox 1507 3902 1612 3929; x_wconf 84' lang='grc' dir='ltr'>τινα</span> <span class='ocrx_word' id='word_1_687' title='bbox 1629 3888 1686 3925; x_wconf 87' lang='lat' dir='ltr'><em>vel</em></span> <span class='ocrx_word' id='word_1_688' title='bbox 1710 3889 1766 3936; x_wconf 87' lang='grc' dir='ltr'>μή</span> <span class='ocrx_word' id='word_1_689' title='bbox 1790 3901 1836 3925; x_wconf 87' lang='grc' dir='ltr'>τε</span> <span class='ocrx_word' id='word_1_690' title='bbox 1864 3901 1905 3924; x_wconf 89' lang='grc' dir='ltr'>τι</span> <span class='ocrx_word' id='word_1_691' title='bbox 1922 3891 1982 3923; x_wconf 87' lang='grc' dir='ltr'>τώ</span> <span class='ocrx_word' id='word_1_692' title='bbox 1996 3899 2014 3922; x_wconf 89' lang='grc' dir='ltr'>ν</span> <span class='ocrx_word' id='word_1_693' title='bbox 2029 3885 2043 3933; x_wconf 91' lang='grc'>]</span> <span class='ocrx_word' id='word_1_694' title='bbox 2061 3885 2151 3933; x_wconf 87' lang='grc' dir='ltr'>μήτε</span> <span class='ocrx_word' id='word_1_695' title='bbox 2165 3884 2227 3920; x_wconf 84' lang='grc' dir='ltr'>τὸν</span> <span class='ocrx_word' id='word_1_696' title='bbox 2250 3877 2503 3943; x_wconf 42' lang='lat' dir='ltr'><em>emirum-cod.;</em></span> <span class='ocrx_word' id='word_1_697' title='bbox 2525 3876 2612 3943; x_wconf 60' lang='lat' dir='ltr'><em>fort.</em></span> 
     </span>
     <span class='ocr_line' id='line_1_97' title="bbox 83 3930 2615 3995; baseline -0.004 -13"><span class='ocrx_word' id='word_1_698' title='bbox 83 3940 212 3983; x_wconf 80' lang='lat' dir='ltr'><em>&#39;tamen</em></span> <span class='ocrx_word' id='word_1_699' title='bbox 228 3948 307 3983; x_wconf 78' lang='lat' dir='ltr'><em>erat</em></span> <span class='ocrx_word' id='word_1_700' title='bbox 331 3947 421 3995; x_wconf 83' lang='grc' dir='ltr'>μήτε</span> <span class='ocrx_word' id='word_1_701' title='bbox 436 3946 529 3983; x_wconf 87' lang='grc' dir='ltr'>τὸν..</span> <span class='ocrx_word' id='word_1_702' title='bbox 546 3945 676 3994; x_wconf 86' lang='grc' dir='ltr'>χρόνον</span> <span class='ocrx_word' id='word_1_703' title='bbox 701 3947 788 3982; x_wconf 81' lang='lat' dir='ltr'><em>Post</em></span> <span class='ocrx_word' id='word_1_704' title='bbox 805 3946 943 3983; x_wconf 84' lang='grc' dir='ltr'>ἐκείνου</span> <span class='ocrx_word' id='word_1_705' title='bbox 963 3947 1123 3985; x_wconf 84' lang='lat' dir='ltr'><em>editores</em></span> <span class='ocrx_word' id='word_1_706' title='bbox 1145 3947 1290 3985; x_wconf 86' lang='lat' dir='ltr'><em>addunt</em></span> <span class='ocrx_word' id='word_1_707' title='bbox 1306 3947 1508 3985; x_wconf 80' lang='lat' dir='ltr'><em>articulum</em></span> <span class='ocrx_word' id='word_1_708' title='bbox 1523 3949 1603 3992; x_wconf 81' lang='grc' dir='ltr'>τοῦ,</span> <span class='ocrx_word' id='word_1_709' title='bbox 1631 3946 1768 3991; x_wconf 77' lang='lat' dir='ltr'><em>praeter</em></span> <span class='ocrx_word' id='word_1_710' title='bbox 1791 3943 2066 3980; x_wconf 77' lang='lat' dir='ltr'><em>necessitatem.</em></span> <span class='ocrx_word' id='word_1_711' title='bbox 2087 3959 2138 3966; x_wconf 92' lang='lat'>-</span> <span class='ocrx_word' id='word_1_712' title='bbox 2152 3938 2309 3977; x_wconf 75' lang='grc' dir='ltr'>Αἴλιος</span> <span class='ocrx_word' id='word_1_713' title='bbox 2343 3937 2371 3970; x_wconf 89' lang='grc' dir='ltr'>Δ</span> <span class='ocrx_word' id='word_1_714' title='bbox 2384 3930 2477 3979; x_wconf 62' lang='lat' dir='ltr'><em>toz]</em></span> <span class='ocrx_word' id='word_1_715' title='bbox 2496 3930 2615 3972; x_wconf 73' lang='grc' dir='ltr'>Αιλιος</span> 
     </span>
    </p>
   </div>
   <div class='ocr_carea' id='block_1_14' title="bbox 45 4001 1862 4051">
    <p class='ocr_par' dir='ltr' id='par_1_20' title="bbox 45 4001 1862 4051">
     <span class='ocr_line' id='line_1_98' title="bbox 45 4001 1862 4051; baseline -0.002 -13"><span class='ocrx_word' id='word_1_716' title='bbox 45 4035 50 4038; x_wconf 85' lang='grc'><strong>.</strong></span> <span class='ocrx_word' id='word_1_717' title='bbox 89 4001 172 4046; x_wconf 83' lang='grc' dir='ltr'>Διὸς</span> <span class='ocrx_word' id='word_1_718' title='bbox 188 4002 271 4040; x_wconf 86' lang='lat' dir='ltr'><em>cod.</em></span> <span class='ocrx_word' id='word_1_719' title='bbox 298 4004 336 4040; x_wconf 82' lang='lat' dir='ltr'>et</span> <span class='ocrx_word' id='word_1_720' title='bbox 351 4013 496 4051; x_wconf 82' lang='lat' dir='ltr'><em>apogr.;</em></span> <span class='ocrx_word' id='word_1_721' title='bbox 519 4001 638 4046; x_wconf 74' lang='grc' dir='ltr'>Λίλιος</span> <span class='ocrx_word' id='word_1_722' title='bbox 658 4001 847 4045; x_wconf 80' lang='grc' dir='ltr'>Διονύσιος</span> <span class='ocrx_word' id='word_1_723' title='bbox 864 4012 1057 4050; x_wconf 84' lang='lat' dir='ltr'><em>perperam</em></span> <span class='ocrx_word' id='word_1_724' title='bbox 1073 4003 1178 4041; x_wconf 85' lang='lat' dir='ltr'><em>editt.</em></span> <span class='ocrx_word' id='word_1_725' title='bbox 1196 4004 1289 4042; x_wconf 86' lang='lat' dir='ltr'><em>Vide</em></span> <span class='ocrx_word' id='word_1_726' title='bbox 1305 4006 1366 4042; x_wconf 87' lang='lat' dir='ltr'><em>Fr.</em></span> <span class='ocrx_word' id='word_1_727' title='bbox 1388 4002 1480 4041; x_wconf 81' lang='lat' dir='ltr'><em>Hist.</em></span> <span class='ocrx_word' id='word_1_728' title='bbox 1510 4003 1602 4039; x_wconf 85' lang='lat' dir='ltr'><em>tom.</em></span> <span class='ocrx_word' id='word_1_729' title='bbox 1626 4001 1692 4046; x_wconf 77' lang='grc' dir='ltr'>Ν,</span> <span class='ocrx_word' id='word_1_730' title='bbox 1709 4010 1744 4047; x_wconf 85' lang='lat' dir='ltr'>p.</span> <span class='ocrx_word' id='word_1_731' title='bbox 1778 4001 1862 4035; x_wconf 87' lang='lat'>397.</span> 
     </span>
    </p>
   </div>
   <div class='ocr_carea' id='block_1_15' title="bbox 251 4069 429 4110">
    <p class='ocr_par' dir='ltr' id='par_1_21' title="bbox 251 4069 429 4110">
     <span class='ocr_line' id='line_1_99' title="bbox 251 4069 429 4110; baseline 0.011 -10"><span class='ocrx_word' id='word_1_732' title='bbox 251 4069 384 4102; x_wconf 69' lang='lat' dir='ltr'><em>cr‘ncn.</em></span> <span class='ocrx_word' id='word_1_733' title='bbox 405 4083 429 4110; x_wconf 84' lang='lat'>1.</span> 
     </span>
    </p>
   </div>
   <div class='ocr_carea' id='block_1_16' title="bbox 2428 4031 2445 4056">
    <p class='ocr_par' dir='ltr' id='par_1_22' title="bbox 2428 4031 2445 4056">
     <span class='ocr_line' id='line_1_100' title="bbox 2428 4031 2445 4056; baseline 0 0"><span class='ocrx_word' id='word_1_734' title='bbox 2428 4031 2445 4056; x_wconf 80' lang='lat' dir='ltr'>C</span> 
     </span>
    </p>
   </div>
  </div>
 </body>
</html>
