2782 4348
448 8 498 63 Ο
758 51 767 54 -

662 88 711 137 Ο

131 176 220 217 106

128 289 193 324 τες
212 266 443 333 γὰρπολὺν
466 234 549 324 &a
570 263 732 328 χρόνον,
753 261 836 312 τοῖς
858 259 901 305 δὲ
922 257 1090 319 τρόποις
1112 255 1224 308 ὄντες
1243 254 1362 302 ἔλεό-

131 344 264 403 θεροι,
298 337 484 398 μεγάλην
504 333 719 393 εἰλήφασιν
739 328 819 382 ἕξιν
844 331 918 372 τοῦ
942 324 1077 389 φέρειν
1101 324 1293 389 ῥαθύμως
1313 323 1368 371 τὰ

129 407 456 469 προσπίπτοντα.
522 402 576 449 ‘0
599 399 736 460 στίχος
760 394 968 443 Φιλίσκου
982 412 994 423 ·

228 505 409 551 xpm-m
424 494 549 546 σφόδρ’
566 493 644 533 εστι
661 489 799 533 Χαλκὶς
816 471 1004 535 Ἑλλήνων
1021 486 1143 532 πόλις.

711 605 763 654 Β”

193 735 295 782 Ὅτι
322 733 368 777 τὸ
391 728 647 787 καλούμενον
682 727 851 785 Πήλιον·
866 725 958 790 ὄρος
980 726 1089 789 μίγα
1111 727 1148 773 τ’
1175 726 1263 773 ἐστὶ
1299 727 1372 774 καὶ

137 804 302 856 ὑλῶδες,
326 799 471 862 δένδρα
495 797 591 861 ἔχον
610 801 795 845 τοσαῦτα
807 796 1082 860 ·καρποφόρα,
1104 794 1181 842 ὅσα
1204 796 1276 843 καὶ
1298 795 1374 849 τὰς

131 876 211 918 τῶν
240 868 559 932 γεωργουμένων
595 866 815 927 συμὸαίνει
849 865 1005 930 χώρας.
1074 868 1161 912 Τοῦ
1195 866 1231 910 δ’
1258 864 1374 927 ὄρους

106 996 110 1000 7
131 947 157 999 ἡ
182 939 357 1002 μεγίστη
390 937 463 983 καὶ
484 936 725 993 λασιωτάτη
755 935 846 1000 ῥίζα
869 938 944 990 τῆς
976 934 1135 986 πόλεως
1154 932 1263 979 κατὰ
1299 932 1374 993 μὲν

131 1011 259 1056 πλοῦν
281 1008 315 1063 ζ’
336 1006 488 1071 ἀπέχει
511 1006 682 1063 στάδια,
706 1007 811 1068 πεζῇ
838 1004 881 1052 δὲ
901 1002 959 1053 κ’.
1030 1003 1083 1068 (ε)
1110 1005 1203 1051 Πᾶν
1226 1003 1262 1048 δ’
1286 1001 1375 1049 ἐστὶ

130 1081 178 1126 τὸ
210 1079 301 1143 ὄρος
340 1076 543 1139 μαλακὸν,
569 1074 778 1138 γεώλοφόν
807 1093 851 1121 τε
891 1073 964 1120 καὶ
999 1073 1243 1136 πάμφορον·
1277 1071 1377 1129 ὕλης

132 1152 168 1196 δ’
190 1153 231 1197 ἐν
256 1148 370 1211 αὐτῷ
403 1154 486 1192 πᾶν
510 1145 659 1210 φύεται
694 1143 833 1207 γένος·
857 1142 1057 1201 πλείστην
1081 1142 1116 1189 δ’
1136 1141 1257 1199 ὀξύην
1290 1140 1376 1204 ἔχει

133 1218 204 1266 καὶ
236 1217 403 1275 ἐλάτην,
435 1214 694 1279 σφένδαμνόν
715 1233 760 1261 τε
783 1212 855 1260 καὶ
885 1212 1045 1274 ζυγίαν,
1083 1212 1142 1258 ἔτι
1166 1211 1209 1258 δὲ
1238 1211 1377 1258 κυπά-

135 1305 272 1350 ρισσον
305 1285 378 1332 καὶ
400 1283 570 1347 κέδρον·
598 1283 686 1330 ἔστι
711 1283 746 1330 δ’
766 1286 807 1330 ἐν
846 1284 959 1345 αὐτῷ
981 1283 1051 1329 καὶ
1087 1280 1188 1338 ἄνθη
1205 1316 1219 1339 ,
1255 1279 1309 1327 τά
1333 1298 1377 1327 τε

135 1356 260 1420 ἄγρια
294 1352 532 1414 καλούμενα
567 1354 701 1415 λείρια
744 1352 816 1399 καὶ
847 1352 1052 1415 λυχνῑδες.
1121 1352 1171 1413 (3)
1212 1350 1377 1399 Γίνεται

138 1427 174 1472 δ’
198 1427 240 1472 ἰν
282 1426 396 1488 αὗτῷ
435 1423 507 1470 καὶ
543 1422 698 1485 βοτάνη
733 1424 775 1468 ἐν
808 1425 891 1474 τοῖς
923 1421 1154 1484 χερσώδεσι
1192 1419 1377 1480 μάλιστα

134 1494 301 1559 χωρίοις
318 1494 390 1540 καὶ
411 1492 499 1557 ῥίζα
519 1492 701 1554 δένδρου,
723 1490 813 1548 ἥτις
835 1494 915 1537 τῶν
937 1490 1067 1554 ὄφεων
1088 1490 1287 1550 δήγματα
1306 1490 1379 1536 δο-

137 1565 203 1611 κεῖ
232 1562 403 1624 ἀπέχειν
424 1561 683 1608 ἐπικίνδυνα·
718 1559 810 1612 τοὺς
833 1559 909 1621 μὲν
940 1562 987 1606 ἐκ
1010 1562 1082 1615 τῆς
1113 1558 1255 1623 χώρας
1286 1551 1381 1621 ἕνῇ

137 1633 293 1697 πέφυκε
321 1635 373 1694 τῇ
395 1633 508 1694 ὀσμῇ
534 1629 698 1693 μακρὰν
735 1628 985 1690 ἀπελαύνει,
1006 1628 1098 1681 τοὺς
1129 1627 1167 1674 δ’
1190 1626 1379 1690 ἐγγίσαν-

137 1721 211 1755 τας
240 1703 423 1764 ἆχρειοῑ,
459 1699 585 1764 κάρον
618 1698 911 1762 καταχέουσα,
946 1698 1039 1750 τοὺς
1074 1697 1108 1743 δ’
1142 1697 1381 1761 ἁψαμένους

141 1773 266 1828 αὐτῆς
290 1770 515 1833 ἄναιρεῖτῇ
533 1771 660 1831 ὀσμῇ·
698 1772 749 1830 (4)
766 1768 961 1824 τοιαύτην
984 1766 1060 1824 τὴν
1079 1766 1252 1827 δύναμιν
1271 1765 1377 1829 ἔχει,

147 1940 206 1949 -
227 1916 367 1963 ὄντες
386 1916 402 1971 ]
449 1915 626 1971 μένοντες
660 1913 771 1969 conj.
801 1915 938 1955 Marx.
980 1914 997 1968 ΙΙ
1032 1937 1091 1945 -
1112 1912 1194 1956 ἐστὶ
1215 1913 1390 1970 Χαλκὶς]

146 1977 249 2020 ἐστὶν
267 1976 293 2030 ᾖ
321 1976 446 2019 Χαλκ.
478 1975 592 2028 cod.;
631 1991 716 2018 em.
755 1975 960 2018 Meineke.
999 1976 1196 2031 Sequitur
1227 1978 1270 2017 in
1294 1975 1388 2019 cod.

141 2041 272 2083 Paris.
296 2040 376 2091 443
396 2054 444 2096 p.
470 2053 563 2091 121,
585 2041 637 2081 23
658 2039 932 2094 fragmentum
955 2036 1070 2094 quod
1088 2038 1208 2079 nobis
1229 2046 1291 2079 εει
1310 2046 1389 2079 ter·

142 2104 264 2145 tium.

198 2168 374 2209 Fuon.
409 2169 465 2208 Π.
503 2168 594 2208 Hoc
630 2166 904 2221 fragmentum
942 2166 985 2207 in
1022 2164 1176 2208 codicis
1208 2165 1382 2206 Parisini

141 2230 197 2271 N.
219 2228 295 2284 571
320 2228 419 2271 folio
434 2228 613 2282 ultimo(
630 2229 743 2282 430)
759 2226 1024 2283 subjungitur
1045 2228 1259 2283 Excerptis
1275 2228 1385 2269 Stra·

145 2290 348 2334 bonianis.
366 2289 485 2333 Idem
507 2299 639 2332 exstat
658 2292 700 2332 iu
723 2289 867 2332 codice
890 2289 1103 2342 Gudiano,
1125 2305 1175 2331 ex
1202 2304 1287 2345 quo
1312 2289 1383 2331 de-

143 2353 342 2410 scriptum
377 2351 430 2394 ad
459 2352 708 2395 Hudsonum
745 2353 857 2394 misit
886 2352 1112 2394 Fabricius.
1144 2351 1307 2393 Titulus
1341 2352 1383 2392 in

144 2416 287 2459 codice
303 2417 491 2460 Parisino
514 2416 649 2458 nullus
674 2425 759 2467 est3
785 2416 829 2458 in
843 2415 1041 2459 Gudiano
1054 2417 1183 2473 petita
1198 2430 1248 2457 ex
1267 2429 1387 2470 argu-
1412 2447 1415 2451 .

146 2487 285 2521 mento
301 2478 516 2534 fragmenti
531 2479 768 2534 inscriptio:
793 2477 1007 2534 Ἀναγραφὴ
1022 2483 1090 2520 τοῦ
1102 2478 1250 2531 Πηλίου
1259 2478 1382 2533 ὄρους.

202 2544 226 2595 S
252 2555 288 2583 1.
316 2542 446 2597 μέγα
468 2541 503 2582 τ’
527 2540 667 2597 ἐστὶ]
696 2556 737 2596 μ.
764 2556 805 2583 τε
841 2540 923 2582 ἐστὶ
941 2541 1036 2582 cod.
1073 2543 1167 2583 Par.
1207 2541 1387 2595 δένδρα

148 2604 264 2658 ἔχον
287 2604 301 2659 ]
325 2605 362 2645 δ.
403 2603 508 2659 ἔχων
531 2602 625 2645 cod.
665 2605 760 2645 Par.
783 2604 800 2659 ΙΙ
826 2628 883 2636 -
903 2607 988 2655 τῆς
1023 2603 1211 2650 πόλεως
1245 2603 1343 2658 ]sc.
1365 2616 1389 2643 a

148 2666 409 2708 Demetriade
428 2667 546 2717 urbe,
571 2666 623 2707 de
641 2680 722 2722 qua
744 2667 787 2707 in
802 2666 1140 2708 antecedentibus
1154 2679 1389 2707 sermonem

150 2727 272 2770 fuisse
300 2738 411 2784 patet
432 2744 455 2770 e
487 2729 568 2770 fine
601 2729 834 2783 fragmenti.
860 2731 1053 2771 Ceterum
1088 2727 1302 2784 quomodo
1325 2728 1389 2768 in·

148 2790 365 2846 telligenda
390 2793 470 2833 sint
495 2792 616 2833 verba
652 2791 751 2833 κατόι
772 2791 839 2847 μὲν
870 2792 992 2834 πλοῦν
1015 2790 1052 2840 ζ’
1081 2791 1216 2846 ἀπέχει
1237 2791 1388 2842 στάδια,

150 2855 248 2911 πεζῇ
265 2853 306 2895 δὲ
332 2853 384 2905 κ’,
406 2853 537 2895 fateor
559 2869 626 2895 me
647 2868 731 2894 non
753 2856 928 2909 assequi.

206 2918 286 2971 Sa.
307 2916 452 2972 ὕλης]
470 2917 529 2957 sic
546 2915 683 2967 editt.;
701 2916 775 2968 ὕλη
791 2916 915 2957 codd.
937 2919 953 2969 Η
974 2940 1030 2947 -
1047 2915 1162 2968 ὀξύη
1177 2917 1231 2971 ν]
1257 2935 1273 2951 ι
1296 2917 1391 2957 Νοη

151 2978 247 3020 satis
274 2979 381 3020 inter
402 2979 651 3020 recentiores
671 2979 908 3027 convenire,
931 2991 1022 3032 quae
1044 2977 1180 3032 planta
1201 2977 1291 3025 ὄξύα
1310 2976 1391 3018 dici

150 3037 314 3092 debeat,
336 3042 361 3083 J
366 3072 376 3083 .
404 3038 581 3083 Bodaeus
601 3055 626 3082 a
646 3039 781 3097 Stapel
796 3038 897 3081 dicit
914 3038 966 3081 ad
984 3039 1259 3095 Theophrasti
1284 3040 1390 3080 nist.

152 3100 208 3158 pl.
230 3102 308 3153 111,
331 3113 375 3154 α,
398 3116 441 3159 p.
471 3114 545 3157 ¹7¹
579 3100 685 3155 (ubi
715 3115 763 3143 ea
797 3100 1094 3155 describitur).
1130 3103 1228 3142 Esse
1258 3109 1392 3142 tamen

152 3162 349 3217 eandem,
366 3177 459 3220 quae
487 3178 511 3206 a
537 3163 710 3206 Linnaeo
740 3178 910 3221 quercus
928 3163 1053 3205 emis
1085 3162 1261 3214 dicatur,
1284 3178 1395 3205 nunc

155 3226 239 3268 fere
267 3234 480 3283 receptum
501 3234 561 3268 est
619 3225 685 3268 Cf.
720 3225 939 3268 Salmasius
971 3225 1023 3267 ad
1054 3225 1184 3268 Solim
1219 3240 1262 3282 p.
1290 3227 1393 3277 3343

155 3289 289 3344 Heyn.
307 3286 359 3330 ad
374 3289 501 3330 Hom.
525 3287 573 3330 11.
596 3289 653 3339 V,
672 3288 725 3331 50
740 3296 819 3329 etc.
849 3308 866 3324 ι
885 3289 1106 3330 Maurus.
1135 3289 1229 3343 11—
1255 3289 1396 3344 σφίν-

156 3351 212 3391 δα
223 3366 310 3406 μνο
322 3366 343 3392 ν
359 3352 374 3407 ]
396 3350 590 3407 σφέδαμον
605 3349 701 3393 cod.
719 3350 848 3393 Paris.
876 3369 893 3386 ι
907 3349 1155 3407 Σφίνδαμνον
1164 3350 1229 3392 καὶ
1242 3351 1395 3407 ζυγίαν,

157 3426 305 3467 genera
318 3413 462 3465 aceris,
482 3427 574 3469 quae
589 3413 700 3455 circa
721 3412 945 3469 Olympum
963 3411 1218 3456 Macedoniae
1237 3414 1399 3470 potissi-

157 3487 272 3515 mum
289 3474 575 3517 nascebantur.
592 3476 647 3517 V.
670 3474 845 3517 Bodaeus
865 3474 918 3517 ad
930 3474 1122 3531 Theoph.
1139 3474 1168 3517 l.
1188 3474 1217 3518 l.
1234 3489 1277 3532 p.
1303 3477 1396 3526 184.

158 3536 352 3577 Ceterum
371 3551 491 3578 mons
506 3537 647 3579 Pelion
662 3539 786 3580 etiam
802 3552 823 3579 a
842 3537 1131 3593 Theophrasto
1150 3539 1228 3589 VI,
1246 3540 1270 3588 4
1294 3538 1402 3580 inter

158 3609 231 3640 eos
244 3607 503 3650 numeratur,
528 3599 678 3655 quibis
697 3599 916 3642 arboribus
930 3607 1054 3656 atque
1072 3601 1195 3643 etiam
1219 3599 1402 3643 odoratis

160 3657 390 3702 abundant.
414 3680 431 3696 ·
454 3662 672 3703 Mantus.

217 3722 243 3775 S
258 3720 301 3763 3.
327 3720 519 3777 βοτζάνη
535 3722 551 3777 ]
569 3721 710 3763 Planta
739 3722 826 3765 baec
852 3724 1059 3779 Χειρώνιον
1079 3725 1305 3781 appellatur
1332 3738 1399 3782 ap.

161 3781 438 3839 'I'heophrast-
458 3782 513 3824 Η.
538 3782 598 3825 ΡΙ.
616 3785 694 3835 ῙΧ,
718 3797 762 3825 n
787 3798 796 3826 ε
818 3785 992 3841 Χρῶνται
1021 3785 1062 3828 δί
1082 3789 1171 3840 (sc.
1190 3793 1247 3844 τῷ
1261 3788 1404 3844 Χειρω·

165 3845 268 3901 νίῳ)
286 3845 379 3901 πρός
395 3859 437 3887 τε
459 3843 548 3894 τοὺς
565 3843 669 3901 ἔχεις
695 3846 760 3887 καὶ
781 3846 829 3888 τὰ
846 3847 1046 3904 φαλάγγια
1075 3849 1138 3891 καὶ
1165 3851 1251 3899 τοὺς
1286 3854 1407 3903 σῆπας

167 3906 232 3948 καὶ
248 3907 376 3950 τᾶλλα
399 3906 552 3965 ξρπετὰ,
577 3908 746 3958 διδόντες
765 3908 804 3951 ἔν
821 3908 931 3967 οἴνῳ.
952 3912 1187 3954 Dioscorid.
1217 3916 1293 3965 111,
1318 3915 1369 3969 57
1392 3926 1402 3955 Ζ

166 3968 339 4020 Πάνακες
358 3971 564 4028 Χειρώνιον
582 3971 715 4027 φύεται
735 3972 904 4029 μάλιστα
925 3972 963 4014 ἐν
983 3979 1040 4030 τῷ
1063 3974 1200 4032 Πηλίῳ
1219 3977 1312 4031 ὄρει.
1335 3978 1406 4019 Ni·

862 155 1207 205 mcffisucffl
1241 153 1362 201 VEL
1393 153 1611 202 Portus
1643 154 1936 202 Arm-:Nm

2438 149 2724 215 (wana-t
2739 137 2759 210 s

1436 270 1624 320 tempore
1650 264 1694 306 in
1716 265 1956 306 servitutem
1983 262 2155 313 redacti,
2176 261 2249 303 scd
2281 260 2467 303 moribus
2485 259 2748 322 instructis<>

1437 330 1649 386 ingenuis,
1666 345 1858 387 magnam
1876 331 1985 373 nacti
2005 338 2103 372 sunt
2122 329 2354 372 facultatem
2379 341 2498 383 aequo
2520 325 2742 384 ferendizssffiffi

1438 397 1581 440 animo
1599 411 1718 440 casus
1734 398 1891 455 patriae.
1950 397 2152 440 Philiscus
2169 396 2222 438 dc
2248 397 2296 438 iis
2321 396 2375 437 ita
2397 395 2519 437 habet
2540 408 2550 435 z

1525 491 1634 528 valde
1651 491 1847 537 proborum
1862 491 1999 527 mincis
2013 494 2222 527 Graeeorum
2239 492 2325 526 urbs
2338 493 2402 525 cst.

2015 606 2093 667 ju.

1497 736 1621 777 Mons
1642 734 1777 777 Pelius
1796 742 1934 776 vastus
1951 742 1992 775 et
2013 748 2257 776 nemorosus
2278 742 2338 775 cst
2351 766 2361 782 ,
2385 742 2444 775 tot
2469 734 2683 787 frugiferas
2728 725 2753 770 'f'

1442 793 1678 891 producens
1689 794 1875 843 arbores,
1891 802 1995 849 quot
2013 794 2076 835 vel
2090 794 2133 835 in
2148 795 2267 835 terris
2286 794 2502 835 hominum
2521 794 2686 836 assiduo
2746 794 2747 799 ’

1458 850 1584 892 abore
1603 852 1777 893 excultis
1797 852 2017 908 provenire
2033 852 2181 895 solent.
2241 854 2503 910 Amplissima
2523 862 2563 894 ct
2582 853 2686 896 den·
2743 902 2746 903 7

1443 910 1604 951 sissima
1639 910 1758 952 radix
1792 911 1948 953 montis
1982 910 2036 953 ab
2071 912 2177 954 urbe
2203 914 2220 967 (
2237 913 2494 956 Demetriade
2512 916 2526 969 )
2563 913 2688 957 distat
2751 924 2759 947 ἰ

1446 968 1590 1010 stadiis
1610 979 1768 1026 septem
1781 1001 1792 1021 ,
1816 970 1851 1011 si
1870 969 2126 1012 maritimum
2148 971 2226 1013 iter
2243 982 2482 1030 computcs;
2502 983 2542 1015 at
2562 975 2593 1015 si
2616 989 2686 1031 pe-
2751 1022 2754 1023 7

1446 1026 1605 1079 destre,
1648 1027 1791 1070 stadiis
1816 1028 1978 1083 viginti.
2037 1029 2101 1084 (a)
2132 1030 2361 1073 Universus
2394 1046 2516 1075 mons
2538 1033 2688 1088 gaudet
2770 1082 2774 1083 7

1446 1097 1556 1130 terra
1573 1088 1776 1140 molliore,
1797 1088 1969 1131 collibus
1986 1087 2205 1130 distinctus
2223 1099 2299 1140 ωε,
2321 1104 2595 1149 magnamque
2616 1092 2687 1135 ha·
2754 1091 2767 1139 f

1448 1147 1518 1189 bet
1538 1147 1807 1191 fertilitatem.
1866 1150 2004 1191 Omne
2032 1148 2230 1191 arborum
2251 1150 2600 1208 arbustorumque
2622 1166 2690 1207 ge·
2763 1171 2766 1174 ⁴

1449 1218 1527 1245 nus
1548 1204 1592 1245 in
1613 1218 1664 1245 eo
1688 1205 1886 1247 nascitur.
1927 1205 2137 1261 Praecipue
2157 1204 2343 1247 abundat
2362 1204 2531 1257 arbore,
2563 1221 2691 1263 quam
2754 1257 2758 1259 7

1455 1278 1478 1305 a
1499 1263 1605 1305 soliis
1626 1264 1802 1320 spinosis
1817 1277 1967 1320 oxyam
1987 1265 2003 1317 (
2022 1264 2251 1305 aculeatam
2269 1267 2284 1317 )
2307 1279 2436 1319 graece
2458 1265 2691 1322 appelleon
2752 1259 2763 1317 s

1450 1318 1645 1375 frequens
1667 1320 1708 1361 in
1732 1319 1802 1362 illo
1839 1319 1976 1371 abies,
2008 1334 2117 1371 acer,
2142 1320 2378 1375 singillatim
2407 1335 2537 1376 genus
2567 1322 2695 1364 aceris
2747 1331 2750 1334 ’

1452 1393 1545 1434 quae
1565 1379 1679 1434 zygia
1702 1387 1893 1430 vocatur,
1913 1393 2130 1436 cupressus
2146 1393 2312 1435 quoque
2333 1388 2374 1421 et
2395 1380 2557 1423 cedrus.
2616 1380 2695 1423 Ne·
2747 1377 2760 1388 ‘⁷

1451 1448 1533 1490 que
1554 1434 1727 1476 floribus
1748 1434 2013 1485 destituitur3
2034 1434 2158 1476 habet
2171 1435 2283 1476 enim
2302 1434 2433 1477 lilium
2452 1437 2634 1479 silvestre
2652 1446 2694 1479 et
2755 1479 2758 1480 γ

1451 1505 1589 1532 rosam
1612 1486 1865 1546 lychnidem.
1926 1492 1990 1544 (3)
2019 1491 2204 1532 Plantam
2238 1504 2403 1547 quoque
2422 1491 2494 1533 alit
2527 1492 2567 1534 in
2592 1492 2695 1534 locis

1452 1546 1632 1587 maxime
1671 1546 1925 1588 silvestribus
1960 1545 2131 1601 ejusque
2164 1546 2324 1588 fruticis
2356 1546 2567 1599 radicem,
2605 1562 2698 1603 quae

1452 1610 1691 1658 serpentum
1731 1616 1893 1643 morsus
1932 1601 2183 1658 periculosos
2222 1616 2362 1644 arcere
2399 1602 2587 1654 videtum
2628 1617 2698 1645 eos

1451 1657 1563 1698 enim
1586 1671 1609 1698 a
1627 1657 1719 1698 loco
1742 1658 1783 1698 in
1805 1672 1890 1714 quo
1912 1658 2095 1699 nascitur
2113 1658 2258 1714 procul
2275 1657 2454 1714 repellit;
2476 1658 2699 1715 appropin-
2764 1695 2766 1697 ,

1451 1721 1626 1768 quantae
1653 1727 1750 1754 vero
1777 1714 1893 1754 omni
1929 1712 2118 1755 facultate
2144 1712 2320 1755 nocendi
2354 1714 2498 1765 exuit,
2529 1722 2699 1756 veterno

1452 1766 1652 1819 induct03
1677 1770 1749 1824 qui
1783 1770 1997 1824 attigerint
2029 1768 2232 1825 denique,
2267 1768 2396 1811 odore
2421 1783 2499 1811 suo
2530 1768 2699 1812 occidit.

1457 1913 1618 1956 >eander
1637 1914 1765 1957 Ther.
1796 1915 1873 1957 505
1895 1929 1904 1957 :
1927 1915 2091 1971 Πρώτην
2110 1915 2178 1971 μὲν
2208 1916 2396 1972 Χείρωνος
2414 1915 2581 1959 ἔπαλθέα
2597 1915 2703 1972 ῥίζαν

1464 1975 1617 2018 ἑλέσθαι
1648 1977 1863 2033 Κενταύρου
1883 1978 2072 2034 Κρονίδαο
2094 1979 2334 2034 φερώνυμον,
2369 1978 2416 2031 ἥν
2438 1993 2531 2021 ποτε
2561 1978 2705 2035 Χείρων

1463 2036 1614 2090 Πηλίου
1629 2038 1669 2081 ἐν
1686 2040 1852 2095 νιφόεντι
1867 2040 1990 2095 κιχὼν
2010 2038 2224 2096 ἐφράσσατο
2241 2041 2360 2097 δειρῇ.
2379 2040 2455 2094 Τῆς
2472 2039 2539 2097 μὲν
2558 2039 2706 2097 ἀμαρα-

1468 2100 1610 2143 κόεσσα
1628 2100 1728 2158 χυτὴ
1745 2104 1991 2159 περιδέδρομε
2010 2103 2145 2159 χαίτη,
2172 2103 2308 2144 Ἄνθεα
2328 2102 2370 2145 δὲ
2390 2103 2550 2159 χρύσεια
2564 2104 2709 2159 φαείνε-

1467 2177 1543 2204 ται·
1577 2162 1601 2216 ἣ
1624 2164 1659 2204 δ’
1674 2163 1765 2220 ὓπέρ
1781 2162 1868 2217 αἴης
1897 2163 2007 2213 Ῥίζα
2028 2165 2093 2206 καὶ
2108 2164 2152 2206 οὗ
2170 2165 2347 2220 βυθόωσα
2363 2165 2619 2222 Πελεθρόνιον
2640 2169 2708 2208 νά-

1467 2241 1537 2274 πος
1559 2224 1658 2281 ἔχει.
1690 2227 1707 2281 ΙΙ
1733 2251 1790 2259 —-
1805 2227 1889 2268 καὶ
1910 2226 2022 2283 ῥίζα
2050 2227 2235 2283 δένδρου]
2255 2243 2292 2269 κ.
2314 2226 2400 2283 ῥίζα
2416 2226 2589 2284 δὶῆδρου
2610 2229 2705 2273 cod.
2744 2269 2753 2279 ,

1469 2287 1652 2330 Gudian.
1675 2290 1915 2331 Lectionem
1938 2289 2094 2345 δένδρου
2111 2304 2135 2330 e
2150 2287 2260 2345 conj.
2272 2288 2360 2345 jam
2377 2290 2609 2333 restituerat
2626 2291 2710 2334 Sal·

1471 2352 1639 2395 masius.
1665 2370 1681 2391 α
1701 2351 1866 2394 Gudius
1879 2353 1959 2406 leg.
1984 2350 2215 2408 conjecerat
2232 2352 2318 2409 ῥίζα
2329 2350 2408 2405 δὲῆ
2424 2352 2532 2409 ἄρου.
2554 2353 2711 2398 Plinius

1470 2415 1629 2467 XXIV,
1651 2430 1689 2457 c.
1716 2419 1781 2467 16,
1800 2414 1852 2456 de
1868 2414 2005 2457 radice
2021 2416 2081 2456 ari
2108 2428 2118 2456 z
2141 2425 2346 2473 serpentes
2364 2414 2505 2458 nidore
2522 2430 2615 2459 cum
2628 2431 2711 2459 cre-

1472 2486 1624 2528 matur,
1636 2477 1924 2536 privatimque
1937 2477 2105 2535 aspides
2111 2477 2258 2531 sugat,
2280 2487 2355 2519 aut
2373 2477 2564 2529 inebriat,
2587 2479 2649 2521 im
2664 2490 2711 2521 ut

1472 2548 1675 2596 torpentes
1709 2539 1988 2581 inveniantur.
2027 2558 2044 2575 ι
2077 2540 2326 2581 ΡΛΒιιιοιυε.
2360 2540 2458 2581 Vim
2480 2539 2629 2595 plantae
2649 2542 2710 2583 vel

1474 2601 1646 2653 fruticis,
1668 2615 1792 2656 quam
1816 2615 1930 2643 nunc
1950 2601 2106 2655 δένδρον
2121 2609 2340 2656 excerptor
2360 2600 2476 2652 dicit,
2503 2601 2544 2642 in
2573 2602 2711 2646 radice

1474 2661 1596 2704 fuisse
1613 2677 1664 2705 ex
1684 2661 1896 2704 Nicandro
1914 2661 2133 2716 colligitur.
2164 2663 2357 2703 Ceterum
2386 2663 2519 2704 oratio
2541 2662 2708 2708 hiulcat.

1473 2724 1747 2781 Exspectabas
1777 2725 1972 2780 βοτάνη...
1991 2723 2097 2780 ῥίζαν
2115 2723 2276 2780 ἔχουσα,
2298 2725 2476 2777 ἤτις,’νοί
2496 2725 2573 2768 tale
2587 2728 2705 2783 quid.

1479 2788 1495 2841 ΙΙ
1526 2811 1584 2820 —
1604 2788 1753 2829 δοκεῖ’
1780 2785 1979 2842 ἀπέχειν
1999 2785 2063 2828 vel
2082 2785 2217 2842 εἶργε
2235 2787 2307 2843 ιν]
2332 2789 2463 2830 δοκεῖν
2483 2787 2590 2845 ἔχειν
2613 2791 2709 2834 cod.

1474 2850 1620 2900 Paris.;
1644 2849 1828 2906 δήγματα
1843 2847 1945 2890 ἰᾶται
1963 2849 2092 2891 δοκεῖν
2109 2848 2215 2904 ἔχειν
2235 2849 2328 2890 cod.
2349 2850 2481 2902 Gud„
2509 2851 2624 2895 unde
2639 2854 2712 2896 eli·

1474 2913 1556 2953 cias
1578 2910 1709 2953 εἰᾶται
1724 2911 1789 2953 καὶ
1802 2912 1917 2953 δοκεῖ
1927 2910 2045 2967 ἀπίχ.
2067 2910 2127 2953 vel
2149 2910 2276 2953 ἰᾶσθαι
2295 2913 2514 2970 δοκεῖ’[καὶ]
2537 2913 2711 2972 ἀπέχειν.

1475 2976 1522 3015 In
1544 2982 1722 3017 mentem
1737 2975 1860 3016 etiam
1884 2977 1995 3016 venit
2006 2974 2129 3030 ὄφεων
2150 2974 2332 3031 δήγματα
2363 2974 2465 3017 ἰᾶται
2483 2977 2549 3018 καὶ
2565 2978 2713 3021 δάκεων

1476 3035 1601 3092 ἔχεών
1618 3037 1652 3079 τ’
1682 3035 1913 3079 ἐπικίνδυνα.
1934 3036 2013 3079 Sed
2030 3035 2193 3079 videtur
2207 3039 2345 3094 potius
2362 3036 2463 3079 ἰᾶται
2478 3038 2590 3081 scioli
2607 3040 2712 3094 glos·

1475 3113 1586 3140 sema
1603 3114 1690 3141 esse
1707 3098 1759 3142 ad
1788 3114 1931 3141 vocem
1954 3098 2111 3155 ἀπέχειν
2134 3100 2194 3142 vel
2215 3099 2371 3157 εἴργειν.
2406 3101 2528 3144 Nunc
2547 3104 2711 3146 nonnisi

1475 3160 1528 3201 (le
1550 3162 1587 3202 vi
1603 3161 1769 3203 arcendi
1790 3176 1952 3204 morsus
1980 3176 2116 3203 sermo
2141 3170 2222 3214 cst;
2242 3164 2301 3204 vis
2320 3162 2513 3205 medendi
2537 3164 2714 3209 homini-

1477 3223 1554 3265 bus
1579 3225 1781 3280 percussis
1814 3226 1855 3266 in
1888 3240 2002 3281 seqq.
2028 3234 2297 3268 memoratur.
2332 3227 2432 3268 Erat
2467 3225 2604 3282 planta
2626 3227 2717 3271 talis
2754 3235 2755 3238 ’

1477 3285 1607 3341 qualis
1634 3284 1922 3337 dracunculus,
1956 3286 2009 3328 de
2037 3301 2122 3342 quo
2142 3288 2197 3329 ita
2230 3288 2387 3330 Plinius
2404 3288 2549 3330 xxlv
2570 3291 2594 3344 S
2626 3290 2679 3346 93
2699 3301 2715 3334 3
2738 3308 2741 3315 ·
2767 3291 2772 3320 ἶ

1476 3347 1686 3390 habentem
1704 3358 1906 3407 serpentes
1907 3349 2100 3405 fugiunt,
2114 3351 2323 3409 per-causis·
2331 3348 2525 3408 pmdesse
2541 3351 2714 3410 inpetu.
2754 3341 2760 3357 ¹

1477 3413 1669 3454 Onnum
1696 3411 1791 3453 libri
1815 3413 1987 3455 Parisini
2005 3413 2222 3455 lectionem
2243 3414 2452 3469 ignorans,
2477 3421 2571 3456 ante
2593 3413 2717 3458 verba
2762 3451 2763 3455 ,

1478 3474 1567 3524 τοὺς
1591 3473 1659 3531 μὶν
1680 3482 1759 3516 etc.
1777 3474 2000 3518 desiderari
2018 3477 2178 3519 censuit
2199 3477 2460 3529 sententiam,
2477 3490 2559 3534 qua
2580 3476 2719 3534 planta
2763 3518 2767 3519 ⁷

1480 3538 1555 3580 ista
1593 3537 1852 3594 serpentibus
1891 3539 2119 3595 periculosa
2158 3553 2246 3581 esse
2277 3538 2500 3591 diceretur,
2542 3538 2719 3596 ideoque
2762 3571 2763 3574 ,

1479 3598 1603 3642 scrib.
1632 3602 1849 3657 proposuit
1871 3601 2060 3643 :302211‘6’
2080 3601 2210 3657 ἔχεσιν
2236 3600 2485 3653 ἐπικίνδυνος,
2513 3609 2586 3644 aut
2611 3600 2724 3644 δοκεῖ
2760 3642 2761 3645 ,

1481 3662 1516 3704 δ’
1537 3660 1643 3718 ῐχειν
1676 3661 1807 3719 ἔχεσιν
1841 3662 2072 3706 ἐπικίνδυνα.
2104 3665 2121 3720 ΙΙ
2146 3689 2204 3697 -
2220 3664 2336 3714 τοὺς
2366 3662 2454 3721 μὶν
2474 3664 2490 3721 ]
2512 3664 2718 3722 Scriptum
2752 3716 2759 3724 q

1482 3724 1580 3767 velis
1599 3725 1687 3775 zob<
1710 3725 1777 3782 μὲν
1797 3725 1886 3783 γὰρ.
1915 3728 1932 3782 ΙΙ
1958 3751 2015 3760 -
2033 3727 2151 3784 κάρον
2167 3727 2436 3784 καταχίουσα]
2459 3744 2477 3766 ι
2502 3725 2720 3771 salmasiu-
2758 3738 2770 3783 j

1482 3788 1718 3843 καταχέασα.
1749 3791 1885 3843 Quem
1908 3788 2003 3831 vide
2032 3791 2275 3845 Homonym.
2297 3787 2423 3845 Hyles
2443 3786 2604 3831 iate-ica
2624 3798 2717 3844 cap.
2732 3828 2771 3842 s

1485 3851 1554 3901 83,
1575 3850 1645 3892 ubi
1669 3851 1730 3892 de
1749 3851 1859 3905 ligno
1878 3851 2112 3894 colubrino.
2130 3851 2328 3908 viperam
2351 3851 2383 3892 si
2404 3849 2483 3906 fagi
2502 3862 2642 3892 ramus
2658 3855 2719 3892 at-
2763 3863 2782 3872 ··

1484 3914 1636 3969 tigerit,
1658 3915 1857 3967 vertigine
1882 3915 2032 3969 corrigi
2055 3912 2181 3955 refert
2200 3914 2347 3955 Sextus
2366 3913 2600 3969 Empiricos
2618 3911 2720 3966 Pyr·-
2763 3909 2782 3983 J

1486 3976 1608 4019 rhon.
1636 3977 1846 4032 Hypotyp.
1871 3979 1907 4028 1,
1942 3979 2007 4027 ¹lt-
2032 3996 2050 4013 ι
2079 3977 2327 4018 anmus.
2779 3985 2782 3990 ·
