2808 4342
1089 133 1392 205 fflsromA'
1412 160 1634 208 ιΝῡισΑ.

92 263 188 309 οὔτε
229 260 528 323 λαμὸάνοντες,
576 257 683 303 ἀλλὰ
721 255 814 301 ὅσαι
847 256 927 311 ἤδη
973 258 1124 317 ὡραῖαι
1160 257 1294 316 γάμου
1310 294 1320 311 ,

95 331 246 383 ταύτας
266 333 302 375 οἱ
321 326 492 390 πατέρες
506 326 754 387 προάγοντες
774 326 813 375 ἒς
831 324 877 369 τὸ
895 322 1069 386 ἐμφανὲς
1085 332 1325 369 κατιστᾶσιν

96 399 336 452 ἐκλέξασθαι
353 398 410 457 τῷ
427 393 640 450 νικήσαντι
656 393 793 449 πάλην
811 392 837 447 ἢ
854 393 932 446 πὺξ
949 392 975 449 ἢ
997 393 1144 456 δρόμον
1160 428 1172 452 ,
1189 389 1216 448 ἢ
1236 393 1328 438 κατ’

96 467 225 522 ἄλλην
260 462 352 509 τινὰ
381 462 546 523 ἀνδρίην
589 460 859 523 προκριθέντι.
930 462 980 521 (5)
1023 460 1248 523 Σιτοφάγοι
1288 459 1329 505 δὲ

49 553 73 583 5
93 535 164 580 καὶ
199 536 391 595 ἀροτῆρες
414 530 533 578 Ἰνδοί
565 533 691 588 εἰσιν,
734 528 821 575 ὅσοι
850 549 897 590 γε
934 529 991 590 μὴ
1023 529 1148 592 ὅρειοι
1181 531 1328 574 αὐτῶν·

89 597 202 648 οὗτοι
226 602 268 646 δὲ
304 600 356 646 τὰ
391 599 532 662 θήρεια
571 599 669 661 κρέα
706 598 922 645 σιτέονται.
993 596 1042 660 (6)
1077 597 1224 644 Ταῦτά
1261 617 1329 657 μοι

89 671 257 733 ἀπόχρη
299 671 552 726 δεδηλῶσθαι
576 668 679 729 ὑπὲρ
714 667 877 723 Ἰνδῶν,
909 666 986 712 ὅσα
1025 665 1328 729 γνωριμώτατα

25 749 32 758 ”
91 739 284 802 Νέαρχός
305 758 348 785 τε
371 738 441 784 καὶ
464 736 758 798 Μεγασθένης,
786 735 944 797 δοκίμω
979 735 1122 798 ἄνδρε,
1149 738 1329 798 ἀνεγρα-

89 810 241 873 ψάτην·
266 810 316 870 (7)
347 806 436 853 ἐπεὶ
460 806 502 852 δὲ
522 805 613 852 οὐδὲ
636 809 661 861 ἡ
687 805 875 857 ὑπόθεσίς
911 824 980 865 μοι
1003 807 1120 861 τῆςδε
1139 808 1211 860 τῆς
1233 805 1329 865 ξυγ-

34 895 74 926 10
92 882 250 942 γραφῆς
264 878 315 922 τὰ
335 876 472 923 Ἰνδῶν
491 873 650 934 νόμιμα
669 873 904 936 ἀναγράψαι
923 868 988 930 ἦν,
1008 875 1098 920 ἀλλ’
1125 872 1232 926 ὅπως
1251 874 1330 936 γὰρ

91 945 375 1008 παρεκομίσθη
396 943 647 1006 Ἀλεξάνδρῳ
665 945 702 995 ἐς
720 943 886 1005 Πέρσας
907 943 946 995 ἐξ
966 941 1106 989 Ἰνδῶν
1127 945 1147 988 6
1174 942 1330 1003 στόλος,

90 1020 221 1060 ταῦτα
247 1014 294 1069 δή
318 1033 387 1074 μοι
409 1013 561 1067 ἐκὸολὴ
587 1013 691 1057 ἔστω
716 1014 784 1058 τοῦ
807 1013 946 1073 λόγου.

156 1086 329 1131 XVIII.
365 1081 621 1142 Ἀλέξανδρος
659 1080 756 1143 γὰρ,
780 1081 921 1136 ἐπειδή
957 1084 994 1126 οἱ
1017 1081 1331 1142 παρεσκεύαστο

91 1155 138 1199 τὸ
162 1153 348 1198 ναυτικὸν
367 1151 433 1197 ἐπὶ
450 1156 519 1196 τοῦ
540 1150 762 1197 εΥδάσττεω
782 1154 897 1211 τῇσιν
918 1149 1086 1212 ὄχθῃσιν
1102 1185 1112 1205 ,
1135 1150 1333 1210 ἐπιλεγό-

33 1239 70 1268 15
95 1241 212 1283 μενος
231 1221 317 1267 ὅσοι
341 1240 383 1266 τε
403 1220 608 1266 Φοινίκων
633 1219 704 1264 καὶ
724 1219 811 1264 ὅσοι
846 1219 1025 1281 Κύπριοι
1056 1218 1082 1273 ἢ
1108 1218 1330 1279 Αἰγύπτιοι

94 1290 255 1336 εἵποντο
283 1293 324 1335 ἐν
347 1294 398 1352 τῇ
424 1289 507 1334 ἄνω
533 1288 838 1350 στρατηλασίῃ,
878 1291 924 1333 ἐκ
958 1287 1108 1334 τούτων
1150 1287 1328 1350 ἐπλήρου

93 1359 166 1411 τὰς
184 1359 276 1410 νέας
290 1397 300 1415 ,
318 1358 541 1418 ὗπηρεσίας
554 1376 596 1402 τε
616 1359 762 1419 αὐτῇσι
780 1357 850 1403 καὶ
870 1357 1009 1419 ἐρέτας
1030 1356 1328 1417 ἐπιλεγόμενος,

94 1430 180 1474 ὅσοι
200 1431 280 1474 τῶν
313 1425 548 1471 θαλασσίων
582 1425 712 1487 ἔργων
738 1426 955 1486 δαήμονες.
1028 1427 1077 1488 (2)
1111 1419 1254 1472 κ’Ἡσαν
1289 1428 1330 1472 δὲ

93 1498 165 1543 καὶ
199 1499 398 1552 νησιῶται
430 1494 571 1555 ἄνδρες
594 1496 667 1539 οὐκ
696 1495 823 1554 ὀλίγοι
859 1497 900 1539 ἐν
927 1498 977 1556 τῇ
1012 1498 1212 1556 στρατιῇ,
1250 1488 1330 1540 οἶσι

30 1580 73 1611 20
94 1570 224 1612 ταῦτα
242 1565 382 1624 ἔμελε,
401 1562 471 1608 καὶ
486 1560 628 1612 Ἴωνες
641 1561 712 1605 καὶ
731 1561 1063 1616 Ἑλλησπόντιοι.
1130 1563 1182 1624 (3)
1201 1563 1332 1624 Τριή-

98 1653 242 1697 ραρχοι
260 1633 301 1679 δὲ
314 1635 425 1695 αὐτῷ
442 1629 746 1687 ἐπεστάθησαν,
764 1633 809 1674 ἐκ
827 1630 1076 1675 Μακεδόνων
1091 1630 1163 1689 μὲν
1182 1631 1332 1692 Ἥφαι-

97 1704 219 1750 στίων
244 1723 287 1749 τε
322 1700 567 1762 Ἀμύντορος
593 1700 663 1744 καὶ
687 1699 911 1750 Λεοννάτος
936 1702 956 1743 6
981 1699 1112 1744 Εὔνου
1139 1700 1209 1744 καὶ
1243 1703 1332 1746 Λυ-

98 1774 273 1834 σίμαχος
293 1775 314 1816 6
337 1768 626 1831 Ἀγαθοκλέους
653 1768 722 1813 καὶ
745 1767 1098 1828 Ἀσκληπιόδωρος
1129 1770 1150 1811 6
1170 1768 1333 1828 Τιμάν-

96 1843 191 1903 δρου
210 1840 281 1886 καὶ
303 1839 462 1902 Ἄρχων
480 1841 500 1882 6
525 1836 714 1883 Κλεινίου
740 1836 809 1882 καὶ
830 1835 1061 1896 Δημόνικος
1081 1840 1101 1882 6
1118 1835 1331 1892 Ἀθηναίου

97 2025 164 2061 eas
174 2009 406 2064 producere
419 2022 515 2049 cum
525 2008 624 2048 tuba
639 2016 679 2048 et
691 2007 880 2056 classicis,
893 2006 1044 2060 quibus
1056 2006 1162 2047 bello
1175 2008 1338 2061 signum

98 2072 187 2112 dari
203 2072 318 2112 solet.
335 2072 446 2112 Tum
459 2070 725 2111 multitudine
747 2077 985 2119 convocata,
1004 2069 1038 2109 si
1053 2070 1144 2123 quis
1164 2070 1335 2120 accedit,

0 2114 25 2201 ι
94 2134 282 2189 primum
296 2133 439 2188 puellae
454 2134 683 2187 posteriora
703 2133 880 2172 humero
897 2140 1015 2171 tenus
1030 2131 1177 2184 detegi,
1199 2140 1340 2185 postea

98 2210 196 2235 vero
232 2196 455 2244 anteriora3
478 2202 519 2234 et
541 2193 614 2233 ubi
649 2193 848 2247 placuerit
879 2193 999 2232 certis
1031 2192 1339 2233 conditionibus

100 2257 335 2312 approbatis
384 2255 700 2296 matrimonium
740 2254 943 2294 contrahi.
990 2253 1115 2307 Apud
1156 2254 1339 2294 Cathaeos

100 2320 311 2361 Diodorus
333 2321 470 2366 XVII,
496 2333 533 2358 c.
557 2331 606 2371 91
625 2316 726 2357 dicit
741 2317 784 2356 in
799 2316 1091 2365 matrimoniis,
1109 2316 1341 2371 posthabita

99 2383 199 2423 dote
223 2382 465 2436 reliquoque
481 2388 687 2435 apparatu
708 2379 889 2433 pretioso
907 2409 917 2428 ,
945 2377 998 2426 ad
1018 2377 1340 2432 pulcritudinem

96 2443 363 2485 solummodo
401 2451 441 2483 et
476 2442 766 2497 proceritatem
812 2440 996 2494 eorporis
1029 2440 1190 2494 respici.
1224 2439 1339 2480 Idem

104 2507 187 2547 hoc
220 2506 434 2560 descripsit
472 2505 640 2545 Curtius
675 2504 759 2553 IX,
794 2516 830 2552 1,
864 2506 932 2542 26.
967 2521 982 2537 »
1022 2503 1289 2542 Semina-mm.
1320 2502 1335 2556 (1

101 2592 158 2600 --
182 2568 220 2609 5.
258 2567 351 2608 εἰσὶν
390 2581 474 2607 om.
507 2569 556 2607 L.
598 2567 614 2619 Ι(
648 2589 705 2596 -
727 2581 768 2618 9.
800 2564 841 2605 ’δὲ
871 2573 964 2604 ante
990 2563 1075 2604 οὐδὲ
1104 2579 1188 2604 om.
1228 2567 1280 2604 A.
1321 2565 1336 2618 ΙΙ

97 2655 158 2661 -
180 2643 242 2670 12.
272 2633 390 2670 ταῦτα
408 2629 449 2669 δὲ
470 2627 612 2678 ἐκὸολή
635 2643 700 2681 μοι
720 2626 819 2667 ἐ’στω
835 2628 955 2675 ABC,
982 2627 1058 2666 nisi
1082 2626 1195 2681 quod
1226 2626 1340 2681 ἐμῧο-

102 2690 152 2743 λὴ
178 2694 249 2741 Α.;
274 2694 394 2732 ταῦτα
412 2691 452 2730 δέ
473 2705 538 2744 μοι
566 2687 708 2739 ἐκὸολή
730 2703 795 2742 μοι
815 2686 914 2727 ἔστω
938 2690 991 2727 D.
1108 2698 1115 2703 ·

158 2756 318 2804 XVIII,
338 2752 402 2793 15.
427 2752 604 2799 Φοίνικες
620 2753 673 2791 D.
689 2751 843 2791 Carum
859 2750 1014 2789 mentio
1031 2749 1073 2789 h.
1091 2749 1118 2790 l.
1138 2748 1343 2790 desidera-

102 2826 189 2857 tur.
207 2816 271 2857 Cf.
294 2815 428 2857 Anah.
452 2816 529 2865 VI,
556 2828 593 2864 1,
613 2817 636 2854 6
654 2826 663 2853 ζ
680 2813 718 2852 αἱ
740 2812 781 2853 δὲ
792 2810 1108 2866 ὓπηρεσίαιαύτῷ
1129 2810 1164 2858 ἐς
1176 2811 1243 2858 τὰς
1256 2815 1343 2859 ναῦς

102 2879 447 2933 ξυνεπληρώθησαν
470 2876 510 2917 ἐκ
526 2881 600 2917 τῶν
619 2876 892 2930 συνεπομένων
911 2877 959 2930 τῇ
976 2875 1133 2929 στρατιᾷ
1148 2875 1340 2915 Φοινίκων

106 2941 171 2983 καὶ
191 2941 366 2996 Κυπρίων
393 2939 458 2980 καὶ
486 2939 620 2994 Καρῶν
651 2938 716 2979 καὶ
744 2937 978 2993 Αἰγυπτίων.
1011 2938 1026 2990 Η
1058 2961 1114 2966 -
1133 2949 1201 2977 20.
1223 2938 1344 2991 τριή-

105 3019 127 3059 ρ
141 3020 164 3044 α
178 3020 262 3059 ρχο
275 3005 314 3059 ι]
340 3020 355 3041 «
376 3004 467 3043 Hoc
496 3016 651 3042 nomen
672 3009 839 3041 vertunt
856 3013 866 3040 t
891 2999 1117 3040 triremium
1139 2999 1340 3041 ductores.

107 3067 330 3108 Constituti
365 3079 463 3105 vero
501 3073 620 3115 sunt,
656 3072 878 3117 antequam
908 3062 1042 3102 classis
1077 3063 1120 3101 in
1152 3061 1344 3117 Hydaspe

109 3129 347 3169 solveretur.
372 3127 619 3168 Debuissent
647 3126 773 3180 igitur
806 3126 850 3175 ii,
877 3125 948 3178 qui
972 3124 1038 3163 hic
1058 3125 1340 3176 nominantur,

109 3191 249 3230 saltem
267 3189 368 3229 dum
387 3190 430 3229 in
458 3188 565 3228 Indo
591 3187 726 3227 classis
745 3186 976 3236 veheretur,
998 3186 1146 3240 singuli
1171 3186 1344 3226 navibus

108 3266 295 3306 praeesse.
318 3251 443 3304 Quod
461 3266 547 3291 non
577 3259 651 3290 est.
668 3251 790 3300 Nam,
809 3257 958 3303 praeter
981 3249 1079 3289 alios
1101 3263 1268 3303 anCOS,
1293 3249 1345 3290 de

112 3314 400 3369 Hephaestione
418 3322 459 3354 et
486 3315 655 3354 Cratero
686 3313 961 3353 certissimum
995 3320 1069 3362 est,
1101 3326 1169 3352 eos
1198 3326 1342 3353 navem

113 3391 197 3417 non
221 3375 519 3423 conscendisse,
537 3376 615 3414 nisi
630 3375 702 3414 ubi
724 3375 872 3414 fluvius
888 3383 974 3415 erat
988 3374 1341 3416 transmittendus.

110 3440 298 3491 Uterque
329 3438 439 3477 enim
469 3436 694 3476 exercitum
730 3436 772 3475 in
806 3437 896 3490 ripa
923 3445 1097 3490 utraque
1123 3435 1211 3490 ejus
1231 3437 1345 3477 ssuvii

115 3500 305 3549 ducebat,
336 3499 379 3539 in
398 3513 481 3553 quo
511 3499 646 3538 classis
666 3498 895 3551 navigabat.
914 3500 955 3539 Si
979 3513 1074 3538 vero
1092 3499 1168 3539 hos
1184 3500 1347 3540 trierar-

117 3563 212 3603 chas
232 3562 400 3601 navium
417 3561 460 3599 in
473 3560 617 3599 itinere
636 3559 844 3599 maritimo
864 3558 1055 3600 ductores
1074 3559 1195 3600 fuisse
1210 3570 1343 3615 putaS,

117 3625 248 3667 multo
270 3623 405 3663 minus
419 3622 500 3662 hoc
519 3635 662 3661 verum
681 3629 755 3661 est.
780 3622 884 3661 Nam
900 3630 1048 3676 praeter
1064 3620 1151 3675 jam
1166 3637 1346 3664 comme·

116 3696 298 3730 moratos
321 3685 373 3725 de
395 3686 608 3725 Leonnato
638 3698 802 3737 quoque
821 3684 988 3738 aliisque
1017 3684 1155 3725 multis
1175 3686 1348 3726 certissi-

101 3740 233 3791 *mum
270 3756 344 3797 est,
380 3761 449 3786 eos
480 3745 590 3799 apud
631 3745 929 3796 Alexandrum,
968 3761 1052 3788 non
1087 3747 1129 3787 in
1174 3748 1347 3789 navibus

118 3813 255 3853 fuisse.
285 3812 334 3849 In
357 3807 618 3863 expeditione
639 3808 844 3848 maritima
858 3816 1005 3863 praeter
1022 3810 1255 3850 Nearchum
1275 3826 1348 3851 no-

117 3876 330 3915 minantur
360 3870 485 3911 modo
518 3871 771 3911 Onesicritus
798 3880 838 3912 et
862 3872 1054 3923 Archias;
1078 3873 1225 3928 reliqui
1249 3889 1347 3916 vero

118 3936 182 3976 vel
209 3935 377 3976 honoris
400 3948 522 3973 causa
549 3933 779 3973 triremium
815 3933 1004 3975 ductores
1026 3935 1211 3990 appellati
1233 3946 1344 3987 sunt,

115 3999 182 4039 vel
204 4007 285 4039 tam
309 3995 383 4036 diu
407 3994 534 4036 modo
554 3995 595 4034 in
626 3995 797 4035 navibus
821 3994 935 4037 suere
958 4011 1082 4051 quam
1099 3997 1344 4050 Alexander,

2535 179 2619 219 329

1394 263 1458 303 vel
1476 263 1620 305 dantes
1642 264 1705 305 vel
1733 265 1976 320 accipientes
1999 277 2008 304 ι
2034 264 2105 304 sed
2129 274 2332 320 quotquot
2354 267 2440 320 jam
2462 281 2625 315 maturat

1396 323 1487 362 viro
1517 322 1685 373 fuerint,
1720 322 1985 363 adducuntur
2007 336 2031 362 a
2053 324 2291 377 parentibus
2324 326 2365 364 in
2390 327 2598 380 publicum
2613 363 2623 380 ,

1396 388 1442 420 ut
1461 381 1494 420 is
1516 382 1587 435 qui
1607 381 1716 422 lucta
1732 382 1876 422 vicerit
1900 389 1971 421 aut
2003 381 2189 435 pugilatu
2208 391 2278 422 aut
2300 397 2444 434 cursu,
2471 387 2532 426 vel
2554 389 2628 430 alia

1395 439 1587 492 quapiam
1608 440 1760 480 virtute
1787 439 1956 493 reliquis
1983 439 2275 490 antecelluerit,
2300 455 2390 481 eam
2408 444 2483 483 sibi
2506 460 2628 499 quam

1394 496 1503 537 volet
1522 496 1685 550 deligat.
1753 497 1816 551 (5)
1836 497 2025 551 Plerique
2046 512 2143 538 vero
2158 498 2252 538 Indi
2268 501 2492 542 arationem
2516 518 2630 545 exer-

1395 563 1489 595 cent
1525 564 1565 596 et
1595 555 1806 596 frumento
1835 564 2077 606 vescuntur,
2112 559 2291 612 exceptis
2323 563 2529 600 montanis
2561 567 2631 616 qui

1399 613 1549 654 ferinas
1575 629 1718 655 carnes
1749 613 1894 654 edunt.
1957 616 2019 668 (6)
2053 618 2190 670 Atque
2211 617 2297 658 haec
2328 618 2495 672 quidem
2532 623 2631 664 mihi

1395 672 1448 713 de
1466 673 1586 713 Indis
1619 674 1855 728 exposuisse
1882 673 2073 724 sufficiat,
2088 690 2186 729 qua:
2209 685 2403 731 tanquam
2430 681 2632 734 praecipua

1395 732 1610 773 Nearchus
1626 741 1666 774 et
1686 733 1969 786 Megasthenes
1995 734 2072 773 viri
2092 749 2230 788 graves
2253 736 2303 776 de
2319 738 2366 776 iis
2386 740 2634 793 conscripse-

1399 800 1513 833 runt.
1576 793 1639 847 (7)
1671 793 1815 844 Quum
1846 793 1956 832 enim
1987 793 2088 832 mihi
2121 794 2200 834 hoe
2223 810 2346 849 opere
2374 799 2632 851 propositum

1396 866 1481 891 non
1498 851 1622 892 fucrit
1643 850 1847 892 Indorum
1872 866 2007 891 mores
2024 861 2145 907 atque
2166 854 2349 895 instituta
2372 854 2603 898 describere
2617 890 2628 907 ,

1397 910 1470 950 sed
1504 925 1588 965 quo
1610 919 1731 966 pacto
1762 910 1999 951 Alexandro
2029 926 2079 951 ex
2115 912 2228 952 Indis
2266 915 2304 953 in
2332 917 2472 955 Persas
2495 916 2630 957 classis

1397 970 1717 1023 praetervexerit,
1749 969 1837 1010 haec
1872 970 1973 1010 mihi
2008 971 2088 1011 sint
2120 971 2210 1011 loco
2243 987 2436 1013 excursus
2471 975 2512 1014 in
2542 966 2656 1016 nar-v

1397 1028 1544 1069 rando.

1452 1089 1610 1128 XVIII.
1645 1085 1880 1128 Alexander
1915 1088 2025 1127 enim
2055 1088 2196 1143 parata
2224 1088 2309 1144 jam
2346 1091 2398 1131 ad
2430 1092 2633 1148 Hydaspis

1399 1164 1509 1218 ripas
1537 1163 1661 1203 classe
1676 1194 1686 1213 ,
1709 1163 1889 1204 collectis
1909 1164 2101 1205 omnibus
2120 1165 2382 1207 Phoenicibus
2405 1176 2445 1208 et
2473 1169 2635 1224 Cypriis

1402 1247 1474 1281 aut
1505 1240 1704 1295 AEgyptiis
1734 1240 1807 1294 qui
1835 1240 1879 1280 in
1906 1240 2166 1295 expeditione
2195 1257 2333 1283 versus
2355 1245 2555 1284 orientem
2577 1259 2636 1285 se·

1400 1316 1485 1357 cuti
1514 1315 1691 1366 fuerant,
1716 1330 1767 1356 ex
1788 1316 1838 1357 iis
1857 1331 1980 1357 naves
2012 1317 2221 1372 implevit,
2254 1317 2419 1359 delectis
2441 1321 2637 1360 ministris

1402 1407 1449 1433 ac
1463 1392 1687 1447 remigibus
1701 1423 1712 1442 ,
1739 1393 1813 1447 qui
1838 1407 1979 1433 rerum
2007 1393 2213 1434 navalium
2235 1395 2470 1449 peritissimi
2489 1405 2635 1436 essent.

1404 1467 1465 1524 (2)
1491 1470 1620 1509 Erant
1639 1483 1736 1509 vero
1759 1470 1882 1510 etiam
1905 1470 1949 1509 in
1979 1471 2162 1510 exercitu
2185 1471 2380 1512 insulares
2414 1486 2498 1512 non
2520 1473 2638 1527 pauci

1404 1545 1453 1584 iis
1475 1545 1519 1584 in
1550 1544 1673 1585 rebus
1694 1545 1799 1585 bene
1832 1546 2006 1592 versati,
2042 1548 2245 1601 Ionesque
2277 1561 2324 1587 ae
2355 1547 2636 1602 Hellespontii.

1406 1618 1468 1674 (3)
1489 1620 1755 1660 Trierarchos
1781 1635 1878 1661 vero
1906 1621 2120 1661 constituit
2144 1634 2152 1661 :
2177 1636 2226 1661 cx
2241 1621 2537 1663 Macedonibus
2554 1624 2641 1677 qui·

1404 1693 1501 1733 dem
1537 1696 1870 1749 Hephaestionem
1905 1697 2147 1751 Amyntoris
2183 1697 2337 1747 filium,
2380 1699 2640 1738 Leonnatum

1404 1770 1542 1809 Eunoi
1560 1771 1576 1822 (
1595 1772 1770 1810 Anteae?
1784 1772 1800 1823 )
1814 1802 1824 1821 ,
1842 1771 2134 1825 Lysimachum
2154 1772 2388 1825 Agathoclis
2400 1803 2411 1822 ,
2436 1773 2642 1827 Asclepio-

1405 1843 1558 1885 dorum
1588 1845 1804 1885 Timandri
1823 1877 1835 1896 ,
1870 1846 2124 1887 Archontem
2162 1847 2329 1898 Cliniae,
2368 1850 2643 1894 Demonicum

1410 2010 1438 2048 i.
1469 2023 1504 2049 e.
1535 2023 1666 2063 usque
1693 2009 1746 2049 ad
1778 2009 1873 2050 Indi
1892 2011 1995 2050 ostia
2005 2026 2015 2060 ;
2045 2019 2093 2051 ut
2109 2013 2320 2053 Nearchus
2348 2013 2402 2053 ob
2425 2015 2643 2054 vanitatem

1409 2070 1589 2125 aliquam
1612 2086 1681 2112 eos
1705 2072 1993 2112 tantummodo
2014 2075 2181 2114 navium
2203 2074 2427 2115 ductorum
2456 2076 2642 2116 nomina-

1410 2134 1528 2182 verit,
1554 2134 1625 2187 qui
1648 2133 1736 2186 jam
1767 2134 1945 2174 celebres
1969 2135 2103 2185 suere,
2129 2144 2170 2176 et
2197 2136 2452 2190 aliquamdiu
2477 2138 2643 2191 singulis

1410 2195 1584 2234 navibus
1606 2204 1820 2248 praeerant.
1841 2196 1950 2236 Talis
1975 2211 2073 2237 vero
2092 2198 2311 2236 nominum
2337 2211 2527 2237 recensus
2543 2199 2642 2238 nulli

1409 2258 1503 2297 usui
1527 2266 1601 2297 est.
1622 2257 1875 2297 Nominandi
1893 2267 2023 2308 erant,
2046 2258 2117 2312 qui
2139 2258 2181 2298 in
2204 2258 2350 2298 itinere
2374 2259 2582 2298 maritimo
2597 2274 2644 2300 ac

1409 2318 1639 2371 periculoso
1655 2317 1828 2357 navibus
1845 2318 1920 2372 ipsi
1936 2327 2152 2372 praeerant.
2169 2319 2394 2372 Diligenter
2408 2317 2641 2360 describen-

1410 2379 1488 2419 dus
1514 2388 1600 2419 erat
1618 2394 1815 2420 numerus
1837 2394 1979 2420 earum
1995 2381 2179 2430 navium,
2212 2394 2304 2434 quae
2317 2380 2549 2421 Nearchum
2573 2396 2642 2422 eo-

1411 2439 1685 2492 mitabantur3
1710 2456 1833 2496 quem
1851 2456 2048 2495 magnum
2071 2441 2193 2482 fuisse
2215 2442 2444 2482 verosimile
2461 2457 2545 2482 non
2565 2453 2639 2494 est,

1411 2505 1560 2559 partim
1587 2504 1683 2558 quia
1704 2503 1855 2544 multos
1876 2505 1935 2543 rei
1969 2503 2121 2544 navalis
2151 2503 2303 2558 peritos
2341 2504 2384 2543 in
2418 2503 2641 2545 Alexandri

1413 2561 1596 2606 exercitu
1627 2565 1750 2605 fuisse
1777 2564 1888 2605 credi
1907 2580 1990 2605 non
2012 2573 2159 2620 potest,
2181 2566 2346 2620 partim,
2377 2566 2474 2619 quia
2495 2580 2642 2620 parum

1413 2629 1552 2669 auxilii
1567 2642 1617 2668 ex
1639 2642 1688 2667 eo
1707 2627 1841 2667 littore
1860 2627 2110 2682 sperandum
2127 2635 2228 2677 erat,
2244 2627 2394 2681 partim
2410 2628 2506 2681 quia
2527 2642 2642 2682 aper-

1412 2698 1452 2731 te
1471 2689 1700 2745 periculosa
1721 2697 1808 2729 erat
1822 2688 2028 2743 expeditio
2047 2697 2087 2729 et
2109 2702 2132 2729 a
2148 2689 2288 2743 paucis
2311 2687 2420 2728 idern
2437 2687 2643 2730 observari

1412 2761 1593 2807 poterat,
1620 2750 1733 2806 quod
1763 2765 1787 2791 a
1818 2751 1969 2791 multis.
1992 2749 2106 2803 Quid
2137 2764 2234 2791 vero
2259 2758 2391 2800 vetat,
2423 2758 2471 2790 ut
2502 2764 2645 2791 vocem

1412 2815 1640 2870 τριήραρχοι
1680 2828 1726 2854 ea
1763 2813 2060 2867 significatione
2097 2812 2365 2867 accipiamuS,
2410 2825 2501 2865 quae
2536 2813 2643 2866 apud

1413 2878 1684 2919 Athenienses
1707 2875 1912 2916 obtinuit?
1931 2876 2102 2916 Athenis
2118 2875 2228 2915 enim
2256 2887 2362 2914 onus
2384 2881 2471 2913 erat
2493 2874 2643 2914 civium

1414 2938 1728 2988 ditissimorum,
1745 2945 1792 2978 ut
1809 2937 1861 2977 ad
1878 2937 1983 2978 bella
2000 2936 2205 2976 maritima
2218 2949 2293 2975 suo
2306 2943 2446 2975 sumtu
2461 2936 2644 2987 triremes

1414 3000 1478 3041 vel
1497 3000 1765 3050 aedificarent,
1787 2999 1850 3039 vel
1868 2998 2009 3039 saltem
2025 2998 2138 3038 omni
2157 3005 2355 3052 apparatu
2373 2997 2641 3046 instruerent;

1414 3064 1525 3117 iique
1568 3063 1819 3103 vocabantur
1853 3061 2101 3102 trierarchae.
2136 3057 2366 3101 Alexander
2400 3072 2520 3098 naves
2557 3058 2644 3111 jam

1414 3126 1605 3166 habuisse
1634 3124 1811 3164 videtur.
1842 3125 1974 3163 Naves
2013 3136 2110 3162 vero
2134 3135 2220 3161 non
2252 3120 2417 3160 fuerunt
2441 3121 2640 3170 triremes,

1415 3188 1488 3229 scd
1503 3188 1780 3243 τριηκόντοροι.
1796 3188 1820 3226 J
1823 3186 1923 3225 ussit
1940 3185 2079 3238 igitur,
2099 3191 2160 3233 ut,
2181 3182 2250 3237 qui
2271 3182 2339 3221 hic
2358 3182 2641 3232 nominantur,

1415 3265 1538 3292 naves
1569 3252 1832 3297 instruerent,
1868 3246 1930 3287 vel
1968 3246 2160 3300 impensis
2196 3242 2418 3285 Alexandri
2443 3245 2583 3298 ipsius,
2604 3253 2644 3284 et

1416 3322 1517 3354 tunc
1536 3327 1633 3353 eura
1659 3310 1784 3351 modo
1804 3310 1862 3349 rei
1894 3309 1950 3349 eis
1969 3307 2119 3349 tradita
2142 3314 2244 3357 erat,
2282 3306 2359 3356 vel,
2399 3305 2511 3360 quod
2542 3307 2644 3346 mihi

1420 3375 1433 3431 (
1454 3390 1539 3416 non
1559 3376 1656 3415 item
1681 3374 1887 3413 Vincento
1911 3373 1953 3411 in
1977 3374 2193 3412 Commerce
2209 3368 2295 3410 and
2307 3368 2550 3420 navigation
2565 3378 2640 3409 etc.

1416 3446 1447 3478 t.
1462 3439 1496 3488 I,
1518 3452 1560 3492 p.
1584 3450 1658 3489 117
1679 3437 1694 3488 )
1725 3433 2008 3482 verosimilius,
2044 3446 2118 3472 suo
2147 3432 2320 3486 quisque
2355 3437 2508 3469 sumtu.
2525 3431 2645 3471 Tunc

1417 3501 1568 3540 mirum
1585 3513 1668 3539 non
1687 3506 1761 3547 est,
1798 3497 1830 3536 si
1861 3496 2027 3535 nomina
2051 3508 2211 3544 eorum,
2236 3506 2417 3547 quorum
2442 3492 2643 3533 sumtibus

1417 3572 1457 3603 et
1478 3577 1576 3602 cura
1599 3574 1718 3600 naves
1759 3559 2076 3607 instruerentur,
2107 3555 2334 3612 posteritati
2367 3553 2640 3595 traderentur.

1418 3623 1547 3665 Simili
1568 3621 1708 3670 modo,
1739 3628 1786 3660 ut
1818 3620 2004 3669 Athenis,
2033 3618 2085 3658 ad
2117 3618 2340 3659 certamina
2371 3616 2529 3656 scenica
2560 3629 2643 3655 non

1418 3684 1647 3728 Alexander
1659 3690 1818 3723 sumtus
1833 3681 2055 3737 praebebat,
2074 3679 2146 3722 sed
2156 3680 2223 3721 alii
2238 3688 2278 3721 et
2292 3678 2458 3733 quidem
2475 3677 2642 3716 ditiores

1418 3747 1692 3788 subditorum.
1728 3743 1856 3799 Cujus
1887 3745 1947 3785 rei
1965 3743 2199 3799 exemplum
2234 3741 2325 3782 vide
2359 3741 2401 3780 in
2436 3738 2642 3780 Plutarchi

1417 3811 1513 3850 Vita
1549 3808 1660 3850 Alex.
1685 3822 1722 3848 e.
1747 3820 1817 3861 29.
1853 3809 1915 3847 De
1937 3806 2227 3847 celebrioribus
2251 3804 2433 3843 virorum
2458 3800 2643 3839 nomina-

1418 3880 1553 3912 torum
1574 3869 1666 3909 vide
1689 3862 1870 3910 indicem
1890 3869 2106 3911 nominum
2123 3866 2387 3922 propriorum
2404 3863 2444 3902 in
2464 3860 2642 3901 editione

1417 3931 1715 3987 Expeditionis.
1736 3950 1754 3967 »
1775 3932 2040 3973 Scflnnenssu.
2064 3930 2151 3983 11——
2169 3941 2237 3968 22.
2261 3927 2281 3966 6
2305 3924 2475 3977 Εὕνου]
2497 3924 2545 3962 In
2558 3923 2641 3962 Ex-

1417 3988 1528 4052 ped.⁴
1550 3996 1610 4035 III
1624 4025 1636 4044 ,
1674 3992 1695 4033 5
1712 4024 1723 4044 ,
1770 3994 1791 4034 5
1828 3993 1952 4034 habes
1988 3991 2199 4032 Λεοννάτον
2240 3988 2306 4029 τὸν
2354 3985 2517 4026 Ὀνάσου
2529 4000 2541 4036 3
2580 3983 2638 4024 ib.
