2808 4342
745 85 789 130 0

201 148 291 186 222

284 240 411 297 Ἑξῆς
432 240 522 287 M«
544 227 663 291 ιιῶας
681 238 771 285 ἐστὶ
789 238 862 283 καὶ
875 239 998 291 νῆσος
1014 234 1179 290 Θάσος,

198 321 262 353 σου
283 303 335 364 ἣν
357 307 559 372 βάρόαροι
574 306 622 353 τὸ
638 306 833 368 πρότερον
849 302 1006 365 ᾤκουν,
1019 303 1075 352 ὥς
1093 299 1231 362 λόγος,

283 375 426 423 ἔπειτα
445 374 637 427 Φοίνικες
657 373 765 433 μετὰ
786 371 962 431 Κάδμου
985 368 1057 415 καὶ
1072 368 1220 416 Θάσου

282 448 330 491 ἐκ
349 448 422 502 τῆς
438 443 574 495 Ἀσίας
594 441 817 492 διαὸάντες·
835 437 962 485 ἔλαθε
979 438 1015 484 δ’
1035 441 1062 494 ἡ
1076 436 1220 490 Θάσος

287 513 370 559 ἀπὸ
387 517 459 560 τοῦ
478 510 624 560 Θάσου
645 508 718 555 καὶ
739 506 905 567 τοῦνομ’
915 543 928 564 ,
946 509 1003 560 ὣς
1017 505 1090 553 καὶ
1102 525 1173 552 νυν
1195 505 1298 569 ἔχει.

283 582 373 638 Τὴν
388 580 579 644 ὑπεράνω
600 575 741 640 χώραν
760 574 804 622 δὲ
824 575 950 639 μέχρι
967 580 1040 623 τοῒι
1058 577 1283 637 Ποντικοῦ.

198 667 260 697 aas
285 651 450 712 Ἴστρου
472 646 782 710 παρατείνουσι
804 647 972 708 Θρᾷκες
989 646 1223 707 νεμόμενοι.

211 757 215 762 .
282 722 377 766 Τῶν
398 718 433 763 δ’
451 718 518 762 ἐπὶ
535 714 720 778 θαλάττῃ
738 716 938 777 κειμένων
957 714 1068 762 ἔστιν
1086 715 1204 767 πόλις

280 786 468 849 'Marwa
490 785 566 831 ἀπ’
590 784 792 849 Ἀὅδήρου
810 785 885 846 μὲν
906 784 1184 847 ὠνομασμένη

278 861 348 902 τοῦ
368 855 438 901 καὶ
461 854 675 908 κτίσαντος
697 854 896 918 πρότερον
918 854 1048 911 αὐτὴν
1063 890 1076 912 ,
1098 853 1141 907 ὃς
1155 856 1268 901 δοκεῖ

280 925 359 971 ὑπὸ
374 927 456 971 τῶν
479 924 712 985 Διομήδους
726 924 895 988 ὕστερον
914 923 1159 978 ξενοκτόνων

194 1011 259 1043 070
280 994 421 1040 ἵππων
441 996 661 1058 φθαρῆναι·
679 994 803 1050 Τήιοι
822 993 866 1040 δὲ
889 993 964 1050 τὴν
986 994 1106 1040 πόλιν

277 1062 509 1128 συνῴκισαν
530 1063 726 1127 φυγόντες
743 1063 822 1110 ὑπὸ
837 1062 891 1110 τὰ
909 1063 1118 1127 Περσικά.

279 1132 449 1191 Ταύτης
468 1132 503 1180 δ’
523 1132 691 1179 enlm&
709 1133 893 1193 ποταμός
913 1134 1001 1179 ἐστι
1016 1133 1201 1194 κείμενος

277 1202 434 1257 Νέστος
454 1202 695 1265 λεγόμενος,
715 1204 762 1249 ἐκ
784 1202 827 1249 δὲ
844 1206 926 1249 τῶν
945 1203 1047 1266 πρὸς
1070 1201 1278 1259 ἀνατολήν

279 1275 435 1356 μερῶν..
432 1272 621 1319 λαὸοῦσα
642 1271 807 1333 τοῦνομ’
825 1271 908 1318 άπὸ
930 1275 1012 1318 τῶν
1037 1271 1244 1319 Βιστόνων

194 1358 236 1389 67
238 1359 257 1389 5
281 1344 323 1390 θ
351 1344 462 1406 ακῶν
485 1341 702 1405 προμήκης
717 1341 804 1388 ἐστὶ
822 1341 950 1401 λίμνη
975 1341 1175 1393 Βιστονίς.

284 1414 405 1459 Ετεν
427 1410 663 1474 Μαρώνεῧ,
686 1406 735 1456 οὗ
750 1429 998 1468 κατοικησαι
1017 1411 1064 1457 τὸ
1085 1412 1181 1475 πρίν

273 1480 366 1534 τους
382 1479 561 1533 Κίκονας
578 1483 787 1544 ἱστορουσι
807 1479 898 1532 τους
918 1482 959 1525 ἐν
980 1480 1181 1543 Ἰσμάριν)

278 1549 382 1607 αὕτη
407 1548 449 1595 δὲ
469 1548 584 1597 Χίων
601 1548 750 1610 ἐγένεθ’
772 1548 939 1612 ὕστερον
963 1549 1108 1602 κτίσις.

281 1618 422 1680 Πέραν
444 1617 699 1683 Σαμοθρᾴκη
719 1619 754 1664 δ’
776 1618 864 1664 ἔστι
884 1621 1006 1674 νῆσος
1023 1619 1195 1682 Τρωῖκή
1209 1654 1220 1675 ,

187 1704 251 1734 eso
274 1687 427 1750 ἔχουσα
443 1687 517 1743 τὴν
537 1686 697 1745 οἴκησιν
721 1688 1078 1750 ἀναμεμιγμένην·

185 1857 300 1908 cod.;
323 1871 406 1899 em.
428 1857 634 1899 Hoeschel.
658 1857 822 1899 Deinde
838 1857 970 1899 codex
992 1867 1033 1899 et
1052 1858 1170 1901 editt.
1194 1858 1424 1915 λεγομένης.

186 1919 398 1962 Excidisse
416 1919 605 1976 quaedam
623 1928 719 1962 ante
741 1921 854 1962 hunc
867 1935 1046 1972 versum,
1063 1935 1155 1976 quae
1171 1920 1223 1963 ad
1235 1921 1428 1963 Maccdo-

186 1983 296 2024 niam
313 1990 559 2039 spectarent,
573 1990 644 2023 aut
653 1981 1008 2039 transponendum
1021 1997 1185 2025 versum
1194 1992 1288 2040 post
1296 1998 1336 2026 v.
1347 1988 1394 2026 61
1403 2001 1428 2039 9

184 2046 346 2087 censuit
369 2044 598 2087 Fabricius.
622 2046 778 2087 Contra
806 2045 1038 2087 Meinekius
1060 2058 1070 2087 :
1102 2063 1119 2084 α
1152 2046 1428 2089 scribendum

184 2109 324 2163 potius
345 2106 512 2149 videtur
537 2120 548 2149 ε
574 2105 650 2149 ἀπὸ
666 2110 734 2160 τῆς
756 2107 957 2161 Μακὲττης
980 2107 1173 2164 Ἦμαθίου
1199 2123 1240 2150 τε
1264 2109 1431 2166 λεγομέ-

185 2185 247 2222 νη.
280 2172 343 2212 Ita
377 2171 561 2226 OEme
592 2183 746 2211 nomen
769 2170 940 2212 traxisse
968 2169 1125 2212 dicitur
1145 2170 1198 2213 ab
1221 2172 1426 2228 OEsyma,

182 2233 369 2274 Maeettae
390 2240 432 2274 et
453 2231 634 2274 Emathii
654 2231 751 2273 filia.
782 2234 1003 2274 Macettam
1021 2232 1074 2274 ab
1092 2232 1181 2275 aliis
1207 2236 1428 2277 memorari

184 2309 268 2337 non
277 2294 708 2346 memini,Emathium
716 2303 854 2337 autem
864 2294 1066 2337 habemus
1074 2310 1143 2352 ap.
1153 2296 1426 2352 Stephanum,

182 2371 217 2398 s.
243 2371 283 2398 v.
306 2357 463 2413 Βρουσίς
481 2364 522 2398 et
540 2356 750 2413 Γαλάδραι.
775 2375 793 2397 ι
820 2356 932 2400 Addi
949 2358 1079 2414 possit
1096 2359 1314 2410 Emathus‚
1338 2362 1428 2403 Ma-

182 2418 352 2461 cedonis
382 2418 521 2471 frater,
546 2434 570 2461 a
602 2434 688 2475 quo
709 2420 903 2462 Emathia
926 2420 1174 2463 Macedonia
1205 2421 1338 2475 dicta,
1357 2438 1425 2480 ap.

186 2481 375 2523 Eustath.
400 2480 453 2523 ad
483 2483 610 2524 Hom.
635 2496 679 2538 p.
704 2484 802 2538 980,
827 2483 898 2527 32.
929 2483 1010 2526 Sed
1037 2484 1126 2527 haec
1157 2483 1210 2526 ad
1230 2499 1306 2527 nos
1325 2487 1428 2529 nihil

181 2545 404 2600 pertinent.
423 2543 544 2598 Quid·
552 2545 612 2587 rei
623 2545 676 2587 sit
686 2544 810 2588 docet
820 2545 1054 2602 Stephanus
1066 2548 1163 2604 Byz.
1179 2561 1188 2589 :
1204 2547 1236 2589 Ο
1251 2546 1263 2588 ἰ
1275 2563 1298 2588 σ
1307 2548 1328 2589 ύ
1339 2564 1368 2604 μ
1377 2565 1400 2602 η
1414 2582 1424 2600 ,

181 2607 292 2656 πόλις
325 2608 580 2656 Μακεδονίας·
610 2607 844 2662 Θουκυδίδης
878 2610 1051 2667 τετάρτῳ
1090 2611 1107 2663 (
1133 2612 1175 2661 4,
1218 2623 1295 2666 107
1327 2613 1370 2666 )·
1402 2611 1426 2665 ἡ

183 2672 266 2710 νῦν
307 2668 536 2725 Ἠμαθία.
562 2670 616 2712 Tb
647 2669 796 2714 ἔθνικὸν
811 2670 1038 2727 Οἰσυμαΐος.
1073 2671 1225 2726 Ταύτην
1251 2672 1426 2730 Αἰσύμην

181 2730 357 2787 Ὅμηρος
376 2731 446 2787 ἔφη
477 2732 564 2786 (Il.
587 2735 627 2784 8,
657 2734 736 2783 304
761 2735 795 2789 ).
821 2733 973 2776 Idem.
964 2748 972 2757 ·
998 2733 1192 2791 Ἧμαθία,
1218 2735 1330 2785 πόλις
1362 2737 1428 2779 καὶ

180 2793 389 2849 χωρίονῘν
383 2795 434 2835 ,αἱ
452 2795 585 2850 suppl.
591 2794 639 2850 ]
623 2812 647 2846 η
665 2798 731 2837 νῦν
744 2796 981 2838 Μακεδονία.
1000 2798 1424 2855 Symeonp.7o6,19

180 2855 250 2898 ed.
279 2858 414 2899 Bonn.
444 2870 453 2898 ε
478 2857 557 2898 Ἦν
581 2857 622 2899 δὲ
642 2859 706 2899 καὶ
737 2859 848 2907 πόλις
874 2858 1043 2915 Ἀμαθία
1068 2861 1197 2915 (sic)
1228 2861 1423 2919 λεγομένη

180 2918 274 2975 πρὸς
295 2922 344 2975 τῇ
368 2919 569 2976 θαλάσσῃ,
597 2924 653 2975 τῷ
676 2919 778 2961 ἔθνει
804 2920 936 2976 δμώνυ
918 2937 1022 2977 μ.ος
1046 2924 1227 2964 Zonaras
1248 2924 1424 2967 Thessa-

180 2979 343 3023 lonieen
377 2980 475 3022 olim
509 2963 744 3023 Emathiam
767 2981 920 3024 dictam
949 2998 1037 3024 esse
1061 2983 1208 3034 refert,
1237 2984 1420 3038 diversa,

178 3050 227 3084 ut
249 3042 429 3094 videtur,
450 3043 730 3086 confundens.
752 3045 866 3087 Nihil
890 3046 1014 3100 igitur
1049 3055 1191 3087 nostro
1213 3046 1304 3088 loco
1329 3063 1422 3090 mu-

180 3103 381 3158 tandum,
402 3106 482 3148 nisi
498 3105 614 3162 quod
630 3106 826 3164 λεγομένη
845 3107 1132 3151 scribendum.
1153 3110 1360 3152 Particula
1381 3127 1422 3154 τε

178 3182 201 3209 a
235 3168 409 3225 proprio
429 3182 509 3210 suo
538 3168 629 3211 loco
657 3169 821 3226 longius
849 3180 1011 3213 remota
1051 3172 1093 3213 in
1129 3173 1310 3229 Scymno
1336 3187 1420 3216 non

178 3229 370 3274 offendit.
392 3231 545 3275 Sensus
569 3245 580 3274 :
603 3233 787 3289 OEsyme
811 3233 927 3286 urbs,
965 3248 1097 3290 quum
1115 3234 1233 3291 prius
1250 3235 1422 3278 Thasio-

178 3307 271 3336 rum
294 3293 438 3336 suisset
452 3326 464 3346 ,
488 3293 641 3338 deinde
673 3295 952 3338 Macedonum
978 3296 1152 3340 sacta-et
1174 3296 1227 3339 ab
1249 3297 1419 3342 heroina

177 3355 443 3400 Macedonica
475 3357 664 3400 Emathia
705 3359 917 3401 nominata
956 3368 1032 3401 est.
1069 3360 1247 3403 Mutavit
1267 3374 1419 3404 nomen

175 3418 346 3472 eodem,
371 3429 418 3462 ut
454 3421 619 3477 opinor,
641 3430 843 3479 tempore,
868 3436 954 3479 quo
981 3422 1180 3466 Crenides
1204 3435 1422 3469 evaserunt

176 3480 377 3538 Philippi,
404 3482 573 3539 aliaeque
590 3483 717 3539 hujus
739 3493 892 3527 tractus
914 3484 1055 3537 urbes,
1078 3500 1180 3543 quas
1203 3485 1420 3544 Philippus

176 3541 460 3597 destruxerat,
494 3560 518 3587 a
550 3548 668 3588 novis
694 3546 973 3591 Macedonum
1005 3548 1164 3591 colonis
1185 3556 1420 3593 restauratae

175 3612 291 3648 sunt.
310 3606 502 3649 Ceterum
521 3607 574 3650 de
607 3611 790 3666 OEsyme
809 3610 914 3653 urbe
936 3611 1171 3654 testimonia
1199 3626 1241 3654 v.
1265 3611 1308 3655 in
1327 3620 1417 3656 not.

176 3665 231 3710 ad
260 3666 418 3726 Scylac.
442 3672 557 3724 567,
592 3671 743 3726 quibus
773 3671 881 3714 adde
916 3673 1054 3716 locum
1090 3673 1327 3718 Armenidae
1348 3688 1416 3732 ap.

176 3729 475 3782 AthenaeumI,
488 3745 531 3788 p.
551 3733 619 3784 31,
641 3735 799 3786 A(Fr.
823 3735 932 3777 Hist.
946 3743 1049 3778 tom.
1067 3738 1144 3788 1v,
1171 3751 1215 3794 p.
1239 3736 1337 3792 339,
1349 3735 1415 3795 6).

182 3791 199 3846 ΙΙ
228 3815 287 3824 ——
310 3790 409 3848 659.
438 3792 579 3848 Vulgo
615 3795 816 3846 vedum„
842 3805 882 3838 at
914 3797 1046 3839 codex
1072 3797 1266 3841 distincte
1293 3797 1418 3841 habet

177 3853 244 3896 νέα
265 3854 399 3906 πόλις,
441 3854 555 3912 quod
590 3859 774 3899 numeris
804 3859 1021 3902 consulens
1042 3861 1276 3903 Meinekius
1297 3875 1416 3919 repo-

178 3915 364 3960 nendum
385 3928 473 3960 esse
487 3926 598 3961 recte
615 3918 806 3975 conjecit.
829 3922 846 3974 ss
870 3945 926 3953 —
947 3923 1044 3964 663.
1069 3925 1132 3965 De
1148 3924 1289 3966 Thaso
1310 3935 1412 3965 con·

176 3977 369 4023 ditorev.
389 3979 591 4023 Herodot.
612 3982 669 4033 11,
694 3985 764 4031 44.
780 3984 857 4034 vl,
876 3986 954 4038 47,
979 3984 1235 4042 Pherecydoe
1255 3986 1307 4028 sr.
1327 3988 1409 4037 42,

983 132 1274 182 ΑκοΝΥιιιι
1308 131 1494 192 (vomo
1527 132 1757 183 sevum
1789 135 1948 198 cun)

2589 141 2750 204 (amo.)

1506 243 1670 288 Deinde
1698 245 1892 302 Neapolis
1915 253 1977 288 est
1993 254 2034 288 et
2060 247 2192 289 insula
2205 248 2383 298 'l‘hasus,

1505 324 1634 367 quam
1654 311 1820 355 barbari
1841 314 1958 370 prius
1978 314 2238 366 habitabant,
2262 325 2309 357 ut
2335 315 2479 367 fertur,

1505 376 1659 436 deinde
1678 379 1894 424 thiooe
1913 394 2012 424 cum
2031 381 2192 425 Cadmo
2212 391 2254 425 et
2273 384 2413 426 Thaso

1506 460 1558 488 ex
1580 446 1678 490 Asia
1695 450 1941 503 transveeth
1963 451 2121 508 aceepit
2139 465 2239 494 vero
2256 452 2419 495 Thasus
2442 453 2573 495 insula

1505 528 1531 556 a
1548 514 1689 558 Thaso
1710 515 1780 558 illo
1797 516 1922 560 etiam
1938 531 2110 570 nomen,
2129 518 2244 576 quod
2266 521 2504 563 etiamnunc
2525 522 2661 565 hahet.

1508 582 1773 639 Superiorem
1792 586 2117 642 veron-egfouem
2136 601 2267 644 usque
2284 587 2338 631 ad
2358 589 2578 631 Ponticum

1507 651 1661 692 Istrum
1686 653 1964 708 pertingentes
1983 653 2167 698 strat-es
2189 655 2390 699 incolunt.

1506 719 1667 761 Eorum
1688 728 1826 762 autem
1841 721 1914 776 qui
1934 720 1989 763 ad
2010 735 2124 765 mare
2142 723 2209 765 siti
2232 732 2345 776 sunt,
2369 725 2470 767 urhs
2489 734 2547 768 est

1506 785 1674 828 Abdera
1691 786 1744 828 ab
1766 786 1936 830 Abdero
1956 799 2211 847 nuncupata,

1506 853 1560 894 ab
1578 867 1712 909 eoque
1731 854 1848 910 prius
1868 855 1993 898 etiam
2007 856 2190 908 condita,
2214 861 2286 915 qui
2307 859 2469 903 videtur

1506 935 1530 963 a
1553 921 1770 963 Diomedis
1788 930 1931 977 postea
1954 922 2216 980 hospiticidis

1505 990 1625 1045 equis
1645 991 1813 1046 periisse
1828 1006 1839 1041 ;
1857 987 1949 1047 Teji
1970 1001 2108 1034 autem
2125 994 2274 1037 urbem

1506 1060 1665 1102 colonis
1694 1060 2012 1116 frequentarunt
2032 1059 2245 1106 extuantoe
2265 1065 2343 1107 sub
2361 1074 2549 1126 tempora
2568 1072 2741 1113 Persica.

1506 1130 1621 1171 Citra
1642 1142 1733 1171 eam
1755 1130 1860 1171 situs
1879 1138 1940 1172 est
1968 1130 2118 1172 fluvius

1503 1198 1654 1239 Nestus
1670 1197 1821 1240 dictus.
1845 1199 1910 1240 Ex
1926 1198 1976 1240 iis
1994 1212 2092 1240 vero
2111 1213 2202 1255 quae
2220 1200 2271 1241 nd
2295 1208 2434 1243 ortum
2456 1213 2554 1247 sunt

1502 1266 1707 1321 partibus,
1731 1274 1853 1308 nacta
1874 1280 2026 1308 nomen
2048 1282 2072 1309 a
2087 1269 2326 1310 Bistonibus

1500 1334 1749 1385 Thracibus,
1773 1333 1895 1389 longe
1914 1343 2105 1391 porrecta
2122 1344 2184 1378 est
2205 1337 2322 1393 palus
2335 1338 2529 1382 Bistonis.

1505 1402 1669 1444 Deinde
1680 1403 1894 1454 Maronea,
1915 1402 1988 1445 ubi
2015 1404 2218 1447 habitasse
2235 1405 2350 1462 prius

1505 1473 1680 1514 Cicones
1702 1481 1874 1515 narrant
1890 1487 1960 1515 eos
1978 1474 2051 1530 qui
2069 1474 2113 1516 in
2130 1475 2290 1518 Ismaro
2307 1474 2489 1519 suerunt.

1508 1543 1608 1583 Haec
1629 1556 1727 1583 vero
1746 1542 1948 1584 Chiorum
1972 1542 2049 1584 suit
2073 1552 2215 1600 postea
2231 1544 2408 1588 colonia.

1503 1615 1659 1657 Contra
1675 1614 1785 1672 jaeet
1803 1616 2069 1658 Samothrace
2087 1616 2220 1659 insula
2240 1618 2409 1670 Troica,

1506 1689 1658 1730 mixtos
1675 1687 1832 1730 hahens
1851 1687 2027 1739 incolas;

1499 1862 1751 1915 Demagoras
1789 1860 1954 1901 Samius
1987 1872 2055 1915 ap.
2091 1858 2221 1901 schol.
2259 1861 2362 1901 Eur.
2393 1859 2540 1902 Phoen.
2569 1875 2593 1916 7
2637 1859 2653 1918 (
2672 1862 2742 1903 Fr.
2804 1880 2808 1905 ε

1500 1924 1608 1964 llist.
1629 1924 1707 1974 IV,
1726 1936 1770 1977 p.
1790 1922 1887 1976 378,
1918 1921 1980 1978 ι);
2002 1922 2169 1964 Arrian.
2193 1936 2261 1978 ap.
2279 1922 2469 1964 Eustath.
2492 1922 2544 1964 ad
2567 1923 2742 1980 Dionys.

1503 1986 1581 2040 517
1605 1985 1619 2042 (
1643 1987 1713 2027 Fr.
1734 1986 1790 2026 H.
1820 1986 1897 2034 111,
1929 1999 1973 2040 p.
1998 1985 2094 2039 599,
2122 1989 2174 2039 67
2196 1986 2236 2039 );
2264 1983 2507 2041 Apollodor.
2532 1986 2609 2037 111,
2636 1999 2672 2038 1,
2694 2002 2742 2042 73

1500 2048 1648 2090 Conon
1686 2049 1851 2089 Narrat.
1887 2048 1968 2102 373
2002 2047 2226 2089 Pausanias
2253 2048 2309 2098 V,
2335 2047 2405 2098 25,
2448 2060 2521 2099 12;
2545 2048 2741 2105 Stephan.

1499 2111 1597 2167 Byz.
1625 2125 1667 2153 v.
1693 2109 1834 2158 Θάσος.
1862 2110 1927 2151 De
1954 2108 2200 2151 Phoenicum
2218 2109 2379 2152 colonia
2404 2123 2489 2167 prae
2513 2111 2659 2153 ceteris
2675 2110 2743 2154 adi

1498 2172 1755 2215 Moversium
1790 2170 1932 2213 Pham.
1974 2171 2157 2213 Altertlo.
2206 2173 2263 2223 11,
2291 2185 2335 2228 p.
2374 2172 2455 2228 273
2499 2186 2592 2229 sqq.
2636 2174 2653 2229 ΙΙ
2686 2198 2745 2207 -

1501 2237 1598 2285 664.
1622 2234 1844 2277 Ponticum
1865 2235 2023 2275 Istrum
2041 2232 2159 2285 dicit,
2183 2247 2316 2290 quum
2338 2234 2462 2277 etiam
2485 2233 2742 2279 Adriaticum

1498 2310 1586 2338 oese
1600 2310 1696 2339 cum
1718 2296 1783 2338 sui
1801 2296 1877 2338 aevi
1910 2294 2153 2351 geographis
2183 2295 2385 2339 crederet.
2411 2298 2428 2352 ΙΙ
2452 2320 2511 2330 -
2531 2300 2630 2354 667.
2650 2299 2743 2341 σαύ-

1498 2359 1597 2415 δηρα
1613 2358 1678 2402 ἀπ’
1695 2358 1863 2415 αι’)δήρου
1878 2357 1993 2410 cod.;
2016 2372 2099 2401 em.
2119 2358 2326 2401 Hoeschel.
2346 2360 2408 2401 De
2430 2357 2588 2403 Abderi
2606 2359 2742 2405 fabul-

1499 2437 1539 2464 v.
1568 2421 1803 2464 Hellanicus
1834 2422 1851 2475 (
1879 2420 1932 2463 sr.
1955 2422 2008 2475 98
2029 2422 2045 2475 )
2063 2435 2130 2477 ap.
2161 2421 2303 2477 Steph.
2324 2422 2422 2478 Byz.
2438 2435 2474 2464 s.
2493 2435 2553 2474 ν.;
2574 2421 2743 2479 Apono-

1498 2483 1591 2526 dor.
1611 2487 1667 2536 11,
1689 2485 1728 2536 5,
1755 2483 1972 2541 83Hygin·
1997 2482 2081 2525 sab.
2105 2485 2182 2535 3ος
2206 2484 2354 2526 Strabo
2371 2485 2469 2536 VII,
2494 2483 2547 2527 fr.
2568 2487 2638 2535 42.
2662 2485 2743 2529 Ati-

1498 2556 1561 2589 ter
1575 2547 1684 2590 Mela
1695 2549 1752 2599 11,
1766 2560 1815 2598 a,
1830 2547 1902 2603 qui
1918 2545 2066 2589 urbem
2085 2546 2138 2589 de
2155 2546 2337 2599 Abdera,
2351 2561 2494 2589 sorore
2507 2546 2740 2603 Diomedis,

1498 2611 1752 2653 nominatam
1772 2609 1889 2652 dicit.
1910 2610 1928 2665 ΙΙ
1949 2633 2007 2643 -
2033 2613 2130 2665 670.
2154 2609 2278 2652 Plura
2299 2609 2352 2652 de
2374 2610 2438 2652 his
2457 2624 2498 2652 v.
2521 2623 2589 2667 ap.
2606 2610 2740 2654 Hero-
2789 2642 2795 2657 2

1497 2672 1587 2716 dot.
1608 2675 1644 2725 Ι,
1670 2673 1748 2715 168
1764 2671 1867 2727 ibiq.
1889 2672 2061 2728 interp„
2083 2671 2232 2715 Strabo
2261 2673 2380 2724 xlv,
2401 2686 2445 2729 p.
2463 2675 2571 2724 6443
2593 2674 2742 2717 Raoui-

1497 2733 1697 2777 Roehette
1715 2733 1923 2777 Etabliss.
1948 2735 2013 2788 11,1
2022 2765 2034 2786 ,
2062 2747 2106 2791 p.
2135 2737 2232 2784 400.
2262 2736 2278 2789 ΙΙ
2305 2759 2361 2767 —
2382 2738 2478 2790 672.
2512 2733 2623 2778 taz-:a
2647 2752 2736 2780 ποτ.
2796 2782 2800 2786 ,

1495 2796 1609 2848 cod„
1599 2814 1608 2823 ·
1640 2811 1723 2840 em.
1758 2796 2026 2839 Letronnius.
2071 2796 2088 2852 11
2124 2820 2182 2829 -—
2206 2798 2304 2853 673.
2334 2796 2480 2847 Νεστδς
2510 2796 2625 2851 eod„
2613 2814 2623 2826 ·
2653 2813 2737 2844 em.
2790 2853 2795 2855 λ

1494 2858 1706 2910 Meineke,
1740 2858 1908 2902 laudato
1933 2857 2114 2902 Arcadio
2137 2873 2180 2916 p.
2214 2875 2283 2915 79,
2320 2873 2375 2903 2ο
2407 2859 2489 2902 :rb
2521 2859 2564 2903 δὶ
2595 2859 2740 2912 Νέστος
2791 2858 2795 2859 ’

1494 2922 1634 2976 πόλις(
1652 2921 1680 2964 l.
1703 2936 1777 2964 ποτ
1763 2921 1876 2979 ,σιμὸς
1897 2920 1994 2976 )κα“ι
2014 2922 2151 2971 κόστος
2170 2922 2235 2964 καὶ
2258 2923 2392 2971 νόστος
2411 2925 2427 2977 (
2445 2922 2694 3027 βαρύνεται).
2715 2925 2783 2982 ΙΙ

1493 3010 1549 3018 -
1569 2988 1665 3040 674.
1685 2983 1857 3040 τοῦνομα
1873 2982 1948 3026 ἀπο
1970 2983 2066 3026 cod.
2091 2985 2182 3039 11-
2193 2988 2289 3039 676.
2313 2985 2522 3041 Μαρώνεια
2542 2981 2587 3027 οὗ
2602 2985 2698 3030 cod.
2713 2983 2802 3051 “¹3

1493 3072 1549 3079 —
1565 3051 1662 3103 677.
1682 3048 1745 3089 De
1761 3049 1918 3088 Ismaro
1927 3045 2130 3087 Ciconum
2143 3046 2247 3087 urbe
2261 3046 2312 3089 ad
2331 3056 2515 3091 montem
2532 3050 2736 3094 Ismarum
2787 3011 2808 3102 :f

1492 3106 2020 3163 lacumquelsmaridemv.
2035 3108 2161 3149 Hom.
2175 3107 2259 3150 Od.
2276 3110 2352 3160 lx,
2370 3110 2439 3165 39.
2461 3112 2619 3167 Goaqq.
2638 3112 2734 3167 198·
2785 3106 2804 3130 “’

1492 3170 1639 3213 Strabo
1656 3172 1754 3222 vn,
1770 3173 1840 3221 423
1856 3170 2070 3212 Hecataeus
2085 3184 2152 3226 ap.
2170 3170 2367 3227 stephan.
2386 3172 2483 3229 Byz.
2502 3186 2536 3214 a.
2558 3185 2619 3225 v.,
2635 3172 2734 3216 Vir·
2761 3219 2774 3230 Α,

1492 3231 1561 3286 gil.
1586 3231 1728 3286 Eclog.
1747 3233 1823 3282 VI,
1842 3232 1910 3274 30.
1927 3232 2080 3285 Georg.
2101 3234 2156 3284 11,
2180 3234 2256 3288 373
2277 3235 2443 3276 Lucret.
2464 3234 2521 3286 V,
2545 3234 2621 3287 303
2637 3235 2734 3281 vir·
2768 3235 2774 3238 ⁴
2806 3263 2808 3265 -

1490 3294 1559 3349 gil.
1573 3293 1668 3336 AEn.
1684 3294 1739 3345 X,
1755 3294 1830 3336 351
1849 3293 2116 3346 ;Plinius1V,
2137 3297 2202 3338 18.
2216 3294 2500 3340 Cs.1{erodot.
2513 3297 2611 3351 vn,
2629 3309 2731 3354 1093
2752 3300 2766 3350 ’ζ

1490 3356 1764 3400 Archilochus
1792 3370 1860 3413 ap.
1885 3355 2132 3399 Athena-um
2161 3358 2204 3409 1,
2239 3372 2283 3415 p.
2305 3359 2384 3411 30,
2416 3359 2465 3401 F.
2490 3358 2659 3402 Τισίεω
2677 3356 2738 3404 ad
2760 3362 2767 3370 ²

1491 3419 1700 3476 Lycophr.
1723 3421 1803 3462 818
1838 3421 2041 3461 Ismarum
2064 3428 2105 3461 et
2126 3421 2367 3463 Maroneam
2390 3435 2519 3464 unam
2538 3419 2757 3467 eandem·
2802 3454 2808 3479 2

1489 3495 1570 3538 que
1584 3481 1730 3524 urbem
1744 3481 1869 3524 dicit:
1882 3481 2067 3538 Ἴσμαρον
2085 3480 2154 3534 τὴν
2172 3486 2238 3524 νῦν
2253 3482 2471 3540 λεγομένην
2481 3483 2773 3556 Marathum-,3
2751 3480 2754 3481 ⁷
2782 3513 2788 3529 :-

1488 3543 1553 3587 Cs.
1565 3545 1893 3601 Harpocration.
1908 3544 2148 3601 Μαρώνεια..
2165 3546 2211 3599 ἦν
2223 3540 2595 3604 φασινεῖναιτὴνῦφ’
2610 3524 2779 3645 ’,ἣΟμ-ἦ-’ἑἐ

1488 3621 1556 3663 ρου
1569 3606 1754 3663 Ἴσμαρον
1770 3607 2030 3665 καλουμένην.
2044 3609 2100 3651 V.
2119 3608 2277 3665 Ephor.
2293 3608 2344 3652 fr.
2363 3612 2432 3665 74.
2451 3610 2541 3666 11-
2554 3610 2651 3666 678.
2661 3605 2728 3656 ὦ·

1488 3667 1535 3721 τὴ
1556 3668 1652 3712 cod.
1682 3671 1743 3711 De
1760 3670 1962 3713 Chiorum
1985 3670 2147 3714 colonia
2162 3669 2331 3713 aliunde
2349 3685 2435 3713 non
2463 3677 2639 3714 constat.
2658 3636 2779 3715 ὅθ’Δ

1489 3731 1672 3774 cundum
1695 3732 1930 3775 Diodorum
1948 3734 2005 3785 V,
2038 3748 2091 3789 79
2126 3731 2467 3775 Rhadamanthus
2487 3728 2768 3790 OEnopioni
2744 3714 2773 3773 Ῠ

1487 3794 1572 3837 mio
1594 3796 1762 3847 Chium,
1780 3796 1961 3839 Euanthi
1981 3765 2078 3839 duci
2095 3798 2334 3839 Maroneam
2358 3797 2375 3849 (
2397 3810 2420 3838 a
2436 3796 2610 3838 Marone
2625 3805 2753 3842 eon·

1485 3858 1661 3909 ditamI,
1681 3861 1745 3911 18,
1762 3860 1783 3901 3
1801 3859 2064 3915 >assignavit.
2086 3858 2234 3913 Noster
2246 3872 2413 3915 quoque
2427 3856 2479 3900 ad
2494 3830 2778 3905 Euanthnsss..

1483 3921 1685 3963 coloniam
1708 3921 1862 3964 referre
1879 3929 2064 3978 poterat,
2093 3935 2217 3977 quem
2246 3920 2376 3963 filium
2405 3918 2559 3963 dixerit
2577 3918 2720 3963 OEuo·

1481 3985 1617 4041 pionis
1633 3986 1742 4036 Chii,
1759 3986 1865 4027 sicut
1884 3983 1980 4026 facit
1998 3986 2074 4026 Ion
2094 3984 2222 4027 Chius
2240 3998 2308 4040 ap.
2328 3985 2503 4026 Pausan.
2516 3981 2613 4033 vu,
2633 3981 2675 4032 4,
2691 3980 2718 4022 8
