2808 4342
735 173 958 218 ISlDORI
990 175 1166 221 ORBlS
1200 177 1537 224 TERRARUM
1573 181 1945 228 DESCRIPTIO.

0 285 20 335 :⁸
85 276 336 337 καλούμενον
363 274 626 337 πιννοφύλαξ.
655 273 800 329 Διήκει
834 275 868 319 δ’
907 277 952 320 ἐκ
986 276 1128 322 τούτου
1150 279 1177 331 ἡ
1212 276 1313 339 σὰρξ

83 344 210 406 μέχρι
227 344 353 404 μέσου
369 347 439 389 τοῦ
458 342 608 403 κόγχου
620 379 633 402 ,
654 342 773 388 οἱονεὶ
787 342 895 405 ῥίζα,
914 344 1011 405 παρ’
1031 343 1082 400 ἢν
1100 348 1126 400 ἡ
1148 363 1313 406 μαργα-

87 414 185 474 ρῖτις
207 412 436 475 γεννωμένη
450 446 461 467 ,
485 410 649 463 αὔξεται
673 411 739 456 διὰ
764 416 836 457 τοῦ
860 417 1026 474 στερεοῦ
1045 416 1116 469 τῆς
1134 413 1310 476 κόγχης,

85 482 156 526 καὶ
179 481 389 542 τρέφεται,
410 478 502 525 ὅσον
523 477 570 524 ἂν
597 473 624 542 ᾗ
647 480 958 543 προσπεφυκυῖα
983 480 1145 542 χρόνον.
1164 481 1312 529 Ἐπει-

75 549 157 594 ’δὰν
175 549 215 594 δὲ
236 547 350 608 παρὰ
366 547 440 604 τὴν
458 547 622 611 ἔκφυσιν
643 549 898 610 ὑποδυομένη
918 553 944 605 ἡ
966 549 1066 613 σὰρξ
1087 549 1158 596 καὶ
1177 552 1313 611 μαλα-

84 621 164 669 κῶς
188 617 434 677 ἐντέμνουσα
456 618 616 680 χωρίσῃ
649 617 722 673 τὴν
749 625 993 681 μαργαρῖτιν
1014 618 1096 664 ἀπὸ
1118 624 1189 665 τοῦ
1212 620 1310 680 κόγ-

80 705 181 747 χου,
199 686 443 747 ἀμπέχουσα
469 686 542 748 μὲν
565 686 700 733 οὐκέτι
722 686 882 750 τρέφει,
903 687 1111 750 λειοτέραν
1128 690 1161 733 δ’
1184 688 1309 743 αὐτὴν

79 755 150 808 καὶ
171 755 458 818 διαυγεστέραν
493 751 601 802 πόιεῖ
623 757 694 801 καὶ
727 755 1036 819 καθαρωτέραν.
1063 756 1117 804 ‘H
1140 758 1212 817 μὲν
1241 751 1309 804 οὖν

79 824 271 884 ἐμὸύθιος
291 825 410 870 πίννα
437 825 729 887 διαυγεστάτην
764 827 875 871 ποιεῖ
908 827 979 871 καὶ
1012 828 1307 889 καθαρωτάτην

81 893 150 938 καὶ
174 894 355 955 μεγάλην
375 902 496 957 γεννᾷ
518 897 777 957 μαργαρῖτιν,
798 898 823 950 ἡ
847 894 888 940 δὲ
918 896 1220 949 ἐπιπολάζουσα
1239 896 1309 941 καὶ

81 962 290 1025 ἀνωφερὴς
310 963 376 1008 διὰ
407 963 452 1008 τὸ
485 963 563 1009 ὑπὸ
585 968 655 1010 τοῦ
678 963 794 1020 ἡλίου
816 964 1186 1022 ἀκτινοὸολεῐσθαι,
1211 965 1308 1011 δύσ-

77 1049 200 1092 χρους
240 1032 309 1077 καὶ
344 1032 500 1086 ἥσσων.
551 1033 842 1081 Κινδυνεύουσι
868 1034 902 1079 δ’
926 1036 962 1080 οἷ
997 1038 1197 1097 θηρῶντες
1218 1035 1309 1087 τοὺς

80 1101 335 1163 μαργαρίτας
350 1137 362 1160 ‚
406 1102 501 1147 ὅταν
546 1104 601 1155 εἷς
641 1103 847 1165 κεχηνότα
884 1103 1032 1165 κόγχον
1075 1107 1166 1149 κατ’
1216 1104 1307 1150 εὐθὺ

80 1170 288 1215 ἐκτείνωσι
308 1170 380 1226 τὴν
404 1178 524 1234 χεῖρα
541 1191 550 1200 ·
577 1172 670 1232 μύει
699 1172 779 1234 γὰρ
802 1172 892 1217 τότε
907 1210 919 1231 .,
944 1172 1014 1218 καὶ
1047 1173 1244 1226 πολλάκις
1272 1176 1308 1219 οἱ

81 1239 272 1284 δάκτυλοι
297 1242 430 1285 αὐτῶν
455 1241 747 1303 ἀποπρίονται·
769 1239 864 1286 ἔνιοι
884 1241 925 1286 δὲ
952 1241 1022 1286 καὶ
1048 1246 1308 1304 παραχρῆμα

78 1308 421 1363 ἀποθνήσκουσιν.
447 1308 573 1356 ‘'Osot
601 1311 635 1355 δ’
659 1310 707 1355 ἂν
725 1312 771 1355 ἔκ
797 1310 973 1371 πλαγίου
1001 1311 1212 1363 ὑποθέντες
1233 1312 1307 1367 τὴν

77 1383 197 1437 χεῖρα
221 1377 400 1439 τύχωσι,
423 1378 569 1441 ῥᾳδίως
585 1380 675 1431 τοὺς
694 1380 867 1441 κόγχους
888 1380 968 1424 ἀπὸ
985 1384 1054 1425 τοῦ
1071 1379 1183 1426 λίθου
1208 1383 1305 1426 ἀπο-

78 1464 252 1491 σπωσιν.

2519 208 2603 246 253>

1383 301 1480 328 vero
1494 289 1672 343 pertinet
1697 305 1794 332 caro
1814 306 1945 346 usque
1971 292 2023 332 ad
2041 293 2215 335 mediam
2238 299 2434 339 concham
2451 333 2461 350 ,
2486 305 2606 345 veluti

1381 357 1500 398 radix
1522 371 1531 398 :
1552 358 1672 413 juxta
1690 375 1815 415 quam
1834 363 2053 416 margarita
2071 364 2202 416 genita
2225 369 2402 419 augescit
2420 384 2493 423 per
2517 374 2610 412 soli-

1381 422 1478 464 dam
1503 428 1670 468 conchae
1691 436 1865 483 partem,
1890 437 1931 470 et
1950 430 2149 480 nutritur,
2181 433 2379 486 quamdiu
2403 437 2611 480 adhaerens

1381 499 1589 539 manserit.
1615 501 1838 554 Postquam
1860 515 1958 542 vero
1977 515 2073 542 caro
2095 516 2168 556 per
2191 509 2504 548 excrescentium
2520 513 2613 551 sub-

1380 567 1491 620 iens,
1528 579 1569 611 et
1599 572 1797 626 paulatim
1833 573 2042 629 incidens,
2074 577 2275 629 separavit
2312 583 2569 633 margaritam
2591 601 2611 625 a

1381 642 1554 693 concha,
1580 645 1829 699 amplectens
1848 646 1958 686 illam
1988 661 2072 687 non
2094 648 2266 702 amplius
2290 654 2434 702 nutrit,
2450 653 2526 696 'sed
2546 657 2610 697 lae-

1381 715 1537 756 viorem
1552 747 1563 766 ‚
1595 716 1835 758 nitidiorem
1864 726 1904 758 et
1928 719 2139 773 puriorem
2160 722 2310 764 reddit.
2341 728 2432 766 Jam
2456 743 2546 782 qua:
2570 732 2609 771 in

1379 788 1589 843 profundo
1603 789 1715 845 degit
1732 791 1875 846 pinna,
1896 791 2263 847 splendidissimam
2287 796 2380 838 facit
2394 808 2433 839 et
2444 803 2611 855 purissi-

1380 877 1512 914 mam,
1547 878 1822 920 magnamque
1854 866 1964 920 parit
1998 869 2289 920 margaritam:
2322 886 2411 926 quae
2446 876 2609 915 veroin

1380 952 1543 980 summo
1586 948 1723 990 natat,
1751 948 1792 981 et
1820 954 1984 980 sursum
2021 942 2221 993 evehitur,
2257 959 2342 998 ejus
2374 951 2605 1002 margarita,

1379 1012 1576 1065 quoniam
1595 1013 1690 1054 solis
1706 1012 1831 1054 radiis
1846 1014 2090 1068 percutitur,
2109 1016 2236 1057 nubili
2254 1018 2399 1060 coloris
2417 1030 2457 1061 et
2474 1023 2608 1063 minor

1379 1092 1453 1124 est.
1473 1085 1706 1126 Versantur
1717 1094 1854 1127 autem
1870 1087 1912 1126 in
1927 1087 2109 1141 periculo
2125 1089 2195 1142 qui
2211 1093 2444 1145 margaritas
2460 1109 2608 1136 venan-

1378 1163 1461 1206 tur,
1478 1171 1610 1210 quum
1627 1157 1670 1198 in
1683 1166 1865 1212 apertam
1881 1158 2080 1198 concham
2093 1168 2202 1200 recta
2220 1176 2387 1205 manum
2400 1164 2606 1208 inferunt:

1379 1228 1532 1270 claudit
1561 1230 1672 1270 enim
1705 1245 1752 1271 ea
1779 1239 1880 1272 tunc
1915 1240 2082 1283 testam,
2108 1248 2154 1274 ac
2184 1249 2288 1290 saepe
2320 1236 2436 1291 digiti
2466 1254 2608 1282 eorum

1378 1302 1701 1354 abscinduntur;
1727 1305 1915 1344 nonnulli
1938 1319 2035 1345 vero
2061 1307 2182 1347 etiam
2203 1311 2392 1362 protinus
2424 1314 2609 1352 moriun-

1378 1385 1462 1418 tur.
1489 1378 1654 1430 Quibus
1686 1393 1784 1419 vero
1816 1394 1839 1420 a
1860 1379 1984 1420 latere
2016 1395 2187 1421 manum
2218 1383 2396 1424 inserere
2431 1387 2610 1440 contige-

1379 1451 1459 1501 rit,
1483 1451 1527 1492 hi
1551 1452 1728 1493 conchas
1748 1452 1864 1493 facile
1889 1469 1911 1494 a
1935 1469 2033 1496 saxo
2056 1455 2248 1496 avellunt.

1147 1601 1560 1628 φὴ

584 1738 881 1818 [ISIDORI
924 1753 1129 1805 ORBIS
1171 1755 1573 1807 TERRARUM
1615 1755 2099 1831 DESCRIPTIO]

125 1919 194 1947 21.
216 1907 371 1947 Plinius
388 1909 444 1958 II,
469 1922 562 1958 112,
585 1912 607 1963 §
624 1913 704 1959 242
724 1910 849 1964 Sillig.
872 1913 1004 1952 :Pars
1020 1919 1162 1951 nostra
1178 1919 1306 1951 terra-

76 1988 175 2024 Ἴωνι,
204 1975 252 2016 de
273 1991 355 2032 qua
380 1992 565 2027 memorO,
592 1979 791 2020 ambienti
813 1994 958 2020 oceano
979 1980 1093 2025 velut
1114 1979 1307 2020 innatans

71 2043 304 2095 longissime
323 2045 376 2086 ab
393 2055 486 2087 ortu
508 2046 566 2086 ad
575 2062 763 2088 occasum
777 2057 910 2103 patet,
934 2048 1007 2088 hoc
1028 2057 1090 2092 est
1107 2047 1160 2087 ab
1178 2047 1307 2088 India

0 2150 1 2172 γ
67 2111 130 2151 ad
165 2114 357 2155 Herculis
384 2115 592 2157 columnas
625 2116 813 2158 Gadibus
859 2125 1050 2156 sacratas
1092 2109 1305 2158 LXXXV.

0 2189 1 2238 j
71 2183 271 2222 LXVIII
283 2182 386 2222 mill.
402 2198 540 2238 pass„
564 2193 610 2223 ut
627 2183 888 2225 Artemidoro
904 2183 1065 2223 auctori
1076 2184 1232 2239 placet,
1260 2193 1306 2223 ut

0 2240 1 2255 ¹
70 2264 164 2291 vero
182 2251 358 2300 Isidoro,
382 2245 589 2293 ,ῖς-ΠΗ.
618 2262 657 2293 et
675 2256 853 2294 XVJJJ.
876 2255 939 2294 M.

127 2332 195 2358 22.
220 2319 284 2359 Id.
306 2322 362 2370 II,
384 2334 477 2370 112,
495 2323 517 2373 5
540 2320 619 2369 245
640 2334 649 2360 :
671 2319 871 2362 Latitudo
889 2329 1025 2360 autem
1045 2329 1160 2363 terrae
1174 2335 1201 2360 a
1223 2336 1302 2360 me-

72 2386 236 2427 ridiano
250 2388 337 2427 situ
360 2388 418 2428 ad
433 2389 724 2444 septentriones
742 2387 918 2428 dimidio
922 2387 1015 2441 sere
1037 2388 1171 2429 minor
1187 2388 1302 2429 colli-

66 2456 184 2506 gitur
201 2447 587 2502 XZ‘J'J‘JLLXXXX
600 2456 735 2497 milia.
762 2457 1000 2510 Sequuntur
1015 2465 1161 2511 partes
1179 2455 1302 2512 hujus

70 2537 298 2573 mensurae,
324 2538 415 2578 quae
444 2525 652 2578 pertinent
669 2539 693 2564 a
721 2522 895 2564 meridie
923 2523 1067 2564 ultima
1097 2538 1228 2579 usque
1249 2525 1302 2566 ad

69 2592 223 2631 ostium
236 2592 386 2631 Tanais
402 2592 418 2644 (
432 2593 487 2632 V.
503 2591 554 2631 fr.
577 2590 781 2633 Artemid.
799 2592 832 2645 ).
854 2591 960 2631 Dein
972 2591 1128 2632 Plinius
1141 2593 1298 2637 pergit:

69 2659 136 2698 Ab
152 2658 258 2699 ostio
279 2658 435 2699 Tanais
449 2659 558 2699 nihil
577 2659 688 2699 modi
698 2673 820 2714 quam
835 2657 1146 2710 diligentissimi
1160 2669 1300 2700 aucto-

66 2742 130 2768 res
137 2727 272 2781 secere
292 2745 306 2769 .·
326 2727 614 2769 Artemidorus
637 2728 831 2769 ulteriora
861 2729 1110 2785 incomperta
1143 2729 1300 2769 existu-

67 2797 216 2848 mavit,
234 2812 358 2853 quum
378 2796 489 2838 circa
518 2796 693 2838 Tanaim
715 2800 997 2837 Sarmatarum
1008 2796 1144 2848 gentis
1165 2796 1301 2849 degere

57 2864 268 2916 fateretur
300 2865 359 2905 ad
390 2865 683 2921 septentriones
716 2879 858 2906 versus
872 2883 887 2913 ;
925 2864 1115 2906 Isidorus
1147 2864 1301 2919 adjecit

66 2931 305 2974 duodeciens
325 2942 490 2974 centena
508 2932 644 2973 millia
658 2932 959 2988 quinquaginta
979 2947 1101 2988 usque
1118 2932 1176 2973 ad
1194 2933 1301 2974 leu-

69 3000 145 3050 len,
169 3016 258 3056 quce
275 3002 506 3056 conjectura
520 3000 798 3041 divinationis
813 3010 889 3041 est.

124 3070 193 3111 23.
219 3070 283 3111 Id.
318 3073 375 3121 V,
406 3087 429 3124 9
454 3084 464 3111 :
498 3070 740 3112 Universum
762 3085 856 3110 vero
879 3070 1044 3124 (Asiam
1068 3069 1082 3125 )
1109 3084 1201 3110 cum
1226 3073 1300 3110 AE·

66 3147 189 3192 gypto
217 3138 274 3179 ad
310 3139 485 3180 Tanaim
523 3138 811 3180 Artemidorus
846 3147 886 3178 et
925 3137 1114 3179 Isidorus
1140 3131 1299 3179 ‘HI—Il

69 3206 228 3245 LXXV
242 3209 304 3247 M.
322 3222 368 3262 p.
396 3207 411 3259 (
430 3221 512 3247 esse
531 3206 702 3247 tradunt
717 3208 748 3260 ).

71 3374 143 3412 tris
156 3371 334 3413 adhaeret
353 3386 363 3413 z
381 3373 489 3414 illam
503 3383 662 3429 partem
678 3375 911 3424 animantis,
931 3375 985 3416 ob
1007 3376 1146 3418 nescio
1168 3389 1295 3430 quam

68 3432 394 3484 similitudinem,
414 3449 491 3489 pro
506 3432 682 3475 cancello
694 3449 718 3475 a
728 3435 937 3476 nonnullis
952 3451 1038 3477 esse
1052 3437 1249 3478 habitam.
1274 3454 1290 3475 »

69 3498 363 3537 CAsAunoNus.
386 3497 402 3550 ss
416 3520 472 3527 —
486 3497 518 3535 K
529 3512 566 3537 ιν
578 3498 598 3536 δ
609 3512 630 3536 υ
641 3511 659 3536 ν
672 3512 688 3536 ε
699 3496 720 3535 ὑ
732 3512 753 3536 o
764 3498 861 3551 uest]
876 3497 940 3538 Cf.
958 3498 1114 3539 Plinius
1124 3501 1201 3550 IX,
1218 3499 1268 3540 55
1282 3512 1292 3540 2

71 3556 228 3596 Concha
246 3556 337 3612 ipsa
358 3572 481 3612 quum
499 3573 663 3598 manum
685 3558 814 3607 videt,
830 3559 1065 3614 comprimit
1081 3575 1178 3609 sese,
1204 3576 1295 3618 ope-

70 3618 203 3671 ritque
221 3631 315 3673 opes
333 3632 445 3667 suas,
465 3633 598 3670 gnara
609 3628 778 3674 propter
801 3618 896 3660 illas
916 3634 958 3660 se
968 3621 1061 3676 peti
1074 3639 1090 3670 ;
1113 3637 1295 3663 manum-

66 3694 143 3733 que
161 3678 200 3718 si
221 3679 467 3735 prceveniat,
499 3680 586 3720 acie
605 3695 684 3721 sua
702 3680 926 3722 abscindit.
951 3682 1099 3724 AElian.
1123 3685 1176 3725 N.
1209 3687 1290 3726 An.

69 3741 124 3789 X,
150 3753 218 3782 20.
243 3743 436 3782 Ceterum
467 3741 519 3782 de
545 3742 622 3783 hac
649 3743 873 3796 piscatione
901 3743 955 3784 cf.
985 3747 1295 3789 Memorandum

68 3803 297 3857 respecting
320 3803 385 3843 tlze
409 3802 739 3859 peuri-stsheries
772 3804 814 3845 in
838 3805 902 3845 the
923 3806 1096 3847 Persian
1125 3809 1228 3862 gulf
1247 3811 1297 3865 by

1434 1909 1503 1954 24.
1519 1905 1584 1947 Id.
1605 1908 1682 1957 IV,
1707 1907 1759 1961 37
1786 1920 1796 1948 ε
1819 1907 2132 1960 Longitudinem
2152 1913 2238 1966 ejus
2255 1913 2463 1968 (Europae)
2486 1916 2608 1953 Arte-

1377 1975 1561 2016 midorus
1593 1985 1715 2032 atque
1755 1977 1943 2018 Isidorus
1985 1994 2012 2019 a
2050 1981 2185 2022 Tanai
2218 1982 2349 2023 Gadis
2386 1976 2604 2024 LTY‘X—II.

1377 2045 1525 2084 XIIII
1550 2047 1663 2100 Mp.
1687 2044 1972 2100 prodiderunt.

1432 2111 1501 2152 25.
1518 2112 1584 2153 Id.
1608 2115 1664 2164 V,
1690 2118 1714 2154 6
1738 2127 1747 2154 :
1773 2114 1962 2156 Isidorus
1991 2131 2018 2156 a
2052 2117 2176 2170 Tingi
2207 2122 2410 2175 Canopum
2425 2113 2605 2162 XXV]

1375 2181 1515 2220 XCIX
1524 2183 1587 2220 M.
1602 2195 1671 2235 p.‚
1698 2181 1987 2222 Artemidorus
2009 2186 2083 2224 XL
2097 2187 2159 2226 M.
2183 2186 2319 2226 minus
2334 2201 2457 2240 quam
2472 2188 2606 2228 Isido-

1374 2262 1445 2288 rus
1466 2247 1480 2303 (
1500 2262 1582 2289 esse
1599 2248 1853 2290 existumant
1870 2252 1904 2304 ).

1429 2320 1497 2357 26.
1535 2316 1601 2358 Id.
1632 2320 1687 2368 V,
1727 2319 1778 2366 43
1816 2332 1826 2359 :
1865 2322 1908 2359 A
1950 2320 2189 2362 Chalcedone
2226 2327 2385 2374 Sigeum
2417 2324 2605 2365 Isidorus

1377 2388 1598 2426 CCCXXII
1610 2387 1813 2439 (CCCXII
1827 2395 1868 2427 et
1878 2389 2099 2429 CCCLXII
2112 2404 2151 2430 ν.
2169 2390 2226 2446 l.‘)
2243 2394 2304 2432 M.
2318 2395 2373 2431 D.
2386 2407 2434 2447 p.
2454 2393 2601 2434 tradit.

1428 2468 1496 2508 27.
1518 2454 1582 2495 Id.
1601 2457 1657 2504 V,
1676 2455 1726 2496 35
1748 2459 1912 2510 :Husus
1931 2456 1944 2512 (
1960 2458 2083 2512 Cypri
2101 2460 2116 2512 )
2133 2458 2352 2500 circuitum
2379 2460 2602 2502 Timosthe-

1371 2537 1439 2563 nes
1459 2525 1702 2564 CCCCXXV
1698 2525 1754 2563 II
1769 2526 1832 2565 M.
1854 2527 1896 2564 D
1910 2524 2117 2580 prodidit,
2137 2525 2326 2568 Isidorus
2341 2530 2598 2570 CCCLXXV.

1426 2594 1495 2632 28.
1519 2591 1585 2632 Id.
1619 2593 1674 2641 V,
1704 2593 1756 2633 36
1788 2605 1798 2633 z
1823 2592 1971 2633 Distat
1999 2594 2228 2651 (Rhodus)
2262 2596 2315 2636 ab
2345 2596 2603 2638 Alexandria

1370 2660 1543 2716 AEgypti
1561 2663 1836 2702 DLXXXIII
1860 2663 1942 2710 M„
1965 2670 2012 2701 ut
2031 2661 2221 2703 Isidorus
2248 2663 2405 2712 tradit,·
2431 2673 2478 2704 ut
2497 2668 2603 2705 Era-

1371 2727 1584 2777 tosthenes,
1626 2730 1889 2770 CCCCLXIX
1903 2732 1955 2770 M
1965 2747 1980 2778 ;
2008 2739 2053 2770 ut
2074 2729 2311 2779 Mucianus,
2342 2733 2397 2779 D,
2420 2745 2447 2770 a
2478 2734 2602 2788 Cypro

1374 2798 1560 2837 CLXVI.

1425 2877 1494 2917 29.
1531 2863 1596 2904 Id.
1628 2864 1684 2914 V,
1711 2864 1763 2917 37
1788 2876 1798 2904 :
1831 2863 1962 2905 Ioniae
1980 2879 2052 2905 ora
2080 2864 2234 2906 habet..
2267 2870 2413 2907 Samon
2436 2867 2602 2908 liberam

1369 2931 1547 2972 circuitu
1565 2933 1829 2973 LXXXVII.
1850 2934 1956 2973 MD.
1971 2947 2040 2989 p.‚
2071 2941 2160 2982 aut,
2184 2942 2231 2973 ut
2249 2933 2452 2983 Isidorus,
2482 2938 2571 2976 CM.

1425 3001 1496 3041 3ο.
1516 2998 1582 3040 Id.
1599 3000 1656 3050 V,
1679 2999 1731 3041 38
1750 3012 1760 3040 :
1787 3000 1803 3053 (
1823 2998 1944 3040 Clzius
1978 2999 2145 3054 insula)
2165 3000 2343 3041 circuitu
2366 3005 2519 3043 CXXV
2535 3006 2598 3043 M.

1365 3085 1410 3125 p.
1434 3068 1608 3120 colligit,
1628 3077 1675 3109 ut
1685 3077 1837 3110 veteres
1854 3068 2071 3118 tradidere,
2092 3068 2282 3110 Isidorus
2292 3073 2362 3111 IX
2367 3073 2430 3111 M.
2449 3070 2595 3111 adicit.

1425 3138 1493 3178 31.
1515 3136 1581 3177 Id.
1615 3137 1670 3186 V,
1706 3137 1758 3190 39
1786 3149 1796 3176 :
1825 3139 1929 3178 Tota
1962 3136 2098 3176 iusula
2121 3138 2138 3188 (
2161 3137 2347 3190 Lesbus)
2383 3137 2595 3185 circuitur,

1370 3214 1417 3246 ut
1446 3204 1650 3252 Isidorus,
1683 3205 1909 3244 CLXVIII
1940 3206 1998 3244 M.
2017 3218 2085 3259 p.‚
2110 3213 2156 3243 ut
2176 3212 2342 3251 veteres,
2377 3206 2517 3244 CXCV
2531 3207 2593 3245 M.

1366 3373 1418 3414 tle
1436 3388 1483 3414 ea
1502 3372 1657 3413 fabulas
1688 3370 1925 3425 perstringit
1956 3371 2093 3410 Stuart
2118 3371 2302 3410 Account
2327 3369 2381 3422 of
2394 3370 2459 3409 tlze
2476 3373 2597 3426 pearl

1362 3435 1559 3488 fislzeries,
1579 3442 1657 3474 etc.
1679 3433 1722 3473 in
1754 3431 2046 3473 Transactions
2061 3431 2116 3485 of
2134 3427 2199 3471 tlze
2213 3445 2296 3485 roy.
2314 3431 2458 3472 Asiae.
2490 3447 2590 3479 soc„

1366 3497 1447 3538 vol.
1469 3499 1546 3547 HI,
1566 3510 1608 3551 p.
1631 3509 1681 3545 11,
1701 3509 1743 3549 p.
1769 3493 1849 3543 452
1873 3508 1962 3548 sqq.
1980 3493 2044 3534 Cf.
2063 3494 2210 3534 Ritter.
2231 3495 2306 3544 XI,
2327 3508 2370 3549 p.
2395 3493 2470 3547 591
2501 3508 2590 3548 sqq.

1363 3562 1441 3610 VI,
1471 3573 1514 3614 p.
1545 3562 1622 3599 162
1641 3571 1731 3610 sqq.
2479 3614 2483 3617 ι

1420 3625 1442 3675 §
1474 3622 1543 3662 23.
1580 3622 1660 3661 Pro
1687 3621 1795 3666 8214
1826 3617 1926 3658 mill.
1948 3619 2060 3659 varia
2087 3617 2207 3659 lectio
2224 3618 2380 3674 praebet
2411 3620 2519 3667 8414
2555 3627 2594 3659 et

1366 3683 1490 3733 8415.
1516 3685 1619 3735 Quae
1638 3695 1782 3721 vereor
1797 3695 1849 3721 ne
1877 3689 2071 3735 corrupta
2085 3681 2168 3721 sint
2186 3682 2339 3722 omnia.

1422 3749 1444 3799 S
1482 3746 1549 3786 32.
1591 3739 1814 3796 Ρι“ο”4875
1852 3742 1971 3793 mill.,
2002 3757 2105 3798 quos
2126 3742 2250 3784 habet
2281 3743 2402 3784 etiam
2432 3742 2592 3783 Solinus

1366 3822 1403 3848 c.
1425 3820 1477 3847 22
1491 3837 1502 3856 ,
1537 3806 1647 3845 varia
1674 3803 1793 3845 lectio
1811 3813 1872 3844 est
1899 3804 2006 3859 3875
2022 3813 2063 3845 et
2079 3804 2186 3846 3825
2215 3806 2232 3858 (
2249 3804 2330 3845 hoc
2346 3803 2467 3844 etiam
2485 3804 2591 3842 Mar-

70 3866 203 3905 Colon.
223 3869 278 3906 D.
304 3868 360 3906 W
359 3865 462 3906 ilson
494 3866 537 3905 in
555 3868 697 3906 Journ.
721 3865 775 3917 of
790 3867 854 3906 the
877 3881 959 3920 roy.
981 3883 1116 3920 geogr.
1145 3884 1228 3911 soc.
1252 3871 1308 3925 os
1367 3871 1516 3917 tianus‚
1538 3881 1627 3921 cap.
1659 3867 1736 3916 VI,
1762 3869 1858 3916 666,
1886 3868 1957 3920 qui
1979 3867 2159 3908 Plinium
2179 3867 2330 3921 passim
2362 3864 2588 3918 exscribit).

68 3927 248 3976 London,
279 3928 399 3976 1834.
429 3927 510 3968 vol.
526 3929 603 3978 III,
627 3942 670 3982 p.
698 3928 777 3969 283
805 3942 912 3983 sqq.;
937 3930 1050 3983 quod
1071 3934 1296 3984 generatio·

68 4002 160 4029 nem
199 3991 508 4045 margaritarum
538 3990 702 4040 attinet,
736 3997 916 4030 veterum
945 4000 985 4032 et
1020 3995 1294 4036 recentiorum

1368 3931 1430 3972 Cf.
1457 3932 1663 3971 Letronne
1688 3932 1767 3968 Sur
1791 3928 1939 3969 Dicuil
1963 3943 2006 3984 p.
2034 3932 2110 3970 160
2129 3942 2190 3982 sq.
