2756 4354
0 151 5 156 ’
70 145 123 208 (a)
1192 141 1506 191 PEmPLUS.

138 265 195 295 23.
219 252 422 296 ΝΕΣΤΟΙ.
445 247 544 295 Ἀπὸ
565 245 607 292 δὲ
629 245 791 292 Νέστου
816 245 943 295 πλοῦς
962 243 1048 288 ἐστὶ
1070 243 1300 301 κολπώδης.

71 320 277 365 Καλεῑται
294 318 335 364 δὲ
353 321 396 363 M
401 316 510 367 ανιὸς
527 314 635 365 ἅπας
652 306 766 363 οἶτος
778 315 799 357 ὃ
816 312 980 363 κόλπος.
1048 312 1304 373 Παράπλους

69 387 118 432 δέ
153 390 261 433 ἐστιν
281 386 438 448 ἡμέρας
467 390 579 444 μιᾶς.
649 381 746 428 Εἰσὶ
771 380 813 425 δὲ
848 383 889 426 ἐν
912 379 1043 441 τούτῳ
1076 384 1136 442 τῷ
1159 381 1304 444 κόλπῳ

72 461 216 516 ν’ἧσοι,
244 453 467 517 Προτερὰς,
485 450 704 513 Κρατειαὶ,
733 449 934 498 Ὀλύντα.
1004 442 1140 496 Airai
1164 451 1204 495 δὲ
1230 452 1303 496 ἀπ’

70 528 266 583 ἀλλήλων
293 524 496 585 ἀπέχουσι
524 521 670 567 στάδια
707 519 763 581 β’,
802 518 829 575 ἢ
861 519 985 583 ὀλίγῳ
1024 518 1162 576 πλέον,
1197 520 1305 565 κατὰ

71 597 219 658 Φάρον
240 593 309 639 καὶ
330 590 496 638 Ἴσσαν.
566 590 771 636 Ἐνταῦθα
805 589 885 652 γάρ
919 591 1006 634 ἐστι
1025 588 1111 640 νέος
1134 590 1302 652 Φάρος,

74 669 195 720 νῆσος
216 661 434 719 Ἑλληνὶς,
467 659 538 706 καὶ
560 658 683 706 Ἴσσα
702 662 822 713 νῆσος
837 695 850 718 ,
889 658 958 703 καὶ
991 657 1131 710 πόλεις
1151 658 1303 714 Ἑλλη-

72 806 113 837 et
128 796 272 837 Florus
286 797 344 845 11,
364 794 385 834 5
398 810 408 845 ;
433 793 573 835 Titum
588 792 832 834 Ptolemaeus
846 808 856 841 ;
871 806 983 832 nunc
999 792 1133 832 Kerka
1142 791 1309 833 dicitur.

65 860 133 898 Ne
152 865 389 912 sequentem
405 856 594 905 fluvium,
630 854 816 896 Tilurum
836 855 878 894 in
900 855 998 894 Itin.
1023 856 1122 895 Ant.
1147 868 1189 908 p.
1213 855 1309 909 337,

75 921 97 961 5
111 929 151 961 et
160 920 264 961 Tab.
285 920 474 972 Peuting.
498 917 510 973 (
528 932 640 958 nunc
661 916 845 958 Czettina
861 916 893 973 ),
916 918 987 972 qui
1004 916 1111 956 infra
1123 917 1312 957 Salonam

72 986 115 1024 in
150 998 263 1024 mare
286 983 385 1032 exit,
408 981 621 1034 intelligas,
650 980 785 1020 obstat
803 979 918 1035 quod
947 995 971 1021 a
997 981 1124 1020 Nesto
1150 980 1315 1034 profici-

74 1050 230 1087 scentes
246 1046 287 1085 in
307 1045 445 1084 sinum
461 1044 600 1084 venire
612 1043 756 1098 Scylax
767 1044 844 1094 ait;
863 1043 1031 1084 Tilurus
1047 1057 1144 1083 vero
1165 1043 1315 1082 fluvius

75 1112 117 1151 in
134 1112 222 1165 ipso
241 1117 301 1150 est
323 1109 432 1149 sinu.
458 1107 652 1162 Apollon.
679 1106 816 1147 Rhod.
848 1109 925 1158 IV,
957 1108 1036 1148 336
1067 1106 1241 1147 Colchos
1259 1107 1316 1146 ait

73 1174 116 1212 in
138 1171 310 1213 Adriam
341 1185 393 1210 ex
412 1171 520 1210 Istro
546 1168 807 1221 devenientes
840 1169 915 1209 sub
946 1169 1125 1223 Absyrto
1149 1167 1254 1208 duce
1276 1176 1319 1208 et

70 1235 185 1275 'illam
209 1247 428 1288 occupasse
442 1231 617 1272 insulam
633 1232 676 1271 in
695 1245 778 1286 qua
788 1240 930 1286 postea
948 1245 1073 1271 caesus
1089 1238 1150 1271 est
1164 1230 1316 1284 Absyr-

78 1306 145 1337 tus
157 1329 168 1347 ,
194 1305 234 1337 et
248 1297 343 1336 alias
359 1295 512 1335 vicinas
527 1293 678 1334 insulas
696 1294 818 1348 μέσφα
836 1293 1095 1349 Σαλάγκωνος
1112 1291 1126 1349 (
1142 1293 1226 1332 sive
1243 1292 1317 1331 Σα-

79 1360 284 1415 λάγγωνος
314 1359 529 1412 >wranov
562 1356 627 1397 καὶ
654 1355 837 1404 Νέστιδος
862 1354 960 1408 αὶής.
990 1355 1152 1408 Quibus
1182 1355 1318 1395 verbis

68 1437 166 1462 eam
182 1420 364 1476 indicare
382 1418 547 1459 videtur
562 1418 789 1460 insularum
805 1417 1067 1472 farraginem,
1090 1432 1181 1472 quae
1191 1419 1318 1472 perti-

73 1493 147 1525 net
178 1498 308 1538 usque
336 1482 389 1524 ad
416 1483 575 1523 Titium
606 1482 794 1521 fluvium.
829 1481 933 1522 Inde
955 1496 979 1522 a
1001 1481 1215 1522 Catarbate
1235 1482 1318 1521 sive

76 1546 261 1587 Tedanio
280 1559 410 1599 usque
429 1543 482 1584 ad
503 1545 676 1584 Nestum
692 1543 775 1583 sive
789 1543 948 1583 Titium
965 1542 1097 1583 stadia
1117 1551 1214 1583 sunt
1236 1542 1319 1583 scre

71 1623 173 1662 700,
205 1609 288 1648 sive
307 1606 449 1663 ἠμέρας
469 1607 613 1661 μακρᾶς
630 1605 865 1660 παράπλους.
883 1605 1260 1660 Comprehenditur
1275 1607 1318 1646 in

77 1672 320 1712 Bulinorum
342 1670 510 1726 paraplo
529 1670 653 1710 etiam
669 1670 951 1710 Chersonesus
970 1669 1144 1724 Hyllica,
1167 1669 1219 1709 de
1238 1684 1319 1724 qua

76 1742 261 1789 superest
281 1741 326 1773 ut
345 1747 474 1787 pauca
502 1731 691 1786 quaedam
721 1730 1035 1786 subjungamus.
1064 1733 1252 1782 Etenim,
1286 1734 1319 1774 si

74 1796 257 1837 ‘Plinium
269 1798 346 1845 ΠΙ,
365 1799 417 1836 26
433 1794 590 1846 audias,
608 1795 718 1850 Hylli
738 1795 979 1835 habitarunt
994 1809 1018 1835 a
1034 1794 1207 1835 meridie
1221 1797 1317 1836 Titii

77 1859 192 1898 fluvii
212 1858 264 1899 ad
281 1859 496 1898 introitum
522 1858 636 1897 sinus
659 1857 805 1898 Manii.
827 1855 1054 1907 Liburnice,
1075 1857 1147 1907 ait,
1158 1857 1264 1911 finis
1282 1868 1322 1898 et

79 1919 247 1960 initium
269 1918 488 1960 Delmatiae
515 1918 722 1959 Scardona
751 1918 793 1959 in
811 1933 928 1958 amne
946 1933 989 1957 eo
1011 1917 1024 1974 (
1045 1933 1102 1959 sc.
1134 1920 1246 1959 Titio
1267 1919 1318 1976 )..

77 1982 185 2023 Dein
199 1982 522 2024 Autariatarum
539 1983 626 2036 (sic
651 1997 731 2023 em.
761 1982 1034 2035 Wesseling.;
1053 1991 1129 2022 aut
1145 1982 1324 2023 tariata-

80 2061 170 2086 rum
192 2045 286 2086 cod.
311 2048 428 2097 Vat.;
469 2044 735 2087 Tariatarum
755 2059 849 2099 vgo.
882 2046 939 2085 V.
965 2045 1091 2098 Sillig.
1114 2044 1167 2085 ad
1186 2046 1229 2085 h.
1251 2046 1278 2086 l.
1305 2048 1321 2100 )

74 2107 255 2163 antiqua
286 2107 395 2159 regio
423 2116 463 2147 et
500 2107 714 2148 castellum
751 2106 933 2148 Tariona
944 2124 959 2154 ‚·
997 2107 1323 2162 promontorium

79 2170 293 2211 Diomedis
311 2170 390 2219 vel,
415 2181 462 2210 ut
492 2169 586 2218 alii,
604 2169 829 2225 peninsula
853 2169 1009 2223 Hyllis,
1043 2169 1222 2210 circuitu
1249 2173 1329 2210 CM

74 2246 196 2287 pass.
227 2230 490 2283 Tragurium.
514 2234 556 2271 Is
581 2245 720 2271 merus
748 2239 809 2271 est
831 2245 963 2270 error.
996 2232 1120 2270 Recte
1155 2230 1324 2284 quidem

78 2309 177 2335 cum
191 2293 492 2348 antiquioribus
511 2293 780 2348 scriptoribus
795 2301 889 2348 post
905 2292 1151 2334 Liburniam
1170 2307 1326 2333 memo-

80 2365 146 2398 rat
164 2358 374 2410 regionem
399 2356 623 2410 Hyllicam3
645 2354 718 2396 sed
748 2357 791 2396 in
814 2371 863 2396 eo
898 2364 1055 2410 peccat,
1081 2355 1195 2410 quod
1220 2356 1326 2397 hanc

84 2419 328 2460 Liburniam
348 2432 444 2458 cum
468 2418 691 2459 serioribus
712 2432 844 2472 usque
863 2418 916 2458 ad
935 2419 1093 2459 Titium
1113 2418 1323 2473 producit,

82 2482 260 2537 ideoque
282 2481 483 2536 Hyllicam
502 2481 761 2536 peninsulam
779 2481 822 2521 in
839 2495 930 2521 eam
955 2481 1165 2534 regionem
1187 2480 1328 2522 detru-

76 2544 160 2595 dit,
194 2559 285 2599 quae
314 2559 400 2584 non
433 2543 556 2584 habet
584 2543 858 2598 peninsulam.
903 2546 1001 2596 Quo
1041 2543 1327 2584 animadverso

82 2606 249 2661 plurimi
284 2606 560 2646 recentiorum
592 2605 605 2661 (
621 2613 667 2645 ut
682 2606 908 2646 etiamnum
925 2605 1136 2660 Forbiger.
1172 2607 1324 2660 Geogr.

82 2671 160 2719 III,
182 2683 225 2723 p.
253 2670 333 2717 846
351 2668 364 2724 )
386 2667 592 2723 Hyllidem
614 2668 874 2723 peninsulam
906 2668 1029 2708 etiam
1048 2668 1178 2708 multo
1201 2671 1329 2723 magis

82 2731 299 2772 meridiem
321 2745 461 2771 versus
483 2739 765 2781 removerunt,
786 2731 830 2771 in
853 2744 944 2771 eam
972 2745 1030 2771 sc.
1051 2731 1326 2786 peninsulam,

79 2809 176 2849 -quae
194 2793 317 2834 hodie
340 2793 494 2834 dicitur
513 2792 560 2833 cli
587 2792 852 2842 Sabioneell0‚
879 2801 919 2834 et
938 2808 962 2834 a
984 2794 1147 2849 Scylace
1166 2794 1209 2834 in
1232 2797 1254 2847 5
1275 2797 1327 2836 23

85 2864 358 2897 memoratur.
377 2855 428 2896 Id
444 2871 468 2896 a
482 2855 646 2911 Scylace
659 2855 954 2896 alienissimum
967 2871 1054 2897 esse
1067 2856 1173 2897 bene
1189 2867 1331 2899 monet

80 2919 256 2969 Gailius,
279 2917 353 2958 sed
375 2917 528 2958 fallitur
558 2917 669 2958 idem
691 2919 725 2958 si
748 2919 956 2974 Apollonii
978 2919 1263 2961 auctoritatem
1286 2922 1330 2962 in

86 2995 273 3022 errorem
300 2980 466 3021 duxisse
485 2980 631 3028 credit.
655 2982 763 3022 Nam
795 2981 1040 3036 Apollonius
1068 2982 1256 3023 Rhodius
1278 2982 1330 3024 de

91 3043 308 3098 Hyllorum
328 3044 496 3098 regione
525 3043 672 3084 eodem
692 3058 777 3098 quo
809 3044 953 3100 Scylax
983 3044 1111 3085 modo
1139 3046 1327 3087 statuisse

87 3104 225 3146 debet.
243 3106 394 3160 Liquet
411 3105 492 3146 hoc
517 3120 568 3146 ex
589 3107 667 3156 IV,
691 3106 769 3147 563
790 3121 900 3162 sqq.,
921 3106 994 3147 ubi
1013 3109 1262 3160 Argonautae
1280 3123 1331 3148 ex

92 3166 252 3221 Hyllide
266 3176 375 3208 terra
389 3166 607 3208 meridiem
624 3182 765 3209 versus
776 3168 950 3224 profecti
962 3169 1005 3209 in
1019 3171 1163 3220 Issam,
1181 3168 1332 3210 deinde

87 3229 134 3268 in
159 3230 380 3284 Corcyram
402 3230 588 3284 Nigram,
612 3238 702 3271 tum
722 3231 765 3271 in
782 3231 952 3272 Meliten
975 3231 1152 3272 insulam
1173 3232 1332 3273 venisse

85 3289 302 3331 dicuntur.
339 3293 475 3332 Immo
502 3292 720 3346 peninsula
748 3292 796 3333 di
826 3293 1077 3334 Sabioneello
1113 3302 1333 3349 propterea

90 3366 169 3407 pro
196 3351 353 3406 Hyllica
369 3353 623 3394 Chersoneso
641 3353 893 3407 venditatur,
923 3353 1038 3410 quod
1067 3369 1153 3410 prae
1185 3357 1330 3397 ceteris

89 3428 198 3454 verae
222 3414 445 3468 peninsulae
462 3415 639 3457 sormam
657 3417 838 3458 exhibet.
860 3441 919 3449 —
933 3416 1060 3471 Quod
1082 3417 1252 3459 Bulinos
1269 3426 1329 3459 at·

88 3477 210 3526 tinet,
242 3477 440 3530 Scymn'us
470 3478 598 3520 Chius
631 3482 711 3529 4ο4
744 3480 802 3521 ita
832 3494 902 3521 eos
931 3488 1242 3530 commemorat,
1279 3490 1328 3523 ut

91 3540 202 3578 -inter
236 3538 444 3579 Liburnos
464 3548 504 3580 et
531 3540 673 3596 Hyllos
703 3541 830 3582 medii
857 3542 1059 3583 habitasse
1089 3541 1323 3584 videantur.

94 3602 200 3642 Cum
225 3600 386 3655 Scylace
407 3604 610 3644 consentit
630 3605 853 3660 Dionysius
873 3604 970 3656 385,
1005 3605 1077 3659 qui
1097 3620 1149 3646 ex
1178 3604 1326 3646 ordine

33 3705 35 3709 ,
91 3670 277 3704 recenset
298 3662 521 3713 Liburnos,
541 3665 698 3719 Hyllos,
717 3666 985 3707 BulimenseS.
1009 3666 1074 3708 Cf.
1095 3667 1219 3708 etiam
1235 3682 1327 3723 quae

88 3726 148 3766 de
162 3725 422 3767 Mentoribus
443 3725 637 3767 Liburnis
655 3728 699 3767 in
726 3727 877 3768 finibus
893 3728 1111 3783 Hyllorum
1131 3743 1256 3786 supra
1277 3745 1329 3771 ex

94 3788 316 3844 Apollonio
330 3787 494 3828 Rhodio
505 3789 636 3830 attuli.
650 3790 842 3830 Ceterum
855 3790 991 3831 Bulini
1001 3791 1189 3846 Scylacis,
1204 3793 1330 3849 Apol-

92 3852 196 3893 lonii
211 3849 362 3891 Rhodii
375 3859 415 3891 et
426 3851 591 3906 Scymni
605 3850 718 3892 haud
729 3850 880 3892 diversi
898 3853 1024 3907 stirpe
1034 3852 1189 3895 suerint
1206 3855 1259 3896 ab
1281 3856 1330 3895 iis

91 3914 167 3967 qui
190 3914 298 3954 inter
315 3913 576 3969 Apolloniam
592 3922 633 3954 et
655 3914 880 3955 Ceraunios
900 3923 1059 3956 montes
1071 3916 1327 3968 habitabant,

92 3975 196 4017 dicti
212 3976 276 4018 vel
288 3976 446 4018 Bullini
463 3975 477 4033 (
497 3977 589 4018 Liv.
609 3978 678 4028 44,
698 3975 780 4032 30)
799 3976 861 4017 vel
880 3976 1080 4032 Bylliones
1098 3977 1273 4036 (Strabo
1287 3995 1329 4035 7,

2552 162 2608 202 29

1431 253 1501 292 23.
1538 251 1684 291 Nasu.
1710 252 1747 291 A
1778 244 1905 290 Nes'to
1933 258 2069 290 autem
2103 253 2307 306 navigatio
2342 264 2402 295 est
2433 259 2611 302 sinuosa.

1377 320 1605 359 Universus
1625 317 1827 366 hiesinus
1847 325 2016 358 vocatur
2031 318 2210 359 ManiuS.
2262 322 2613 377 Praeternavigatio

1379 385 1467 439 ejus
1485 394 1546 426 est
1567 385 1648 425 diei
1671 386 1808 426 unius.
1868 385 2017 425 Insulae
2032 385 2112 425 hoc
2137 386 2179 425 in
2201 386 2295 426 sinu
2320 396 2416 428 sunt
2440 404 2450 430 ε
2474 394 2615 433 Prote-

1377 468 1442 494 ras
1485 453 1499 509 (
1525 457 1763 508 Tragyras?
1784 453 1798 511 )
1838 455 1999 503 Gratiae,
2033 456 2046 506 [
2073 453 2254 503 Brattia,
2272 457 2287 505 ]
2321 455 2484 510 Olynta.
2543 461 2616 501 Hae

1376 521 1507 562 stadia
1523 521 1609 562 duo
1639 522 1652 576 (
1670 525 1693 563 8
1718 523 1786 563 vel
1806 523 1882 563 12?
1898 522 1912 579 )
1932 522 1996 563 vel
2013 522 2150 578 paullo
2164 522 2256 577 plus
2272 524 2378 564 inter
2392 539 2433 565 se
2449 526 2614 578 distant,

1377 598 1524 631 contra
1546 590 1728 631 Pharum
1745 599 1787 631 et
1800 593 1928 632 Issam
1947 593 2049 632 sitae.
2068 592 2166 632 Istic
2183 592 2293 631 enim
2311 601 2370 633 est
2385 609 2492 636 nova
2513 596 2617 637 Pha·

1374 673 1462 710 rus,
1476 659 1609 699 insula
1620 660 1778 709 Graeca,
1793 667 1834 700 et
1847 662 1930 700 Issa
1943 660 2075 700 insula
2084 693 2094 710 ‚
2109 661 2152 700 in
2169 661 2298 715 iisque
2311 662 2433 703 urbes
2449 652 2615 706 Graecae.

1379 807 1422 848 p.
1443 792 1541 849 326)
1560 793 1622 833 vel
1637 792 1843 833 Bulliones
1861 791 1964 848 (Cic.
1989 792 2052 834 Ad
2070 792 2156 833 div.
2180 794 2244 843 13,
2264 794 2332 850 42)
2352 796 2414 836 vel
2430 798 2618 840 Buliones

1383 854 1397 911 (
1414 855 1570 896 Plinius
1587 856 1628 906 3,
1652 858 1705 896 26
1727 854 1741 911 )
1768 855 1832 896 vel
1851 854 2075 896 Ballienses
2098 855 2112 911 (
2129 856 2214 896 Cic.
2237 856 2279 895 in
2299 858 2380 898 Pis.
2400 862 2452 907 4ο
2468 859 2500 915 ),
2518 875 2617 915 quo-

1380 931 1475 957 rum
1493 917 1593 958 urbs
1612 917 1746 959 Bullis
1760 916 1824 957 vel
1838 916 1968 970 Byllis
1994 915 2130 972 (Plin.
2155 917 2196 967 3,
2225 918 2290 966 13,
2316 921 2355 966 4.
2376 921 2514 975 Steph.
2532 926 2579 965 Β.
2602 925 2616 981 )

1380 978 1434 1020 ad
1446 983 1583 1021 Aoum
1596 980 1770 1021 fluvium
1780 980 1857 1021 sita
1870 987 1956 1020 erat
1967 993 2015 1019 ea
2026 980 2070 1019 in
2082 979 2265 1032 regione,
2279 994 2403 1034 quam
2419 985 2620 1027 Amanti1s

1381 1043 1557 1096 assignat
1583 1043 1742 1098 Scylax.
1767 1043 1928 1084 Scilicet
1953 1056 2084 1097 quum
2104 1042 2268 1097 Illyrica
2288 1043 2410 1098 stirps
2440 1045 2518 1087 late
2549 1063 2620 1104 pa.

1382 1113 1473 1144 tens
1505 1106 1548 1146 in
1576 1105 1774 1160 plurimas
1807 1113 1946 1159 gentes
1969 1112 2075 1144 esset
2096 1103 2304 1155 distincta,
2336 1119 2450 1147 suam
2474 1111 2622 1165 cuique

1382 1166 1522 1208 sedem
1551 1176 1660 1208 recte
1693 1167 1876 1208 tribuere
1907 1167 2066 1222 Ephori
2093 1175 2134 1207 et
2165 1167 2340 1222 Scylacis
2370 1173 2622 1225 temporibus

1383 1228 1673 1274 difficillimum
1688 1238 1790 1270 erat.
1806 1228 1925 1270 Idem
1953 1243 2123 1284 prorsus
2142 1237 2203 1269 est
2233 1227 2285 1269 de
2307 1231 2622 1276 Enchelensium

1383 1292 1552 1345 regione
1575 1292 1799 1333 dissensus.
1824 1291 1935 1332 Vide
1955 1291 2077 1332 infra.

1440 1357 1463 1407 S
1491 1356 1560 1395 23.
1592 1354 1628 1395 Ν
1642 1355 1659 1395 έ
1671 1370 1753 1395 στο
1766 1369 1777 1394 ι
1791 1356 1806 1407 ]
1822 1353 1966 1395 Nestoi
1980 1353 2126 1395 codex,
2151 1354 2459 1409 Exspectaveris
2474 1357 2625 1400 Νέστιοι

1383 1418 1447 1458 vel
1467 1418 1668 1469 Νεσταῖοι,
1691 1418 1752 1458 uti
1776 1425 1837 1458 est
1868 1417 1980 1473 apud
2003 1418 2210 1473 Scylacem
2232 1419 2275 1458 in
2308 1418 2437 1460 schol.
2471 1422 2623 1476 Apoll„

1384 1480 1501 1535 cujus
1521 1481 1644 1522 verba
1658 1481 1796 1537 paullo
1814 1495 1939 1536 supra
1953 1482 2236 1537 apposuimus,
2256 1481 2369 1522 Nihil
2383 1490 2519 1523 tamen
2538 1495 2627 1526 mu·

1385 1543 1575 1595 tandum,
1610 1545 1688 1585 nisi
1712 1543 1817 1585 forte
1835 1544 1959 1584 etiam
1982 1547 2004 1597 S
2025 1558 2077 1598 27
2116 1542 2278 1598 Ὀρίκιοι
2309 1545 2432 1585 scribi
2452 1546 2627 1588 volueris

1384 1622 1462 1662 pro
1486 1607 1649 1663 Ὀρικοῐ.
1673 1607 1688 1660 Η
1718 1633 1775 1640 --
1791 1608 1985 1655 Μάνιος
2021 1607 2247 1660 κόλπος],
2283 1607 2409 1648 hodie
2439 1610 2548 1662 golfe
2580 1611 2629 1652 de

1386 1671 1593 1726 Spalatro.
1627 1672 1759 1712 Manii
1783 1686 1833 1711 ex
1855 1685 1940 1711 uno
1962 1670 2126 1725 Periplo
2159 1678 2301 1710 nostro
2336 1672 2445 1722 noti3
2476 1672 2627 1718 nomen

1387 1732 1594 1774 habebant
1607 1734 1659 1774 ab
1674 1734 1876 1788 emporio.
1894 1732 2073 1773 Eosdem
2088 1733 2244 1774 Plinius
2258 1735 2334 1784 III,
2355 1733 2405 1774 35
2419 1737 2628 1789 Hymanos

1387 1795 1524 1836 dicere
1546 1796 1725 1846 videtur,
1747 1796 1869 1836 simul
1887 1811 2103 1836 recensens
2127 1810 2137 1836 :
2163 1798 2383 1845 Mentores,
2419 1799 2627 1850 Hymanos

1389 1859 1405 1911 (
1420 1857 1612 1914 Ἶσμένους
1623 1860 1788 1915 Scymni
1802 1862 1879 1908 401
1895 1859 1947 1913 Ρ),
1959 1859 2192 1907 Encheleos,
2212 1862 2347 1899 Bunos
2365 1857 2581 1914 (Bulinosi'
2593 1861 2625 1917 ).

1393 1921 1407 1973 ΙΙ
1424 1937 1573 1977 -παρ
1587 1922 1700 1964 άπλ.
1720 1921 1872 1978 ἣμέρα
1884 1939 1899 1969 ς
1921 1937 1949 1977 μ
1962 1923 2044 1969 ιᾶς.
2062 1924 2076 1974 ]
2089 1920 2192 1962 Inde
2207 1922 2348 1962 aTitio
2360 1922 2485 1962 fluvio
2501 1937 2630 1978 usque

1389 1983 1442 2024 ad
1465 1985 1623 2024 Narum
1639 1985 1682 2024 fl.
1701 1983 1754 2024 ad
1772 1983 1854 2025 850
1869 1983 2000 2024 stadia
2017 1991 2128 2028 sunt.
2147 1983 2341 2024 Similiter
2357 1984 2399 2024 in
2416 1994 2630 2038 sequentes

1390 2045 1476 2086 dies
1506 2046 1611 2087 duos
1634 2046 1647 2103 (
1664 2062 1688 2087 a
1707 2047 1873 2087 Narone
1893 2045 1946 2086 ad
1967 2046 2172 2087 Buthoam
2190 2045 2204 2102 )
2232 2046 2513 2101 computanda
2534 2056 2631 2088 sunt

1390 2123 1516 2163 supra
1550 2113 1656 2151 1600
1682 2109 1827 2149 stadia.
1861 2109 1877 2161 11
1912 2133 1970 2140 -
1999 2108 2202 2164 κόλπῳ]
2236 2109 2343 2164 τόπῳ
2360 2108 2502 2159 codd.;
2545 2125 2625 2151 em.

1391 2172 1623 2212 Salmasius.
1644 2173 1721 2224 [l—
1732 2172 1767 2211 Π
1781 2187 1800 2226 ρ
1810 2187 1831 2211 ο
1843 2186 1890 2211 τε
1903 2186 1922 2225 ρ
1937 2169 1960 2210 ὰ
1973 2173 2011 2223 ς]
2021 2171 2185 2211 Nomen
2200 2171 2364 2212 aliunde
2374 2186 2458 2211 non
2467 2180 2627 2212 notum.

1393 2235 1568 2289 Lapieus
1588 2234 1763 2274 insulam
1783 2232 1958 2272 indicari
1980 2241 2099 2287 putat
2114 2247 2205 2286 quae
2226 2247 2340 2273 nunc
2363 2242 2535 2274 vocatur
2555 2239 2593 2274 Ζ
2598 2234 2631 2274 i-

1392 2310 1493 2335 rona
1507 2295 1687 2351 piccola.
1708 2295 1814 2335 Mihi
1833 2294 1976 2349 Scylax
1999 2295 2206 2349 scripsisse
2229 2294 2393 2335 videtur
2417 2295 2626 2350 Τραγυρὰς,

1392 2366 1515 2412 atque
1533 2359 1591 2398 sic
1609 2357 1828 2412 appellasse
1851 2356 2042 2406 insulam,
2066 2356 2118 2397 ad
2135 2371 2261 2411 quam
2283 2357 2346 2397 vel
2367 2358 2409 2397 in
2433 2372 2515 2411 qua
2533 2358 2630 2413 Τρα-

1392 2420 1524 2475 γῦριον
1549 2419 1611 2460 vel
1632 2419 1868 2474 Τραγούριον
1894 2417 1968 2474 (h.
2003 2421 2042 2460 T
2038 2432 2114 2458 rau
2137 2432 2170 2458 s.
2202 2418 2402 2475 Troglzie)
2428 2419 2630 2474 oppidum

1393 2491 1495 2534 erat,
1513 2496 1720 2537 quamque
1736 2495 1883 2535 aggere
1896 2488 2146 2536 perangusto
2159 2489 2390 2534 junxerunt
2404 2489 2522 2522 terrae
2537 2497 2631 2523 con·-

1394 2546 1557 2586 tinenti.
1580 2546 1637 2585 V.
1652 2585 1654 2587 ,
1671 2546 1886 2585 Constant.
1906 2543 2111 2598 Porphyr.
2149 2544 2213 2583 De
2231 2541 2344 2583 adm.
2373 2543 2475 2598 imp.
2497 2558 2534 2584 c.
2557 2558 2627 2598 29,

1393 2622 1437 2663 p.
1466 2608 1543 2648 138
1574 2605 1641 2647 ed.
1662 2608 1798 2646 Bonn.
1823 2618 1834 2646 ε
1858 2604 1913 2645 Tb
1935 2604 2218 2660 Τετραγγοῦριν
2249 2605 2343 2659 (sic)
2376 2605 2510 2660 μικρόν
2550 2605 2630 2647 ἐστι

1395 2669 1581 2722 νησίον...
1603 2667 1696 2726 ἔχον
1715 2668 1780 2708 καὶ
1793 2666 1992 2722 τράχηλον
2009 2667 2081 2715 ἕως
2093 2669 2244 2722 τῆςγῆς
2262 2668 2501 2708 στενώτατον
2520 2668 2630 2720 δίκην

1394 2731 1572 2787 γεφύρας.
1625 2730 1819 2772 Concinit
1843 2730 2006 2785 pictura
2033 2730 2078 2770 in
2108 2730 2266 2771 Tabula
2300 2731 2628 2784 peutingeriana.

1395 2795 1542 2836 Strabo
1556 2796 1612 2845 H,
1635 2808 1678 2849 p.
1708 2795 1783 2842 124
1804 2801 1845 2833 et
1861 2794 1959 2843 VH,
1984 2806 2028 2847 p.
2061 2792 2157 2843 315,
2180 2807 2258 2833 nec
2274 2807 2361 2833 non
2389 2793 2632 2834 Ptolemaeus

1394 2859 1452 2908 H,
1482 2857 1530 2898 15
1549 2871 1593 2912 p.
1615 2858 1692 2898 168
1709 2854 1777 2897 ed.
1800 2854 2011 2908 Wilberg.
2039 2855 2289 2909 Tragurium
2307 2869 2392 2895 una
2412 2869 2508 2896 cum
2529 2858 2629 2907 Issa,

1395 2920 1548 2970 Pharo,
1577 2919 1680 2970 aliis,
1723 2920 1832 2959 inter
1863 2917 2017 2958 insulas
2049 2925 2277 2958 recensent.
2311 2917 2451 2958 Insula
2482 2918 2555 2958 ubi
2580 2919 2632 2960 ab

1396 2981 1552 3037 oppido
1585 2981 1789 3034 Tragurio
1839 2979 2123 3033 distinguitur,
2157 2979 2384 3035 appellatur
2418 2983 2544 3029 Buces,
2586 2990 2634 3022 ut

1395 3054 1463 3098 ap.
1485 3044 1695 3085 Ammian.
1727 3043 1867 3093 XXII,
1890 3043 1931 3083 3.
1955 3043 2159 3092 XXVHI,
2188 3055 2226 3092 1,
2250 3041 2314 3082 vel
2330 3045 2444 3082 Bavo
2460 3074 2472 3090 ,
2499 3050 2545 3082 ut
2562 3057 2628 3097 ap.

1396 3106 1577 3147 Plinium
1595 3108 1673 3156 HI,
1699 3106 1752 3147 30
1775 3104 1789 3161 (
1815 3104 1962 3146 Contra
1986 3103 2232 3156 Tragurium
2247 3112 2308 3144 est
2325 3106 2440 3144 Bavo
2456 3103 2496 3159 );
2519 3119 2631 3146 nunc

1397 3171 1498 3209 Boa.
1518 3168 1582 3209 Cf.
1604 3170 1814 3208 Mannert.
1835 3167 1933 3217 VH,
1950 3181 1994 3221 p.
2017 3166 2113 3220 337.
2133 3166 2230 3220 379.
2253 3164 2268 3217 ΙΙ
2287 3189 2345 3196 -
2363 3165 2510 3219 Κρατε
2524 3167 2628 3219 tal]

1401 3233 1553 3271 Crateae
1581 3244 1648 3284 ap.
1674 3229 1780 3270 Plin.
1819 3227 1848 3268 l.
1883 3227 1930 3278 l.;
1956 3226 2082 3267 hodie
2124 3229 2244 3266 Crato
2271 3240 2366 3266 cum
2392 3227 2491 3267 inss.
2517 3227 2630 3283 adja-

1398 3293 1600 3333 centibus.
1627 3292 1642 3343 Η
1669 3316 1726 3322 -—
1759 3289 1868 3330 ’0λῦ
1883 3305 1969 3330 ντα
1999 3292 2014 3342 ]
2041 3287 2212 3329 Solentii
2235 3288 2340 3329 Tab.
2372 3290 2561 3343 Peuting.
2592 3300 2633 3332 et

1398 3355 1496 3395 Itin.
1518 3356 1674 3395 Anton.
1695 3367 1739 3408 p.
1758 3352 1839 3400 254
1855 3351 1922 3391 ed.
1937 3351 2147 3405 Parthey.,
2164 3350 2326 3391 Solenta
2337 3351 2489 3405 Geogr.
2508 3354 2629 3404 Rav.;

1398 3431 1512 3458 nunc
1544 3416 1658 3456 Solta
1696 3414 1760 3455 vel
1790 3415 2017 3454 etiamnum
2049 3413 2218 3453 Olunta.
2246 3414 2441 3454 Ceterum
2468 3423 2562 3469 post
2588 3430 2630 3457 v,

1398 3476 1578 3532 Κρατειαὶ
1607 3476 1781 3518 exidisse
1808 3475 1972 3516 videtur
2004 3474 2169 3530 Βραττῐα
2193 3474 2208 3531 (
2229 3474 2274 3516 h.
2294 3479 2455 3517 Brazza
2470 3476 2503 3533 )‚
2541 3492 2633 3533 quae

1397 3553 1527 3594 quum
1543 3541 1650 3580 inter
1666 3538 1817 3580 insulas
1831 3538 1968 3580 Pharo
1989 3545 2031 3578 et
2048 3537 2172 3579 Lissae
2194 3535 2427 3592 objacentes
2440 3539 2493 3579 sit
2514 3539 2633 3594 longe

1395 3604 1589 3653 maxima,
1613 3601 1757 3657 Scylax
1779 3615 1869 3642 eam
1884 3615 1970 3642 non
1985 3599 2223 3654 neglexerit,
2247 3600 2382 3642 scriba
2402 3615 2500 3642 vero
2519 3601 2633 3643 facile

1397 3666 1595 3715 omiserit,
1615 3663 1871 3720 praecedente
1891 3663 2073 3720 Κρατειαὶ
2100 3663 2270 3704 nomine
2295 3663 2518 3705 simillimo.
2540 3665 2555 3718 l}
2577 3686 2633 3696 2·-

1399 3729 1570 3769 στάδια
1588 3728 1609 3782 β
1625 3727 1875 3780 ']Numerus
1880 3726 1993 3782 justo
2004 3727 2158 3768 minor.
2172 3727 2385 3767 Fortasse:
2401 3741 2460 3767 στ.
2478 3724 2533 3777 η’.
2550 3726 2633 3779 ΙΙ-

1401 3790 1675 3844 ’'100oe]nune
1702 3789 1839 3832 Lissa.
1875 3791 2226 3846 Syracusanorum
2262 3789 2423 3830 colonia
2443 3787 2632 3841 frequen-

1401 3862 1499 3903 tata,
1513 3854 1803 3908 testeScymno
1817 3851 2031 3904 424.11-
2051 3852 2122 3892 Φά
2136 3866 2189 3907 ρο
2205 3867 2221 3899 ς
2244 3852 2346 3898 νέος
2374 3865 2393 3891 ν
2406 3851 2430 3900 ῆ
2444 3864 2498 3889 σο
2511 3864 2528 3895 ς
2542 3851 2555 3901 ]
2572 3850 2626 3890 Φ.

1402 3931 1438 3957 ν.
1464 3916 1575 3972 μέσος
1592 3915 1687 3956 cod.
1711 3917 1833 3956 Nunc
1850 3914 2000 3957 Lesina
2013 3931 2029 3963 ;
2044 3914 2246 3955 slavonice
2269 3916 2404 3953 Huar.
2424 3912 2540 3952 Nova
2559 3911 2631 3952 ad·

1402 3979 1486 4019 huc
1516 3977 1616 4019 urbs
1644 3986 1731 4019 erat
1754 3992 1837 4033 quo
1874 3985 2059 4032 tempore
2085 3973 2233 4029 Peripli
2264 3980 2407 4014 auctor
2442 3972 2631 4027 scripsit;
