2756 4354
124 213 270 248 cxuv
461 211 505 254 ο

125 321 188 367 its
209 318 356 366 actual
376 332 508 363 name
523 316 778 375 osSuggar.
804 335 821 352 υ
843 339 903 347 —
925 312 977 356 P.
1002 311 1111 367 980,
1129 310 1160 356 l.
1183 310 1238 354 18
1261 308 1364 368 lege

125 392 415 456 Διοσκουρίδου
456 407 559 437 cum
600 390 772 435 codice.
808 411 873 422 -
908 385 959 432 P.
998 385 1109 441 98ι,
1149 384 1183 431 1.
1228 390 1282 439 14
1307 382 1361 429 τὰ

127 470 379 532 ἐῃρῇζοντοι
419 468 586 521 codex,
622 466 685 510 ita
711 473 761 508 ut
798 463 918 507 inter
939 462 986 519 ἐγ
1007 470 1053 506 et
1093 477 1149 523 χρ
1179 458 1362 521 aliquid

127 559 307 591 erasum
331 544 418 597 sit3
438 555 529 586 non
542 554 650 583 vero
668 544 908 597 expunctae
924 544 1033 580 sunt
1051 534 1198 580 literae
1214 550 1279 595 εγ.
1298 558 1365 570 —

128 619 180 665 P.
201 619 310 673 989,
341 617 372 662 l.
400 632 415 659 ι
431 631 448 659 1
478 604 630 672 Μόσχα
647 607 1079 668 λιμήν.]ΡοηῑοιὌ-ο
1104 607 1169 669 ll,
1192 625 1238 671 p.
1273 615 1359 666 174

126 707 282 738 vocem
302 689 440 750 μόσχα
456 687 520 732 ait
540 683 724 731 arabice
738 682 859 728 idem
877 698 1043 730 sonare
1057 683 1182 746 quod
1200 683 1363 744 graecis

129 767 188 811 sit
205 762 327 814 ἀσκός
336 781 349 819 ;
367 762 462 822 jam
486 774 626 820 quum
647 757 922 804 Ptolemaeus
950 757 1007 804 ad
1029 757 1255 819 Syagrum
1285 773 1359 819 pr.

123 837 311 887 Ἀσκίτας
335 836 497 884 habeat
516 846 559 881 et
582 834 812 894 indigenae
835 836 886 881 in
908 835 1136 884 Sachalite
1162 836 1269 881 sinu
1292 834 1361 879 ἐπ’

124 915 260 959 ιἰσκῶν
295 911 515 970 navigare
550 910 764 956 dicantur
795 909 904 959 :ab
926 910 1014 956 hoc
1044 924 1174 955 more
1206 909 1363 971 portui

123 1002 287 1034 nomen
310 985 509 1031 inditum
539 1000 638 1031 esse
668 984 827 1031 statuit
862 983 1169 1046 probabiliter
1206 982 1364 1045 (Con-

124 1065 241 1107 ferre
264 1062 370 1106 licet
410 1060 584 1121 Rhapta
608 1059 766 1120 Libyae
801 1058 1171 1121 promontorium
1196 1057 1253 1103 de
1287 1059 1360 1120 ῥα-

120 1141 237 1190 mot<
259 1137 580 1196 indigenarum
599 1135 826 1200 πλοιαρίοις
843 1136 1017 1183 dictum
1041 1137 1074 1194 ).
1107 1134 1234 1181 Idem
1258 1150 1362 1182 cen-

121 1225 187 1260 set
214 1213 427 1275 pluribus
450 1216 676 1275 portubus
710 1214 758 1259 id
792 1216 993 1260 nominis
1017 1212 1183 1270 fuisse,
1219 1227 1362 1274 quau·

119 1290 369 1353 ‹loquidem
425 1290 603 1352 Peripli
649 1300 808 1335 auctor
868 1288 1024 1350 Μόσχοι
1069 1298 1252 1350 portum
1304 1287 1362 1333 ab

118 1383 284 1415 occasu
310 1368 475 1428 Syagri
489 1401 502 1421 ‚
523 1367 797 1412 Ptolemaeus
820 1375 969 1411 autem
988 1363 1046 1410 ab
1063 1365 1241 1410 oriente
1259 1362 1362 1423 ejus

118 1444 328 1491 collocet.
369 1443 455 1490 Cui
489 1442 674 1503 quidem
723 1451 990 1503 argumento
1032 1456 1124 1486 non
1160 1440 1353 1486 multum

118 1519 383 1567 tribuerim.
412 1546 473 1555 —
494 1519 547 1564 P.
578 1520 687 1574 983,
721 1518 751 1565 l.
785 1535 799 1562 1
815 1535 856 1564 1.
880 1515 1105 1579 ἀνθρώποις
1131 1515 1284 1577 ἱεροῖς]
1307 1514 1359 1562 V.

119 1606 212 1642 not.
233 1596 291 1642 ad
310 1596 524 1655 Prolegg.
542 1612 587 1656 p.
612 1611 658 1639 cr
681 1621 741 1629 —
762 1593 815 1641 P.
842 1594 952 1648 985,
972 1593 1003 1639 1.
1025 1593 1051 1638 5
1075 1602 1121 1638 et
1148 1593 1200 1637 16
1218 1588 1361 1651 Ὅμα·

119 1689 203 1719 να..
231 1672 302 1716 ἀπ’
326 1670 557 1731 Ὀμάνων]
589 1669 852 1729 Ὀμμανα...
875 1669 947 1713 ἀπ’
966 1665 1175 1727 Ὀμμανα
1196 1666 1357 1712 codex.

123 1745 407 1792 Assumenda
426 1764 457 1806 μ
479 1746 614 1791 litera
636 1744 886 1805 duplicata,
905 1744 1071 1789 collato
1090 1742 1356 1787 Ptolemaeo.

118 1821 327 1867 Ceterum
347 1837 395 1883 p.
419 1821 530 1877 986,
555 1820 588 1865 l.
619 1821 644 1865 3
669 1821 815 1865 codex
834 1818 970 1864 habet
992 1817 1362 1877 Ὀμοινιτικήν.-

120 1895 174 1941 Ρ.
196 1896 306 1951 985,
332 1898 360 1941 8
381 1894 671 1956 σανταλίνων]
696 1895 895 1955 σαγαλινο
925 1893 1028 1940 cod.
1054 1893 1155 1939 sine
1181 1908 1275 1938 acc.
1297 1920 1358 1930 —

119 1969 173 2019 P.
199 1972 310 2027 988,
338 1987 355 2015 ι
383 1969 523 2016 λύκιον
543 1970 560 2031 ]
585 1968 708 2015 λύκον
724 1968 828 2016 cod.
852 1994 915 2006 —
932 1968 996 2015 ib.
1019 1968 1048 2014 1.
1070 1985 1113 2014 9.
1135 1966 1318 2028 δέρματα
1340 1967 1358 2028 ]

118 2045 174 2094 V.
199 2045 414 2105 Prolegg.
438 2061 487 2107 p.
508 2061 586 2091 (Νι
612 2054 707 2090 not.
727 2070 791 2081 —
807 2043 861 2089 P.
885 2044 995 2103 989,
1021 2060 1037 2087 ι
1063 2043 1362 2105 ιὲμπεριλαμ-

120 2119 257 2166 δείνων
287 2119 410 2166 αὐτὸν
444 2118 514 2166 τὸν
544 2119 696 2165 κόλπον
736 2118 953 2179 λεγόμενος
989 2117 1183 2180 Βαράκης
1222 2116 1359 2172 νήσοις

117 2195 224 2244 ἑπτὰ
265 2194 663 2258 ἱμπιριειλημμένος
685 2195 847 2241 codex.
876 2220 940 2230 —
965 2193 1033 2240 lb.
1062 2194 1091 2239 l.
1122 2210 1191 2250 17.
1219 2193 1359 2253 Μαμ-

119 2270 284 2334 ὅάρου]
303 2270 483 2331 legend.
509 2285 612 2316 cum
640 2269 799 2315 codice
823 2267 1081 2327 Μαμὸοἷνου.
1100 2267 1152 2315 Ρ.
1174 2295 1236 2303 -
1251 2284 1359 2328 990,

119 2349 150 2395 l.
178 2364 195 2392 1
223 2346 523 2409 Συνραστήνη,
546 2347 577 2393 l.
601 2348 645 2391 6.
675 2345 929 2408 Μινναγᾶρα
945 2345 1051 2394 cod.
1080 2372 1141 2379 —
1164 2345 1217 2391 P.
1246 2346 1357 2404 993,

116 2422 150 2468 l.
178 2423 249 2467 16.
274 2419 606 2482 Καττυὸουρίνη,
625 2431 710 2467 etc.
730 2419 900 2466 Locum
917 2419 1156 2465 emendavi
1177 2419 1226 2464 in
1243 2418 1358 2464 Pro·

117 2498 235 2556 legg.
261 2513 307 2558 p.
336 2513 428 2542 ew.
456 2523 515 2531 -
537 2496 591 2541 P.
614 2496 722 2555 293,
746 2495 780 2540 l.
809 2496 884 2541 98.
907 2493 1085 2554 μουσικὰ
1108 2493 1178 2539 καὶ
1202 2494 1359 2556 παρθέ-

118 2589 179 2618 νοι
195 2572 326 2633 ]Νοη
351 2573 655 2618 instrumenta
684 2571 858 2616 musica
882 2569 1178 2629 intelligenda
1194 2570 1359 2616 viden·

118 2658 212 2703 tur,
231 2648 309 2693 sed
334 2647 511 2702 μουσικὰ
527 2647 818 2707 παιδισκάρια,
833 2647 988 2708 qualia
1007 2646 1225 2693 Eudoxus
1244 2663 1358 2708 quo·

118 2723 273 2786 quein
292 2723 469 2769 Indiam
501 2724 800 2783 navigaturus
822 2739 974 2770 secum
1004 2722 1178 2769 dixisse
1202 2723 1358 2785 perhi-

117 2798 271 2847 betur.
292 2798 348 2845 V.
375 2799 654 2844 Posidonius
681 2815 755 2860 ap.
783 2798 995 2844 strabon.
1018 2815 1066 2860 p.
1094 2799 1172 2855 82,
1204 2798 1257 2843 13
1282 2796 1355 2843 ed.

118 2874 275 2920 Didot.
302 2900 361 2908 —-
389 2873 444 2917 Ρ.
485 2874 593 2932 995,
627 2880 649 2925 4
677 2874 747 2917 καὶ
776 2872 1053 2933 γὰρ]γεΙὶιη
1082 2873 1153 2917 καὶ
1168 2871 1249 2934 γὰρ
1270 2871 1356 2919 καὶ.

117 2974 179 2988 —·
198 2948 252 2995 P.
277 2950 387 3009 998,
416 2949 446 2995 l.
480 2965 526 3008 9.
549 2948 861 3010 τραχηλίζοντες
882 2949 913 3008 ].
938 2948 1000 2992 1ζο
1025 2948 1168 2994 verbo
1191 2949 1247 2993 de
1274 2965 1355 2993 na·

117 3026 259 3086 vigiis
295 3027 490 3087 loquens
513 3025 658 3071 utitur
684 3023 847 3069 Strabo
872 3041 918 3085 p.
958 3025 1048 3069 968
1073 3042 1082 3067 :
1105 3025 1224 3084 βάθος
1246 3023 1356 3076 ἐξαί-

119 3117 220 3159 σιον,
239 3102 297 3154 αἶς
311 3099 335 3148 8
347 3101 390 3147 αἱ
404 3099 643 3162 παλίρροιαι
654 3102 724 3145 τοῦ
740 3102 924 3160 πορθμοῦ
941 3099 1189 3159 κατάγουσιν
1203 3099 1357 3158 εὐφυῶς

118 3176 327 3239 (φυσικῶς
366 3174 488 3236 conj.
514 3174 748 3230 Meineke3
792 3189 849 3219 an
886 3172 1134 3235 κατάγουσιν
1176 3171 1250 3233 [ὡς
1276 3172 1323 3218 ἂν
1342 3178 1357 3234 j

116 3253 260 3316 τυφῷῗ
277 3250 291 3315 )
310 3250 364 3298 τὰ
380 3252 520 3315 σκάφη
542 3251 876 3315 τραχηλιζόμενα
899 3248 1007 3310 μετὰ
1038 3251 1267 3311 συστροφῆς
1287 3250 1357 3294 καὶ

117 3327 229 3383 δινῆς
247 3326 448 3390 μεγάλης.
467 3353 526 3362 -
542 3325 595 3372 P.
620 3327 731 3387 988,
750 3326 783 3371 l.
807 3325 878 3371 30.
898 3321 1131 3388 Ἵπποκλος]
1154 3323 1218 3369 ne
1242 3328 1355 3370 mari

117 3401 317 3464 Hippalo
352 3404 449 3449 vid.
487 3402 737 3449 Alexandri
769 3400 1063 3447 ltinerarium
1090 3416 1129 3447 c.
1162 3416 1262 3444 ιιο.
1297 3426 1358 3435 -

115 3475 174 3524 P.
201 3494 311 3537 999,
343 3479 375 3523 l.
408 3486 460 3533 xl,
488 3478 631 3523 codex
663 3477 726 3523 ita
746 3475 882 3523 habet
906 3493 917 3522 :
949 3475 1103 3539 πυρρὸν
1133 3474 1223 3537 ὄρος
1249 3474 1357 3531 ἄλλη

67 3557 81 3565 “
113 3554 280 3615 παρῆκε
302 3552 421 3615 χώρα
453 3571 504 3609 τη
511 3586 700 3601 ...........
733 3570 823 3608 κης,
856 3556 884 3607 ἡ
921 3552 1108 3597 παοαδια
1138 3550 1355 3612 λεγομένη.

114 3625 242 3673 Fert.
273 3627 415 3687 igitur
436 3627 520 3672 suit
558 3645 567 3671 :
595 3626 756 3689 Πυρρὸν
788 3625 879 3687 ὄρος
901 3617 971 3689 [ᾧ
1004 3625 1076 3672 vel
1103 3623 1191 3671 ὅθεν
1212 3625 1229 3687 ]
1248 3626 1354 3681 ἄλλη

117 3699 302 3764 παρήκει
330 3699 451 3764 χώρα
474 3701 565 3762 τῆ[ς
580 3700 660 3746 ὑπὸ
686 3700 882 3747 Πανδίονι
900 3699 1112 3760 ’1νδι]κῆς,
1133 3704 1158 3755 ἡ
1180 3699 1357 3761 λιγομί·

115 3793 169 3834 νη
187 3774 412 3839 Παραλία,
430 3774 593 3822 deletis
627 3776 674 3821 in
702 3784 920 3835 sequente
955 3774 1077 3820 linea
1101 3774 1256 3821 verbis
1277 3773 1357 3821 ὑπὸ

117 3849 188 3896 τὸν
207 3850 420 3898 Πανδίονα
441 3848 636 3914 βασιλέα.
661 3849 817 3896 Possis
835 3850 970 3895 etiam
998 3866 1009 3894 ε
1029 3848 1149 3911 χώρα
1170 3849 1259 3911 τῆ[ς
1281 3867 1356 3895 κα·

116 3923 319 3986 λουμένης
337 3924 674 3988 Κοττοναρι]κῆς.
696 3923 831 3986 Apud
851 3923 1146 3969 Ptolemaeum
1165 3924 1240 3969 hic
1268 3934 1354 3970 tra-

119 4011 217 4046 ctus
252 4011 322 4057 est
347 4002 427 4047 τῶν
448 3997 588 4060 Ἂίων,
614 3999 739 4062 quod
774 3999 919 4062 ipsum
951 3999 1140 4045 sortasse
1173 4010 1275 4061 post
1307 4015 1350 4045 v.

1165 184 1637 235 PROLEGOMENA.

1426 301 1613 365 παραλία
1645 303 1831 350 excidit.
1863 304 2076 351 Ceterum
2107 314 2286 351 montes
2313 304 2482 353 rubros
2517 330 2590 347 ουκ
2649 296 2656 315 ²

1430 391 1531 423 rere
1566 378 1615 424 in
1656 387 1803 425 tractu
1838 395 1975 440 quem
2014 379 2194 430 Baesroe
2242 380 2580 439 assignavimus
2601 386 2603 391 ⁴
2623 408 2642 424 ο

1428 451 1675 499 Cornwalli
1708 456 1920 500 Renearks
1951 455 2014 513 qs
2027 454 2103 500 the
2127 466 2250 500 coast
2271 454 2335 508 of
2357 459 2495 502 India
2518 474 2643 505 mon.

1427 525 1676 574 Vincentus
1717 528 1788 586 11,
1811 546 1859 590 p.
1899 530 1988 583 483
2021 546 2032 576 :
2063 551 2082 569 «ι
2115 528 2247 590 They
2282 545 2362 576 are
2383 531 2464 576 red
2487 531 2643 581 hillso

1429 601 1536 647 land
1555 601 1667 649 both
1686 612 1733 649 to
1759 604 1835 651 the
1857 605 1975 650 nord
1994 604 2083 650 and
2102 604 2235 649 south
2254 604 2310 650 of
2324 604 2360 650 it
2380 604 2471 667 (sc.
2491 622 2518 652 9
2537 610 2674 666 1)]ἰὶΙί

1429 686 1586 723 monte
1614 693 1762 741 prope
1790 678 1989 725 Bacaren
2011 678 2149 739 sito);
2187 679 2260 725 the
2297 679 2379 725 red
2413 679 2496 727 hill
2524 691 2570 728 to
2593 681 2670 731 the

1429 751 1563 797 south
1587 752 1720 813 lying
1745 768 1856 800 near
1874 754 1949 800 the
1980 770 2080 811 sea,
2104 755 2144 800 is
2166 756 2259 799 that
2280 754 2428 800 which
2448 771 2516 802 we
2549 766 2671 805 must

1428 827 1582 888 prefer
1602 828 1770 875 for'the
1799 829 1950 891 ruddy
1980 832 2217 877 mountain
2245 830 2299 876 os
2316 831 2390 876 the
2411 830 2620 880 Journal.
2642 853 2664 877 ι
2716 886 2721 889 Α

1430 928 1489 938 —
1509 900 1564 946 P.
1589 902 1698 958 300,
1723 902 1758 949 1.
1779 918 1823 951 9.
1843 902 2037 950 vincent
2051 920 2077 950 e
2098 905 2291 951 Paolino
2312 905 2449 951 refert
2465 923 2513 968 p.
2542 907 2631 961 486
2650 923 2668 954 τ

1435 998 1455 1018 ι
1477 975 1577 1024 The
1599 989 1797 1024 convent
1819 979 1912 1025 still
1936 981 2106 1037 exists,
2132 974 2221 1027 and
2252 981 2327 1028 the
2355 997 2479 1029 same
2509 998 2670 1046 super-

1430 1054 1588 1100 stition
1612 1054 1652 1101 is
1675 1055 1903 1117 practised
1922 1065 1968 1101 at
1997 1071 2023 1101 a
2051 1056 2289 1102 mountain
2305 1091 2319 1115 ,
2343 1057 2470 1105 three
2487 1059 2669 1120 leagues

1430 1128 1587 1174 inland
1600 1164 1612 1186 ‚
1639 1129 1791 1175 where
1811 1129 1917 1191 they
1941 1130 2270 1193 stillpreserve
2290 1130 2366 1176 the
2381 1131 2601 1180 tradition
2618 1134 2676 1181 of
2706 1126 2710 1135 ²

1428 1206 1655 1252 Cumari’s
1678 1205 1872 1266 bathing
1890 1207 1939 1253 in
1960 1206 2035 1253 the
2051 1222 2142 1253 sea.
2163 1206 2263 1252 The
2286 1218 2517 1254 sanscreet
2538 1223 2671 1256 name

1431 1282 1470 1327 is
1508 1281 1812 1344 Canyamuri,
1846 1284 1968 1342 Cape
2002 1286 2185 1343 VIr-gin,
2216 1282 2301 1329 but
2323 1285 2584 1332 contracted
2604 1284 2671 1348 by

1428 1358 1505 1405 the
1528 1360 1707 1406 natives
1728 1359 1999 1405 themselves
2020 1360 2118 1405 into
2137 1359 2320 1406 Comari
2344 1378 2400 1407 or
2414 1360 2619 1411 Cumari.
2645 1384 2664 1403 υ
2703 1391 2706 1393 -

1425 1461 1491 1469 —
1520 1434 1573 1482 P.
1593 1436 1701 1491 301,
1735 1452 1772 1481 1.
1794 1434 1893 1497 παρ’
1923 1433 2050 1490 αὐτὴν
2079 1434 2153 1490 τὴν
2187 1436 2452 1498 ἦπιοδώρου]
2479 1437 2548 1483 An
2579 1437 2666 1485 fuit

1426 1527 1475 1556 π.
1494 1507 1622 1565 αὐτὴν
1636 1507 1710 1565 τὴν
1729 1509 1999 1573 ἤπειρονῗ-
2015 1509 2087 1555 11).
2109 1510 2141 1555 l.
2166 1528 2190 1568 7
2220 1510 2406 1572 Καμάρα
2426 1522 2494 1558 est
2513 1511 2665 1561 Ptole-

1427 1586 1530 1632 maei
1557 1585 1794 1648 Κάρμοιροι,
1828 1601 1964 1647 quam
1994 1585 2052 1632 ab
2078 1587 2255 1632 oriente
2291 1586 2512 1634 Chaberis
2538 1589 2669 1636 fluvii

1427 1661 1576 1723 ponit.
1587 1660 1712 1707 Situs
1724 1660 1853 1706 locus
1865 1661 2005 1707 suerit
2019 1660 2076 1706 ad
2099 1662 2312 1709 Colemun
2327 1661 2460 1708 fluvii
2478 1663 2665 1710 ostium.

1428 1765 1489 1772 -
1514 1736 1583 1783 11).
1610 1738 1639 1783 1.
1660 1754 1713 1783 ι9
1737 1747 1842 1798 post
1861 1738 1916 1788 εἰς
1934 1735 2026 1788 τοὺς
2049 1735 2196 1789 τόπους
2221 1737 2337 1783 adde
2363 1737 2527 1791 τούτους
2544 1754 2572 1785 e
2591 1755 2669 1787 oo-

1428 1812 1547 1858 dice.
1564 1838 1628 1847 —
1646 1812 1698 1859 P.
1726 1813 1832 1870 302,
1860 1812 1892 1857 1.
1921 1829 1938 1856 1
1968 1812 2113 1857 codex
2131 1812 2195 1857 ita
2222 1830 2232 1856 ε
2255 1812 2388 1858 πάλαι
2417 1812 2666 1874 σιμούνδου,
2716 1871 2717 1874 ¹

1429 1886 1544 1949 παρὰ
1557 1885 1599 1932 δὲ
1621 1893 1704 1939 τοῖς
1721 1886 1909 1950 ἀρχαίοις
1930 1887 2063 1931 αὐτῶν
2080 1905 2255 1950 χαρηρις
2266 1886 2483 1950 προὸἄνη,
2502 1888 2551 1935 in
2563 1889 2667 1951 qui·
2725 1930 2731 1955 ,ι

1428 1962 1516 2010 bus
1549 1965 1698 2010 serior
1730 1979 1892 2010 manus
1914 1964 2139 2025 expunxit
2163 1981 2340 2027 χοιρηρις
2377 1974 2423 2010 et
2442 1974 2547 2011 ante
2566 1982 2668 2029 προ-
2722 1965 2735 2014 ἶ,

1428 2039 1535 2097 εάνη
1553 2041 1751 2102 'scripsit
1786 2059 1851 2087 n.
1886 2040 2084 2087 subesse
2122 2041 2295 2087 codicis
2313 2041 2463 2087 literis
2484 2041 2671 2088 videtu.-
2722 2021 2736 2038 '³

1428 2116 1563 2163 lectio
1579 2117 1764 2164 diversa
1786 2133 1798 2163 :
1818 2116 1935 2180 παρὰ
1954 2116 1997 2163 δὲ
2020 2119 2103 2169 τοῖς
2123 2116 2375 2180 ἐπιχωρίοις.
2397 2142 2461 2153 -
2478 2117 2530 2165 Ρ.
2556 2118 2664 2175 303,

1427 2203 1521 2240 not.
1552 2193 1609 2239 ad
1631 2195 1658 2254 5
1681 2194 1759 2242 63.
1780 2193 1917 2249 Quod
1936 2193 1992 2239 de
2030 2192 2195 2240 Thinis
2226 2203 2385 2256 utpote
2414 2195 2472 2239 ab
2507 2193 2669 2241 Erato·
2710 2251 2712 2255 .
2738 2244 2740 2257 Ι

1426 2270 1585 2317 sthene
1636 2270 1900 2317 memoratis
1948 2270 2075 2327 dixi,
2130 2269 2299 2316 deleas.
2348 2268 2463 2316 Nam
2516 2280 2664 2328 recte,
2716 2282 2737 2329 J

1427 2347 1615 2407 opinor,
1637 2347 1883 2394 Cramerus
1907 2362 1979 2409 ap.
2003 2345 2274 2393 Strabonem
2293 2362 2381 2409 pro
2404 2344 2507 2393 ὁδιὰ
2527 2348 2668 2396 Θινῶν
2712 2395 2714 2397 ,

1426 2423 1574 2477 κύκλος
1592 2424 1767 2487 ubique
1786 2426 1975 2487 scripsit
1997 2428 2019 2471 ὁ
2039 2426 2091 2471 δι’
2110 2425 2291 2481 Ἀθηνῶν
2315 2423 2480 2477 κύκλος.
2498 2423 2553 2471 V.
2572 2434 2666 2472 not·
2715 2471 2717 2474 .

1426 2499 1631 2547 Crameri
1663 2500 1721 2547 ad
1743 2500 1958 2547 Strabon.
1993 2511 2105 2546 tom.
2130 2503 2169 2556 1,
2194 2516 2241 2562 p.
2269 2515 2374 2545 100.
2395 2526 2456 2535 —
2478 2487 2534 2546 P.
2555 2499 2665 2556 305,
2737 2488 2739 2490 V

1427 2577 1457 2624 1.
1482 2577 1507 2622 5
1524 2577 1624 2636 lege
1652 2594 1662 2622 ε
1680 2575 1731 2622 τὰ
1756 2575 1797 2621 δὲ
1819 2575 1925 2636 μετὰ
1942 2574 2035 2629 τοὺς
2048 2575 2197 2628 τόπους
2212 2574 2376 2628 τούτους
2395 2573 2463 2621 διά
2482 2592 2527 2621 τι
2546 2576 2667 2639 ὓπερ·
2740 2569 2741 2574 ¹

1426 2650 1552 2703 ὅολὰς
1568 2651 1784 2713 χειμώνων
1800 2651 1871 2697 καὶ
1894 2650 2050 2713 πάγους
2074 2650 2268 2711 μεγίστου
2291 2648 2506 2696 δυσθᾶτων
2529 2668 2573 2697 τι
2597 2650 2665 2697 τό·
2713 2689 2716 2695 .

1425 2744 1532 2786 πων,
1554 2725 1633 2771 εἴτε
1653 2725 1723 2771 καὶ
1742 2737 1849 2783 etc.;·
1869 2726 1937 2772 sic
1952 2726 2074 2771 enim
2093 2725 2237 2771 codex
2251 2723 2406 2782 habet,
2429 2724 2521 2772 nisi
2541 2725 2667 2786 quod

1425 2801 1530 2847 voci
1547 2800 1744 2861 μεγίστου
1756 2801 2119 2863 superscriptum
2136 2810 2204 2847 est
2225 2817 2277 2856 ς,
2302 2799 2425 2846 unde
2448 2798 2666 2861 μεγίστους
2711 2802 2714 2806 ’

1424 2875 1645 2921 exhibent
1666 2874 1910 2923 editiones.

1488 2953 1723 2997 Annunus
1743 2968 1799 2996 n·
1817 2952 2083 2997 Auommus.
2097 2950 2150 2996 P.
2172 2951 2279 3011 399,
2300 2950 2333 2997 1.
2358 2949 2435 2996 95.
2463 2947 2664 3012 Ἰστρίαν]
2745 3010 2747 3015 Ι

1426 3025 1551 3071 Hanc
1575 3026 1777 3072 nominis
1826 3026 2047 3082 sormam,
2078 3024 2264 3071 laudato
2302 3024 2499 3071 Arriano
2530 3023 2665 3071 affert
2745 3021 2751 3061 ⁸,

1423 3099 1677 3155 Stephanus
1703 3100 1811 3161 Byz.
1844 3117 1891 3145 v.
1935 3099 2110 3160 Ἴστρος.
2136 3125 2198 3134 -
2236 3098 2286 3145 Ρ.
2330 3099 2437 3159 395,
2481 3100 2529 3144 in
2566 3108 2662 3147 not.
2755 3113 2756 3116 ’

1424 3192 1590 3221 conum.
1632 3193 1647 3219 1
1668 3210 1679 3230 ‚
1721 3177 1801 3221 lin.
1837 3193 1888 3231 ¹7
1917 3175 1973 3220 ab
2006 3175 2092 3219 ima
2115 3183 2218 3235 post
2242 3172 2411 3219 verba:
2445 3174 2563 3217 ηἱΙιίΙ
2581 3173 2659 3231 as-

1409 3251 1512 3308 ser-t
1548 3251 1851 3309 dffficultaeis,
1892 3250 2007 3295 adde
2034 3267 2044 3294 z
2087 3250 2223 3294 modo
2247 3259 2398 3294 teneas
2446 3263 2663 3296 numeros

1424 3326 1673 3371 stadiorum
1725 3335 1775 3370 ut
1809 3326 1854 3371 in
1892 3335 2086 3380 antece„
2121 3325 2189 3370 sic
2221 3324 2355 3370 etiam
2390 3324 2437 3370 in
2469 3324 2542 3371 his
2563 3339 2663 3372 esse

1417 3395 1558 3462 justis
1614 3400 1770 3462 paullo
1808 3399 2020 3461 majores.
2046 3425 2110 3435 —
2135 3398 2190 3446 P.
2225 3399 2384 3454 408,1.
2408 3398 2482 3445 35.
2513 3401 2663 3459 Δαμυο
2700 3403 2702 3405 ’

1425 3475 1541 3538 ρών]
1578 3474 1736 3521 Fuisse
1769 3476 1981 3536 suspicor
2001 3472 2224 3535 Δαμυρών.
2259 3473 2332 3522 Cf.
2353 3473 2569 3537 Δαμυρίας
2592 3472 2662 3521 Si·
2700 3477 2702 3481 '

1426 3550 1545 3597 ciliae
1586 3549 1754 3596 fluvius
1791 3566 1865 3611 ap.
1903 3548 2135 3595 Plutarch.
2164 3548 2287 3594 Tim.
2326 3549 2401 3605 31,
2438 3547 2664 3611 Δαμούρας

1424 3627 1670 3673 Phoeniciae
1691 3627 1736 3671 ss.
1754 3642 1826 3688 ap.
1846 3625 2010 3687 Polyb.
2029 3627 2086 3686 V,
2110 3630 2182 3686 18,
2200 3642 2230 3686 9
2252 3627 2398 3686 (nunc
2417 3623 2657 3689 Damnat),
2698 3671 2699 3674 ,
2752 3634 2756 3671 ι’

1423 3719 1557 3765 quem
1577 3702 1743 3748 Strabo
1777 3718 1824 3764 p.
1854 3702 1943 3758 756
1978 3704 2018 3749 Τ
2021 3701 2184 3764 αμύραν
2200 3710 2346 3747 vocat.
2380 3698 2658 3762 Ταμυριακὴν

1424 3780 1554 3841 ἄκραν
1577 3778 1625 3824 in
1645 3777 1793 3823 Ponto
1814 3775 2032 3824 habemus
2055 3792 2201 3840 prope
2222 3776 2417 3822 Cursum
2442 3773 2653 3821 Achillis.
2752 3773 2756 3798 ²

1421 3880 1483 3890 —
1503 3853 1556 3898 P.
1586 3854 1695 3911 408,
1721 3854 1753 3899 1.
1782 3853 1854 3898 36.
1886 3852 2153 3915 ὓδροστόλος]
2177 3850 2384 3911 Legerim
2420 3847 2529 3912 ὕδωρ
2561 3846 2657 3895 στύ·

1421 3932 1521 3982 λοις.
1546 3955 1608 3964 —-
1631 3929 1685 3978 P.
1714 3929 1821 3985 415,
1846 3930 1878 3977 l.
1906 3946 1982 3987 27.
2011 3930 2140 3991 Κριοῦ
2164 3927 2353 3988 μέτωπον
2370 3925 2388 3987 ]
2407 3939 2497 3972 sec..
2524 3938 2657 3972 men·
2695 3919 2698 3923 ⁴

1415 4021 1551 4059 ,suras
1577 4005 1806 4065 Anonymi
1823 4015 1891 4051 est
1912 4006 2009 4065 Cap
2028 4005 2224 4058 Aitodor,
2242 4011 2292 4048 ut
2303 4000 2499 4063 Lapieus
2514 4013 2659 4061 expu-
2698 3994 2702 3999 ’
2753 4020 2756 4030 ·
