2782 4348
0 0 22 215 *xv-:tm

110 175 183 234 (22,
195 177 269 235 ει.)

108 347 248 406 λιμήν·
270 348 432 410 Σίφνος·
459 345 599 406 Πάρος
620 345 789 404 λιμένας
813 343 964 405 ἔχουσα
985 345 1072 401 δύο,
1095 338 1153 392 ὧν
1175 346 1242 392 τὸν
1265 348 1336 393 ἕνα

111 415 318 461 κλειστόν·
353 414 506 467 Νάξος·
557 414 715 467 Δῆλος·
751 412 904 469 Ῥήνη·
945 416 1097 476 Σῦρος·
1149 416 1336 468 Μύκονος

105 484 121 542 (
140 483 245 540 αὕτη
271 483 425 533 δίπολις
441 481 473 543 )·
500 483 631 536 Τῆνος
649 481 720 526 καὶ
744 481 885 542 λιμήν·
905 481 1070 546 Ἀνδρος
1091 484 1162 530 καὶ
1189 485 1333 545 λιμήν.

105 547 241 600 Agrea
258 552 331 612 μὲν
350 554 391 596 αἱ
406 551 619 604 Κυκλάδες
633 557 766 609 νῆσοι.
832 552 940 600 εΥττῑὸ
961 552 1003 599 δὲ
1015 554 1185 607 ταύταις
1200 555 1337 619 ἕτεραι

101 625 216 676 νῆσοι
235 619 323 666 αἵδε
341 620 440 683 πρὸς
454 620 583 666 νότον·
603 619 686 674 Ἴος
703 621 774 667 καὶ
792 621 916 682 λιμήν
940 622 953 686 (
973 627 1013 667 ἐν
1034 623 1164 686 ταύτῃ
1189 621 1336 685 εὈμη·

105 707 169 749 ρος
190 689 430 750 τέθαπται)
462 690 679 753 Ἀμοργὸς,
713 689 817 747 αὔτη
856 691 1041 754 τρίπολις
1075 693 1146 738 καὶ
1185 694 1336 754 λιμήν·

98 755 289 822 Ἴκαρος,
316 759 485 811 δίπολις.

162 829 284 874 Μετὰ
307 827 349 873 δὲ
371 826 538 890 Ἄνδρον
575 828 734 876 Εὔὸοια
764 834 897 886 νῆσος·
927 830 1032 888 αὕτη
1070 832 1329 896 τετράπολις·

96 896 179 942 εἶσὶ
200 897 241 942 δὲ
261 900 302 942 ἐν
319 899 424 961 αὗτῇ
444 898 685 961 Κάρυστος,
704 899 896 963 Ἐρέτρια
915 901 985 946 καὶ
1004 902 1154 959 λιμὴν,
1169 903 1333 955 Χαλκὶς

95 965 344 1026 καὶλιμὴν,
372 965 565 1013 Ἑστίαια
589 969 660 1013 καὶ
684 969 826 1029 λιμήν.
896 969 950 1016 ‘H
976 970 1016 1016 δὲ
1059 969 1215 1019 Εὔὸοια
1252 972 1334 1017 ἀπὸ

98 1036 286 1090 Κηναίου
308 1036 403 1089 Διὸς
432 1039 540 1098 ἱεροῦ
562 1039 629 1083 ἐπὶ
657 1039 903 1101 Γεραιστὸν,
930 1042 1186 1092 Ποσειδῶνος
1204 1041 1332 1104 ἱερὸν,

94 1104 184 1165 ἔχει
203 1106 350 1151 στάδια
382 1108 486 1151 ατν’·
511 1107 556 1152 τὸ
577 1107 619 1152 δὲ
643 1109 799 1161 πλάτος
833 1109 953 1165 στενή
975 1112 1085 1155 ἐστιν
1103 1116 1129 1167 ἡ
1149 1104 1326 1159 Εὔὸοιαζ

162 1174 234 1220 Ἐν
259 1174 301 1220 δὲ
326 1178 383 1237 τῷ
420 1176 583 1240 Αἰγαίῳ
619 1177 792 1238 πελάγει
816 1178 896 1223 εἶσὶ
933 1182 1050 1235 νῆσοι
1085 1179 1199 1225 αἵδε·
1239 1180 1331 1225 κατ’

93 1243 311 1306 Ἐρέτριαν
355 1248 511 1307 Σκῦρος
551 1246 621 1291 καὶ
655 1246 792 1299 πόλις·
836 1246 974 1309 Ἴκος,
1009 1248 1114 1305 αὕτη
1155 1247 1331 1300 δίπολις·

98 1313 368 1375 Πεπάρηθος,
403 1313 506 1370 αὕτη
531 1315 714 1373 τρίπολις
735 1316 806 1361 καὶ
841 1316 982 1376 λιμήν·
1008 1316 1204 1376 Σκίαθος,
1222 1316 1328 1372 αὕτη

90 1381 252 1433 ’ὃίπολις
273 1383 343 1428 καὶ
380 1382 522 1442 λιμήν.
592 1384 712 1430 Μετὰ
735 1389 867 1430 ταῦτα
891 1385 1084 1447 ἐπάνειμι
1106 1386 1230 1432 πάλιν
1262 1385 1329 1432 ἐπὶ

46 1454 48 1456 ’
93 1450 168 1506 τὴν
186 1450 366 1513 ἤπειρον,
385 1451 472 1497 ὅθεν
497 1446 800 1515 ἓξετραπόμην.

155 1538 210 1566 59.
247 1523 474 1569 ΒΟΙΩΤΟΙ.
497 1522 618 1569 Μετὰ
641 1522 684 1568 δὲ
710 1523 880 1579 Ἀθήνας
903 1524 983 1570 εἶσὶ
1001 1525 1176 1573 Βοιωτοὶ
1202 1524 1324 1577 ἔθνος·

87 1591 315 1647 καθήκουσι
342 1592 422 1655 γὰρ
442 1593 512 1638 καὶ
543 1587 654 1638 οὔτοι
688 1593 757 1639 ἐπὶ
787 1594 941 1651 ταύτην
975 1594 1050 1651 τὴν
1086 1595 1316 1642 θάλασσαν.

30 1655 35 1663 ’
92 1661 179 1708 Καί
203 1665 311 1707 ἐστιν
339 1664 383 1708 ἐν
408 1664 515 1725 αὐτῇ
538 1666 698 1726 πρῶτον
723 1663 829 1726 ἱερὸν
849 1664 1029 1725 Δήλιον,
1055 1665 1182 1717 Αὐλὶς
1201 1665 1323 1727 ἱερὸν,

90 1730 285 1792 Εὔριπος,
306 1734 464 1793 τεῖχος,
501 1732 703 1798 Ἀνθηδὼν
737 1740 884 1794 τεῖχος,
908 1734 1077 1791 Θῆὅαι,
1114 1734 1324 1791 Θεσπιαὶ,

85 1877 261 1918 Iulidem
292 1887 333 1918 et
358 1879 586 1920 Carthaeam
608 1888 791 1921 recenset
804 1911 816 1931 ,
848 1895 978 1935 quum
1001 1880 1089 1936 jam
1118 1881 1329 1922 Strabonis

84 1948 200 1981 aetate
208 1943 391 1982 Poeeessa
399 1950 439 1982 et
446 1943 641 1983 Coressus
654 1957 739 1983 non
749 1944 924 1998 amplius
936 1953 1158 1985 exstarent.
1170 1944 1233 1985 Cf.
1249 1945 1329 1985 Pli-

82 2004 177 2043 nius
188 2005 264 2053 IV,
283 2017 348 2044 12.
367 2004 383 2057 Η
398 2029 456 2035 —
473 2005 596 2060 Κορη
609 2021 663 2045 σσ
676 2006 688 2045 ι’
699 2021 722 2045 α
739 2006 936 2061 ]Κορησία
948 2006 1094 2048 codex.
1108 2009 1164 2047 V.
1182 2007 1327 2048 Strabo

84 2065 111 2105 l.
133 2065 161 2106 l.
178 2074 218 2106 et
232 2067 426 2122 Stephan.
441 2082 481 2108 v.
498 2068 707 2122 Κορησσός.
730 2071 748 2120 Η
765 2093 822 2099 -
835 2069 1007 2125 Καρθαία
1023 2073 1037 2123 ]
1058 2068 1151 2125 αῗρα
1169 2069 1299 2125 codex
1314 2087 1324 2120 ;

79 2141 164 2168 em.
194 2130 382 2170 Vossius.
421 2131 436 2184 ΙΙ
459 2154 516 2161 —
541 2129 742 2185 Ἑλένη]
775 2135 918 2184 Quum
947 2133 990 2172 in
1023 2133 1167 2172 ceteris
1185 2133 1327 2173 insulis

81 2191 344 2232 recensendis
363 2201 499 2233 certus
518 2193 687 2247 quidam
708 2194 814 2234 ordo
832 2196 898 2244 sit,
922 2196 1084 2235 mireris
1106 2194 1321 2246 Helenam,

84 2265 175 2306 quae
204 2254 333 2294 Sunio
361 2255 552 2309 proxime
584 2254 808 2310 adjacebat,
830 2265 923 2311 post
954 2258 1084 2297 Ceum
1107 2257 1322 2309 collocari,

83 2329 135 2354 nc
150 2314 285 2357 dicam
306 2317 415 2357 hanc
434 2318 609 2359 insulam
628 2319 801 2359 omnino
826 2334 910 2359 non
932 2319 1062 2359 solere
1080 2319 1325 2373 Cycladibus

80 2379 301 2428 accenseri,
319 2394 366 2419 ac
382 2388 537 2420 secreta
554 2379 724 2420 demum
736 2381 906 2430 Helena,
925 2380 1171 2421 tralaticium
1187 2382 1325 2436 Cycla-

80 2438 183 2479 dum
200 2455 421 2481 numerum
437 2440 741 2482 duodenarium
762 2443 866 2482 erui.
886 2445 1044 2483 Auctor
1065 2457 1116 2482 ex
1133 2457 1216 2497 quo
1238 2443 1324 2484 haec

82 2500 304 2552 fluxerunt,
325 2502 471 2543 eodem
487 2502 613 2544 modo
632 2519 720 2544 rem
736 2490 974 2554 ibstituerit,
994 2518 1077 2558 quo
1090 2505 1324 2546 Artemido-

80 2577 151 2603 rus
171 2563 279 2614 feeit,
294 2564 366 2618 qui
382 2564 433 2604 ab
456 2565 591 2605 Attica
608 2565 872 2620 proficiscens
890 2566 1074 2621 primum
1095 2566 1324 2608 nominavit

80 2626 277 2667 Helenam
291 2657 303 2677 ,
327 2625 478 2668 deinde
499 2642 598 2668 vero
623 2627 676 2669 ad
694 2627 891 2684 Cyclades
910 2643 952 2669 se
971 2628 1189 2670 convertit.
1212 2629 1322 2670 Vide

77 2688 270 2729 Strabon.
301 2689 357 2738 X,
391 2703 434 2743 p.
473 2688 569 2735 485.
607 2689 622 2742 Η
659 2713 717 2720 —
752 2689 1015 2743 κλειστὸν]
1051 2691 1231 2732 κάθιστον
1254 2706 1322 2732 co-

78 2749 159 2791 dex
173 2767 184 2802 ;
198 2765 279 2791 em.
295 2752 532 2792 Gronovius
546 2768 556 2801 ;
575 2751 786 2793 κάλλιστον
799 2753 1141 2808 scripsitVossius
1153 2753 1318 2808 aliique,

80 2812 178 2854 falso
194 2815 351 2868 utique,
369 2829 465 2855 nam
483 2814 547 2854 ΛΕ
566 2823 607 2854 et
621 2814 691 2856 ΑΘ
711 2814 883 2856 confusa
897 2830 998 2865 esse,
1019 2824 1066 2855 ut
1084 2816 1128 2856 in
1143 2816 1321 2858 Καθῶναι

78 2889 154 2929 pro
166 2874 446 2926 Κλεωναὶοῑο.,
461 2890 545 2916 non
558 2884 619 2916 est
629 2875 820 2917 dubium.
830 2901 888 2907 -—
900 2878 914 2930 Η
933 2875 983 2917 ‘P
996 2877 1021 2928 ή
1031 2892 1049 2918 ν
1059 2881 1107 2930 η]
1122 2878 1188 2919 Sic
1196 2879 1319 2921 etiam

78 2937 305 2979 Menander
318 2938 440 2978 Rhet.
463 2952 529 2993 ap.
554 2938 694 2980 Walz,
716 2939 797 2979 Rh.
830 2953 892 2993 gr.
912 2947 1014 2980 tom.
1047 2941 1110 2980 IX
1125 2971 1136 2990 ‚
1168 2955 1211 2996 p.
1242 2956 1315 2996 191

76 3008 120 3040 et
140 3001 380 3042 Ptolemaeus
398 3003 476 3051 III,
499 3003 564 3051 14,
582 3015 625 3056 p.
646 3000 744 3052 235,
767 3000 815 3042 15
833 3010 874 3042 et
895 3003 1125 3058 Stephanus
1145 3016 1155 3044 :
1181 3003 1316 3058 Ῥήνη,

82 3065 192 3114 νῆσος
221 3063 335 3119 μικρὰ
368 3064 533 3117 πλησίον
565 3064 709 3116 Δήλου·
738 3064 895 3120 λέγεται
921 3065 986 3106 καὶ
1013 3063 1141 3118 Ῥηνὶς
1171 3067 1187 3119 (
1202 3065 1318 3124 cujus

81 3124 220 3167 formae
235 3127 467 3182 exemplum
476 3126 774 3181 desideramus)
784 3135 825 3167 et
841 3144 857 3166 «
877 3126 1039 3180 Ῥηναία
1051 3130 1066 3181 (
1075 3127 1213 3181 Ῥηνὲα
1221 3129 1316 3171 cod.

80 3188 175 3228 Vat.
194 3190 225 3242 ).
250 3191 312 3230 De
333 3190 490 3230 usitatis
511 3189 654 3230 formis
677 3187 832 3242 Ῥηνεία
859 3198 900 3231 et
924 3188 1086 3243 Ῥηναία
1100 3205 1140 3232 ν.
1173 3192 1314 3248 Steph.

81 3249 204 3289 Thes.
229 3264 262 3290 s.
295 3265 333 3291 v.
366 3259 407 3291 et
427 3251 617 3292 Meineke
639 3251 692 3292 ad
721 3253 781 3293 St.
799 3254 897 3307 Byz.
930 3267 964 3294 s.
990 3268 1031 3294 V.
1053 3253 1225 3295 Rhenen
1254 3255 1316 3296 in-

82 3319 146 3350 ter
167 3311 359 3365 Cyclades
382 3327 467 3353 non
489 3322 703 3354 enumerat
725 3314 1029 3366 Artemidorus,
1055 3325 1200 3357 contra
1218 3332 1315 3358 vero

80 3373 228 3414 Melam
242 3374 288 3413 iis
298 3383 495 3425 accenset,
509 3390 586 3417 nec
596 3391 681 3417 non
692 3378 880 3432 parvulas
893 3377 979 3419 illas
991 3387 1072 3419 tres
1088 3393 1097 3419 :
1110 3380 1310 3434 Gyarum,

79 3434 267 3474 Oliarum
283 3443 324 3474 et
344 3437 687 3491 Propesinthum,
709 3453 800 3493 quae
826 3441 1013 3495 quamvis
1035 3441 1079 3480 in
1111 3455 1212 3496 gyro
1235 3442 1312 3483 isto

78 3497 165 3536 sitae
180 3496 276 3545 sint,
289 3495 340 3536 ab
352 3498 651 3551 antiquioribus
663 3508 798 3540 tamen
808 3502 979 3542 omnino
991 3517 1078 3544 non
1087 3503 1129 3543 in
1143 3517 1312 3545 censum

79 3557 345 3598 vocabantur.
366 3561 384 3611 11
400 3559 523 3599 -Σῦ
536 3575 586 3614 ρο
596 3577 612 3608 ς
626 3564 640 3614 ]
653 3564 787 3616 σκῦρος
801 3561 930 3603 codex
943 3579 954 3614 ;
972 3579 1054 3606 em.
1073 3565 1313 3608 Harduinus

77 3620 133 3661 ad
148 3620 253 3661 Plin.
271 3619 299 3660 l.
314 3619 349 3669 l,
367 3627 408 3660 et
423 3621 660 3662 Tzschucke
674 3622 726 3662 ad
743 3623 893 3664 Melam
912 3627 969 3675 II,
991 3640 1031 3679 7,
1048 3641 1093 3681 p.
1110 3626 1207 3676 540.
1227 3631 1242 3683 ΙΙ
1257 3653 1315 3660 -

79 3682 213 3723 Μύκο
227 3696 245 3721 ν
258 3696 279 3720 0
292 3697 308 3728 ς
328 3681 349 3720 δ
365 3680 472 3721 ίπολ
484 3696 495 3720 ι
507 3684 552 3734 ς]
570 3683 705 3723 Unius
727 3683 843 3724 urbis
860 3687 1050 3727 meminit
1070 3687 1312 3730 Ptolemaeus

78 3758 121 3799 p.
139 3743 235 3794 235,
257 3745 322 3794 18,
340 3742 504 3783 alterius
518 3757 655 3784 nemo.
686 3746 701 3798 Η
721 3768 777 3776 -—
791 3761 846 3800 πρ
858 3745 880 3786 b
892 3763 908 3794 ς
922 3761 941 3787 ν
952 3748 1003 3788 ότ
1015 3763 1065 3789 ον
1083 3752 1098 3802 ]
1116 3750 1207 3805 πρὸς
1221 3752 1313 3792 πόν-

77 3822 145 3846 του
161 3805 291 3847 codex
306 3821 317 3856 3
336 3819 418 3846 em.
438 3806 630 3855 Vossius3
648 3806 739 3860 πρὸς
754 3808 882 3859 νότου,
907 3828 924 3844 «
939 3823 963 3850 a
977 3811 1149 3853 meridie
1165 3813 1206 3853 in
1222 3829 1313 3870 sep-

78 3870 326 3909 tenti-ionem
344 3866 498 3908 eundo.
524 3887 541 3902 n
563 3867 720 3908 Gauius
734 3877 775 3909 et
791 3869 978 3921 Clausen,
994 3886 1142 3927 parum
1163 3883 1256 3930 apte
1270 3885 1312 3917 et

77 3940 223 3972 contra
243 3945 365 3970 usum
387 3930 611 3984 scriptoris.
631 3930 754 3970 Mitto
775 3931 966 3972 Palmerii
997 3933 1274 3989 conjecturam
1297 3952 1306 3979 :

78 3993 150 4034 ὑπὸ
183 3994 222 4034 δὲ
245 3994 381 4040 ταύτας
408 3994 532 4048 ἕτεραι
567 3995 677 4044 νῆσοι
704 3993 787 4034 αἵδε
809 3994 1018 4050 Σποράδων
1037 4013 1045 4021 ·
1073 3999 1150 4047 ’Ίος
1171 4001 1257 4041 κτλ.
1289 4003 1304 4054 Η

1228 180 1540 228 PERIPLUS.
2577 215 2632 250 47

0 263 13 298 ⁷¹
57 325 63 331 ,
112 278 266 331 Κύθνος
289 283 408 335 νῆσος
428 278 498 324 καὶ
526 277 662 328 πόλις·
687 276 859 339 Σέριφος
878 280 1000 332 νῆσος
1023 278 1093 322 καὶ
1116 279 1233 331 πόλις
1261 281 1333 325 καὶ

1405 302 1501 333 cum
1524 294 1653 345 urbe;
1689 296 1885 350 Seriphus
1919 296 2051 337 insula
2082 313 2177 338 cum
2201 302 2302 342 urbe
2334 314 2373 344 et
2402 317 2544 359 pom„
2576 314 2635 351 Si-

1402 361 1562 415 phnus;
1595 366 1722 405 Parus
1756 379 1852 406 cum
1886 365 2049 407 duobus
2081 369 2305 422 portubus,
2331 387 2506 426 quorum
2532 393 2637 420 unus

1403 431 1589 486 clausus;
1609 434 1765 485 Naxus,
1788 435 1928 487 Delus,
1965 436 2122 487 Rhene,
2148 438 2288 492 Syrus,
2311 441 2511 494 Myconus
2544 463 2636 490 cum
2683 428 2686 431 Δ

1403 498 1565 540 duabus
1575 500 1769 552 urbibus;
1790 504 1929 563 Tenus
1945 518 2040 544 eum
2051 512 2197 559 portu3
2215 505 2383 547 Andrus
2394 524 2487 550 cum
2499 524 2617 566 portu
2627 550 2634 557 .

1403 569 1478 608 Hae
1499 567 1669 621 quidem
1687 578 1784 610 sunt
1805 571 1999 625 Cyclades
2019 572 2178 615 insulae.
2202 606 2205 611 .
2235 573 2319 614 Sub
2341 574 2403 614 his
2431 591 2527 618 vero
2546 593 2639 623 sunt

1403 636 1490 677 aliae
1508 637 1650 677 insulae
1671 638 1887 679 meridiem
1909 654 2048 680 versus
2071 653 2080 680 :
2112 642 2180 680 Ios
2208 655 2303 682 cum
2329 653 2476 697 portu,
2499 648 2540 688 in
2560 664 2638 704 qua

1403 706 1608 746 Homerus
1625 705 1807 761 sepultus
1822 714 1907 757 est;
1931 710 2152 762 Amorgus,
2174 723 2264 763 quae
2279 718 2360 752 tres
2379 712 2499 756 habet
2517 717 2639 759 urbes

1402 782 1652 829 portumque
1667 789 1678 824 3
1694 776 1835 814 Icarus
1853 764 1950 814 curn
1968 774 2129 816 duabus
2143 776 2330 819 urbibus.

1458 846 1557 885 Post
1576 843 1769 886 Andrum
1791 859 1889 885 vero
1912 852 1973 885 est
1994 845 2152 886 Euboea
2174 847 2306 889 insula
2319 880 2330 898 ,
2355 851 2398 890 in
2418 866 2497 905 qua
2515 855 2637 895 urbes

1401 916 1499 948 sunt
1529 915 1738 962 quattuor,
1765 908 1973 963 Carystus,
1998 909 2159 949 Eretria
2187 924 2281 950 cum
2307 921 2455 967 portu,
2478 917 2636 958 Chalcis

1401 990 1496 1016 cum
1535 984 1662 1031 portu
1675 1007 1686 1025 ‚
1721 976 1898 1016 Hestiaea
1933 990 2029 1016 cum
2070 985 2212 1031 portu.
2271 980 2426 1022 Euboea
2452 998 2474 1023 a
2501 985 2635 1027 Cenaei

1398 1045 1512 1085 Jovis
1545 1043 1642 1085 fano
1677 1058 1808 1099 usque
1842 1044 1895 1084 ad
1928 1045 2158 1085 Geraestum
2194 1047 2375 1102 Neptuni
2399 1049 2538 1093 sanum
2575 1063 2635 1095 est

1399 1113 1629 1154 stadiorum
1650 1112 1755 1155 1350
1773 1129 1785 1164 ;
1808 1112 2025 1154 latitudine
2047 1128 2145 1154 vero
2165 1125 2336 1169 angusta
2354 1127 2427 1159 est.

1453 1185 1502 1222 In
1524 1183 1662 1236 AEgaeo
1684 1189 1821 1222 autem
1846 1181 1990 1236 pelago
2012 1181 2155 1223 insulae
2177 1192 2273 1224 sunt
2291 1184 2353 1226 hae
2376 1199 2384 1226 :
2407 1188 2514 1229 eirca
2533 1191 2632 1230 Ere-

1399 1252 1519 1291 triam
1535 1251 1684 1305 Scyrus
1700 1264 1796 1290 cum
1817 1249 1947 1300 urbe;
1967 1252 2061 1290 Icus
2077 1251 2120 1290 in
2138 1265 2219 1305 qua
2237 1252 2358 1293 urbes
2373 1254 2463 1295 duae
2478 1273 2488 1305 ;
2509 1259 2635 1312 Pepa-

1396 1319 1554 1369 rethus,
1572 1319 1640 1359 cui
1667 1326 1748 1358 tres
1775 1318 1900 1359 urbes
1922 1333 2019 1358 cum
2046 1327 2197 1374 portu3
2219 1321 2419 1372 Sciathus,
2452 1326 2517 1364 cui
2545 1325 2635 1366 duze

1395 1389 1519 1429 urbes
1547 1401 1643 1428 cum
1669 1395 1811 1442 portu.
1871 1389 1970 1428 Post
1998 1387 2086 1428 haec
2108 1387 2233 1429 redeo
2252 1388 2305 1430 ad
2328 1392 2605 1433 continentem
2621 1426 2632 1445 ,

1398 1456 1511 1497 unde
1526 1455 1798 1496 deverteram.

1454 1524 1522 1578 59.
1546 1526 1719 1565 Boron.
1757 1525 1856 1564 Post
1878 1524 2060 1564 Athenas
2083 1533 2180 1565 sunt
2208 1527 2340 1567 Boeoti
2365 1541 2374 1567 ε
2398 1530 2636 1582 pertingunt

1397 1593 1508 1633 enim
1527 1592 1571 1632 hi
1592 1606 1758 1646 quoque
1778 1588 1831 1631 ad
1845 1591 1926 1631 hoc
1937 1606 2065 1632 mare.
2082 1594 2267 1634 Primum
2291 1595 2401 1650 apud
2417 1611 2486 1636 eos
2505 1606 2564 1637 est
2577 1598 2634 1638 sa-

1396 1678 1500 1704 num
1514 1662 1695 1713 Delium,
1706 1670 1796 1702 tum
1809 1661 1923 1703 Aulis
1936 1661 2093 1713 fanum,
2106 1665 2285 1719 Euripus
2299 1664 2351 1704 ad
2358 1680 2533 1720 eumque
2543 1682 2634 1707 mu-

1396 1733 1645 1781 nimentum,
1664 1729 1887 1772 Anthedon
1899 1731 2408 1783 munimentum,·Thehae,
2429 1735 2630 1790 Thespiae,

1400 1904 1458 1911 --
1473 1878 1716 1934 οΟμηρος]
1740 1876 1804 1919 Cf.
1841 1881 2013 1920 Aristot.
2036 1877 2088 1918 fr.
2107 1881 2187 1932 274
2219 1869 2413 1934 (Fragm.
2446 1883 2552 1923 Hist.
2575 1886 2630 1934 II,

1399 1955 1444 1996 p.
1469 1942 1546 1982 186
1562 1942 1595 1994 );
1617 1938 1764 1980 Strabo
1782 1941 1838 1991 X,
1859 1955 1902 1996 p.
1925 1943 2006 1989 484
2021 1957 2031 1990 ;
2049 1940 2205 1981 Plinius
2226 1943 2302 1991 IV,
2325 1943 2399 1993 23;
2417 1945 2633 1987 Pausanias

1399 2004 1466 2053 X,
1501 2005 1555 2051 24
1569 2033 1580 2052 ,
1615 2016 1665 2052 2;
1700 2002 1903 2044 Welcker
1933 2002 2181 2055 Zeitsclzrist
2205 2002 2249 2055 f.
2283 2004 2463 2046 Alter-tlt.
2504 2009 2603 2056 1841
2618 2041 2629 2059 ,

1398 2066 1451 2106 N.
1475 2066 1617 2119 37-41.
1643 2067 1659 2119 Η
1682 2088 1739 2095 --
1760 2065 2003 2119 τρίπολις]
2026 2065 2160 2105 Urbes
2186 2074 2303 2106 erant
2324 2069 2531 2118 Arcesine‚
2556 2072 2633 2110 Mi-

1400 2142 1480 2168 noa
1501 2135 1542 2168 et
1558 2127 1727 2181 AEgiale,
1748 2135 1796 2167 ut
1814 2129 2044 2182 Stephanus
2063 2142 2100 2167 v.
2129 2126 2312 2183 Ἀμοργός
2331 2138 2371 2170 et
2391 2131 2631 2173 Ptolemaeus

1397 2189 1453 2237 V,
1475 2201 1501 2228 2
1536 2187 1722 2228 tradunt.
1748 2189 1940 2228 Ceterum
1962 2190 2111 2242 ignotae
2136 2189 2275 2230 urbes.
2303 2193 2318 2244 Η
2340 2214 2398 2221 -
2424 2190 2500 2231 ’Ίκ
2514 2208 2536 2232 α
2550 2209 2568 2247 ρ
2582 2209 2602 2233 0
2616 2211 2632 2241 ς

1397 2251 1418 2289 ὃ
1433 2249 1549 2292 ίπολ
1563 2265 1600 2297 ις
1614 2252 1628 2302 ]
1642 2250 1799 2290 Plinius
1817 2250 1845 2290 l.
1863 2251 1890 2290 l.
1918 2264 1926 2290 :
1952 2254 2148 2291 Icarus...
2167 2265 2259 2290 cum
2275 2251 2442 2307 oppidis
2454 2253 2624 2305 duobus,

1397 2313 1519 2354 tertio
1536 2311 1703 2352 amisso.
1721 2313 1855 2352 Urbes
1874 2314 2049 2354 OEnoen
2070 2321 2111 2354 et
2129 2310 2366 2354 Dracanum
2386 2323 2426 2355 et
2439 2315 2624 2371 ὕφορμον,

1396 2375 1463 2414 cui
1489 2372 1606 2413 Ἱστοί
1626 2388 1777 2413 nomen
1793 2405 1804 2423 ,
1830 2383 2033 2414 memorat
2064 2375 2209 2415 Strabo
2230 2377 2348 2426 XIV,
2373 2390 2416 2430 p.
2444 2379 2539 2430 639.
2565 2382 2628 2420 De

1395 2437 1542 2476 OEnoe
1557 2436 1860 2490 v.Eparchides
1875 2437 1918 2476 in
1938 2438 2100 2490 Fragm.
2122 2438 2229 2477 Hist.
2247 2446 2349 2478 tom.
2368 2440 2444 2488 IV,
2465 2453 2507 2494 p.
2527 2443 2622 2490 404.

1399 2499 1414 2550 Η
1441 2521 1498 2528 ——
1526 2496 1784 2549 ‘EorioctocJ
1815 2515 1831 2535 «
1858 2499 2025 2538 Histiaea
2045 2513 2069 2538 a
2090 2499 2252 2553 Scylace
2272 2508 2527 2541 memoratur
2550 2517 2625 2543 no-

1394 2561 1506 2601 mine
1528 2561 1715 2615 antiquo,
1740 2569 1787 2600 ut
1806 2575 1872 2615 ap.
1894 2561 2094 2601 Herodot.
2120 2563 2244 2612 VIII,
2269 2562 2320 2602 23
2337 2593 2348 2612 ,
2370 2563 2561 2618 Thucyd.
2578 2568 2622 2614 Ι,

1398 2625 1491 2672 114.
1518 2623 1586 2678 37,
1623 2621 1814 2663 nondum
1839 2624 1993 2672 Oreus,
2033 2622 2147 2677 quod
2167 2637 2321 2664 nomen
2353 2626 2509 2681 accepit
2543 2641 2626 2682 quo

1393 2695 1579 2743 tempore
1608 2686 1810 2728 Euboeam
1831 2686 2047 2727 debellavit
2079 2686 2253 2727 Pericles
2277 2686 2443 2742 Olymp.
2471 2691 2545 2740 83,
2583 2693 2622 2733 3.

1394 2750 1474 2799 445
1498 2765 1535 2790 a.
1559 2750 1626 2800 C.,
1648 2749 1719 2804 qui
1741 2749 2000 2789 Histiaeenses
2026 2748 2070 2787 in
2090 2747 2379 2789 Macedoniam
2398 2749 2529 2804 ejecit,
2556 2768 2623 2794 ur-

1392 2812 1488 2853 bem
1510 2812 1657 2853 Atticis
1674 2810 1844 2851 tradidit
1863 2810 2034 2860 colonis,
2059 2824 2082 2851 a
2101 2809 2250 2864 quibus
2278 2809 2389 2852 dicta
2409 2821 2470 2853 est
2495 2815 2626 2856 Oreus

1396 2874 1671 2931 (Theopomp
1693 2889 1759 2929 ap.
1798 2874 1991 2915 Strabon.
2024 2874 2080 2923 X,
2115 2887 2158 2928 p.
2176 2872 2274 2922 445.
2293 2872 2332 2930 ).
2350 2875 2507 2916 Tamen
2540 2892 2623 2919 non

1390 2938 1601 2992 antiquior
1618 2935 1832 2977 habendus
1855 2944 1916 2976 est
1936 2935 2095 2991 Scylax,
2114 2950 2245 2990 quum
2260 2937 2447 2991 posthoc
2465 2946 2624 2994 tempus

1391 2998 1546 3040 sactum
1561 3000 1614 3040 sit
1633 2998 1746 3054 quod
1764 3006 1903 3039 narrat
1919 2997 2198 3054 ThucydideS,
2218 3006 2259 3039 et
2277 3001 2485 3040 Pausaniae
2503 3003 2623 3043 etiam

1390 3070 1508 3103 aetate
1525 3062 1672 3117 saepius
1692 3061 1864 3115 antiquo
1892 3062 2077 3102 Hestiaeae
2096 3061 2265 3101 nomine
2288 3060 2397 3102 dicta
2418 3063 2470 3102 sit
2492 3065 2622 3104 Oreus

1390 3126 1519 3179 (VII,
1541 3129 1610 3176 26,
1634 3126 1707 3179 4).
1732 3144 1749 3160 υ
1779 3125 1988 3165 CLAUSEN.
2010 3123 2073 3164 Cf.
2095 3125 2229 3178 Scym.
2251 3138 2291 3164 v,
2318 3123 2411 3177 578.

1445 3191 1483 3240 §-
1514 3187 1581 3241 59.
1619 3186 1875 3238 Βοιωτοί]
1899 3186 2067 3226 Βοιωταί
2089 3185 2245 3235 codex,
2281 3186 2446 3226 Βοιωτία
2469 3187 2563 3227 edd.
2602 3189 2616 3240 Η

1387 3276 1444 3283 -
1477 3249 1707 3306 Εὔριπος,
1742 3250 1938 3303 τεῖχος]
1966 3249 2125 3289 codex:
2160 3247 2329 3302 Εὔρυπος
2365 3251 2509 3303 τεῖχος.
2542 3249 2620 3290 Ἀν-

1389 3314 1494 3366 θηδὼ
1512 3315 1657 3367 τεῖχος·
1682 3312 1818 3363 Θῆὸαι·
1843 3310 2058 3351 Θεσπεσιαί·
2088 3308 2338 3364 Ὀρχόμενος.
2363 3313 2460 3351 Post
2478 3326 2618 3352 vocem

1387 3374 1549 3430 Εὔριπος
1579 3373 1840 3428 interpunxi3
1866 3387 1963 3412 nam
1994 3373 2128 3425 τεῖχος
2152 3372 2210 3422 sic
2231 3371 2343 3412 nude
2360 3373 2540 3427 positum
2577 3375 2617 3414 in

1386 3435 1720 3477 antecedentibus
1733 3432 1820 3487 jam
1838 3433 2015 3473 vidimus
2029 3448 2040 3483 ;
2056 3433 2118 3472 sin
2134 3433 2338 3487 corrigere
2354 3433 2467 3483 velis,
2489 3435 2620 3475 scribe

1386 3498 1550 3554 Εὐρίπου
1573 3498 1730 3552 τεῖχος
1754 3510 1851 3536 nam
1869 3494 2030 3550 Εὔριπος
2052 3495 2184 3549 ref-Lug
2207 3494 2344 3537 dicere
2371 3498 2439 3536 vix
2457 3496 2615 3537 licebat.

1385 3564 1448 3603 De
1466 3577 1510 3602 re
1534 3561 1587 3602 cs.
1619 3559 1766 3602 Strabo
1784 3560 1840 3608 X,
1864 3572 1907 3613 p.
1933 3559 2012 3607 403
2033 3571 2043 3598 ε
2068 3558 2209 3613 πύργος
2226 3558 2260 3597 δ’
2283 3557 2512 3614 ἑκατέρωθεν
2538 3559 2616 3614 ἐρέ-

1384 3639 1538 3678 στηκεν,
1564 3624 1585 3664 ὁ
1620 3622 1686 3678 μὲν
1720 3622 1762 3663 ἐκ
1793 3624 1861 3674 τῆς
1882 3621 2091 3671 Χαλκίδος,
2128 3620 2148 3661 ὁ
2180 3619 2221 3661 δὲ
2255 3620 2295 3662 ἐκ
2327 3624 2394 3672 τῆς
2419 3622 2614 3668 Βοιωτίας.

1384 3687 1634 3729 Letronnius
1660 3685 1736 3739 legi
1753 3684 1912 3726 voluit:
1938 3682 2125 3738 Εὔριπος,
2150 3685 2283 3738 τεῖχος
2307 3682 2511 3735 Ἀνθηδὼν,
2539 3685 2616 3722 τεῖ-

1382 3764 1454 3803 χος
1482 3747 1785 3803 [Σαλγανεῦς],
1817 3746 1956 3798 Θῆὸαι.
1990 3744 2212 3786 Praestabat
2244 3744 2357 3799 quod
2375 3744 2481 3791 ‘hinc
2504 3743 2616 3782 dedit

1384 3810 1623 3850 Fabricius:
1648 3807 1826 3863 Εὔριπος,
1848 3807 2122 3863 [Σαλγανευς]
2154 3807 2309 3859 τεῖχος,
2339 3804 2434 3845 Ἀνθ.
2458 3806 2610 3857 τεῖχος;

1381 3872 1488 3914 hanc
1506 3873 1618 3913 enim
1635 3873 1783 3913 seriem
1804 3873 1905 3911 situs
1922 3871 2109 3911 locorum
2127 3869 2277 3921 flagitat
2296 3869 2312 3920 (
2330 3881 2367 3906 v.
2387 3866 2611 3906 Dicaearch.

1381 3934 1432 3975 sr.
1462 3939 1529 3977 60.
1564 3943 1667 3975 tom.
1691 3936 1760 3984 II,
1784 3948 1826 3988 p.
1860 3935 1989 3985 260).
2023 3936 2078 3972 At
2111 3930 2253 3970 salsum
2286 3937 2347 3968 est
2376 3936 2608 3981 utrumque.

1379 3999 1486 4038 Nam
1509 3998 1621 4038 vicus
1642 3997 1713 4051 qui
1736 3995 1787 4036 ad
1811 3994 2018 4036 tumulum
2046 3991 2225 4044 Salganei
2244 3990 2373 4030 Boeoti
2400 3997 2492 4043 post
2517 3991 2615 4030 Per-
