2808 4342
89 169 246 229 (¹1‚¹³·)

89 270 132 317 δὲ
155 257 466 333 ἕμπορίουῗτινδι
483 264 554 312 καὶ
569 263 673 319 αὐτὴ
695 262 806 316 τάξιν
826 269 908 314 τοῖς
927 261 1009 307 ἀπὸ
1032 265 1106 318 τῆς
1127 261 1320 324 Ἀραὸίας

89 337 406 402 ἐξαρτιζομένοις
443 336 499 386 εἷς
539 331 666 388 αὐτὴν
698 331 854 383 πλοίοις
891 332 936 376 οὗ
968 331 1178 391 μεγάλοις.
1246 329 1320 376 Διὸ

88 402 159 448 καὶ
182 403 238 453 εἰς
257 396 382 451 αὐτὴν
400 395 472 442 καὶ
491 394 767 457 παραλήπτης
785 397 858 448 τ’ῆς
878 394 1075 454 τετάρτης
1092 395 1173 438 τῶν
1191 394 1321 455 εἷσφε·

91 469 268 533 ρομένων
291 463 481 530 φορτίων,
509 463 580 510 καὶ
603 464 906 527 παραφυλακῆς
927 461 1051 525 χάριν
1074 461 1321 524 ἑκατοντάρ-

44 552 68 580 5
89 556 166 599 χης
188 534 293 595 μετὰ
317 532 626 595 στρατεύματος
653 530 967 576 ἀποστέλλεται.

150 621 209 651 20.
234 601 356 650 Μετὰ
378 601 421 647 δὲ
451 601 604 656 ταύτην
630 599 774 652 εὐθέως
804 598 891 644 ἐστὶ
921 597 1103 660 συνᾳφὴς
1123 597 1321 661 Ἀραὸικὴ

87 673 228 736 χώρα,
255 670 364 717 κατὰ
384 674 512 731 μ’ἦκος
536 670 604 716 ἐπὶ
626 668 729 714 πολὺ
748 667 1053 730 παρατείνουσα
1069 670 1119 727 τῇ
1140 667 1323 728 Ἐρυθρᾷ

87 741 293 804 θαλάσσῃ.
362 739 549 802 Διάφορα
574 737 616 784 δὲ
638 739 679 783 ἕν
704 738 808 799 αὐτῇ
826 735 918 791 ἔθνη
939 740 1210 791 κατοικεῖται,
1233 733 1325 779 τινὰ

90 810 162 870 μὲν
183 810 250 855 ἐπὶ
275 808 416 864 ποσὸν,
435 805 527 852 τινὰ
550 805 592 852 δὲ
613 805 683 851 καὶ
706 804 869 855 τελείως
887 807 938 866 τῇ
962 801 1129 865 γλώσσῃ
1156 802 1323 848 διαλάσ-

29 892 69 921 1-0
93 898 230 926 σοντα.
297 877 463 924 Τούτων
486 874 539 920 τὰ
562 875 676 938 παρὰ
696 874 907 919 θάλασσαν
931 873 1079 932 ὁμοίως
1102 872 1325 936 Ἰχθυοφά-

87 967 170 1009 γων
204 947 402 1008 μάνδραις
441 943 697 1001 διείληπται,
722 942 773 987 τὰ
811 941 853 987 δὲ
876 941 1015 987 ε’πάν“ω
1049 940 1158 986 κατὰ
1181 940 1326 1012 κώμαις

88 1017 157 1062 καὶ
178 1015 375 1076 νομαδίας
395 1016 566 1059 οἰκεῖται
587 1018 778 1073 πονηροῖς
798 1010 1025 1072 ἀνθρώποις
1049 1008 1248 1071 διφώνοις,
1268 1013 1325 1061 οἷς

87 1084 422 1147 παραπίπτοντες
443 1082 525 1127 ἀπὸ
549 1085 618 1126 τοῦ
642 1080 771 1141 μέσου
795 1078 923 1124 πλόου
944 1082 980 1124 οἱ
998 1077 1071 1139 μὲν
1091 1078 1326 1140 διαρπάζον-

90 1173 178 1214 ται,
203 1156 239 1199 οἷ
264 1153 305 1198 δὲ
338 1152 408 1197 καὶ
437 1150 518 1195 ἀπὸ
550 1151 756 1209 ναυαγίων
789 1147 979 1199 σωθέντες
1008 1147 1325 1209 ἀνδραποδίζον-

26 1241 66 1269 ³5
90 1242 174 1269 ται.
244 1221 318 1268 Διὸ
337 1221 408 1266 καὶ
425 1222 603 1282 συνεχῶς
620 1219 700 1264 ἀπὸ
717 1221 795 1263 τῶν
811 1217 1016 1280 τυράννων
1035 1217 1106 1262 καὶ
1124 1217 1324 1279 βασιλέων

92 1296 164 1348 τῆς
193 1290 384 1353 Ἀραὸίας
409 1289 804 1351 αἷχμαλωτίζονται·
838 1286 1026 1348 λέγονται
1059 1284 1100 1331 δὲ
1142 1285 1325 1346 Κανραῗ-

90 1379 172 1407 ται.
241 1359 430 1406 Καθόλου
467 1359 540 1419 μὲν
580 1352 648 1403 οῧν
672 1351 784 1408 οὗτος
818 1361 838 1402 ὁ
861 1361 932 1412 τ’ῆς
962 1356 1183 1418 Ἀραὸικῆς
1205 1357 1326 1412 ἠπεί-

92 1449 161 1492 ρου
182 1429 424 1490 παράπλους
444 1428 551 1472 ἐστὶν
578 1427 827 1490 ἐπισφαλὴς,
851 1425 922 1471 καὶ
943 1425 1132 1486 ἀλίμενος
1154 1430 1180 1482 ἡ
1205 1425 1326 1489 χώρα

90 1500 159 1544 καὶ
215 1498 413 1559 δύσορμος
456 1496 528 1541 καὶ
575 1497 805 1558 ἀκάθαρτος
847 1495 1009 1558 ῥαχίαις
1057 1497 1128 1541 καὶ
1169 1496 1328 1549 σπίλοις

26 1585 69 1615 20
91 1566 307 1630 ἀπρόσίτος
322 1564 393 1611 καὶ
413 1564 522 1610 κατὰ
541 1563 677 1609 πάντα
693 1563 864 1627 φοὸερά.
934 1563 1007 1610 Διὸ
1022 1563 1101 1619 Ἰκαὶ
1121 1563 1325 1609 εἷσπλέον·

90 1655 154 1688 τες
188 1635 255 1681 τὸν
291 1635 415 1693 μέσον
450 1636 578 1679 πλοῦν
614 1632 847 1694 κατέχομεν
882 1632 952 1677 καὶ
980 1634 1035 1684 εἷς
1063 1630 1136 1687 τὴν
1161 1632 1327 1694 Ἀραὸι-

91 1706 165 1762 κὴν
179 1705 320 1769 χώραν
342 1705 498 1765 μᾶλλον
521 1702 803 1766 παροξύνομεν
833 1699 931 1762 ἄχρι
949 1704 1022 1757 τῆς
1045 1704 1326 1747 Κατακεκαυ-

94 1778 215 1834 μένης
250 1775 396 1831 νήσου,
425 1773 511 1835 μεθ’
547 1774 598 1830 ἢν
629 1771 774 1824 εὐθέως
803 1774 969 1833 ἡμέρων
996 1770 1220 1832 ἀνθρώπων
1256 1770 1326 1816 καὶ

91 1844 341 1904 νομαδιαίων
357 1842 603 1905 θρεμμάτων
622 1842 694 1887 καὶ
706 1841 906 1900 καμήλων
922 1841 1104 1903 συνεχεῖς
1122 1836 1324 1904 [χῶραι]

24 1925 68 1956 25
153 1931 210 1960 21.
245 1913 329 1959 Καὶ
368 1912 473 1972 μετὰ
498 1911 650 1963 ταύτας
682 1913 722 1956 ἐν
746 1910 888 1973 κόλπῳ
918 1913 976 1971 τῷ
1004 1910 1327 1972 τελευταιοτάτῳ

91 1985 171 2028 τῶν
196 1980 415 2041 εὐωνύμων
434 1979 578 2026 τούτου
598 1985 668 2025 τοῦ
693 1980 894 2041 πελάγους
926 1979 1119 2041 ἕμπόριόν
1149 1981 1235 2023 ἐστι
1264 1978 1329 2023 νό-

93 2070 218 2112 μιμον
251 2051 588 2114 παραθαλάσσιον
616 2049 789 2106 Μούζα,
835 2048 1023 2101 σταδίους
1051 2049 1203 2110 ἀπέχον
1238 2046 1331 2099 τοὺς

91 2121 245 2174 πάντας
275 2122 355 2165 ἀπὸ
378 2120 591 2183 Βερνίκης,
617 2119 717 2181 παρ’
733 2117 855 2164 αὐτὸν
879 2118 947 2163 τὸν
967 2117 1080 2164 νότον
1101 2117 1326 2176 πλεόντων,

94 2281 277 2321 Omnino
300 2279 546 2333 paucissima
566 2285 729 2317 tantum
761 2276 814 2317 de
831 2276 1049 2331 postremis
1081 2276 1336 2330 temporibus

93 2343 210 2395 regni
228 2341 533 2390 Nabataeorum,
556 2338 670 2393 quod
689 2353 757 2379 an.
783 2338 859 2379 105
883 2353 925 2392 p.
951 2338 1052 2378 Chr.
1080 2337 1220 2378 Palma
1233 2338 1336 2377 Tra-

90 2403 178 2457 jani
205 2402 291 2442 dux
326 2402 488 2442 sustulit
515 2402 635 2454 (Dio
665 2402 778 2441 Cass.
816 2402 1011 2450 LXVIII,
1053 2402 1118 2447 14.
1160 2401 1335 2454 Eutrop.

94 2466 214 2515 VIII,
233 2478 273 2515 2,
296 2480 337 2518 9.
356 2466 496 2505 Amm.
513 2464 644 2504 Marc.
662 2463 781 2513 XIV,
805 2461 865 2518 8),
888 2470 1100 2516 comperta
1122 2461 1334 2502 habemus.

100 2528 117 2581 1]
139 2552 194 2558 -
217 2541 253 2567 1.
280 2526 359 2568 καὶ
387 2523 533 2580 αὖτὴ]
569 2524 635 2567 καὶ
657 2523 749 2566 αὖτὸ
768 2523 921 2574 codex3
950 2538 1032 2565 em.
1064 2523 1290 2565 Fabricius.
1318 2525 1332 2578 ΙΙ

95 2613 151 2619 --
170 2602 207 2629 1.
237 2590 345 2636 τοῖς
366 2586 457 2629 ἀπὸ
477 2590 559 2640 τῆς
581 2586 720 2643 Ἀραὸ
737 2587 827 2642 ίας]
844 2586 1136 2628 Nabataeorum
1159 2594 1266 2627 terra
1286 2585 1338 2627 ab

96 2649 249 2690 Arabia
268 2649 550 2703 distinguitur.
579 2650 594 2703 {l
613 2663 724 2690 —2.
739 2649 880 2690 Codex
900 2650 958 2690 ita
976 2662 986 2689 :
1003 2648 1070 2688 Διὶ)
1087 2648 1150 2688 καὶ
1168 2663 1337 2703 παραφυ-

97 2710 218 2763 λακῆς
241 2712 355 2766 χάριν
383 2711 449 2752 καὶ
471 2710 522 2760 εἰς
551 2708 668 2762 αὐτὴν
692 2711 948 2766 παραλήπτης
972 2713 1040 2763 τῆς
1058 2712 1240 2765 τετάρτης
1261 2716 1336 2751 τῶν
1355 2765 1360 2769 ⁴

98 2772 372 2828 εἰσφερομένων
389 2773 555 2829 φορτίων
575 2774 640 2814 καὶ
659 2772 944 2829 ἑκατοντάρχης
966 2772 1062 2828 μετὰ
1079 2788 1160 2827 στρ.
1179 2772 1334 2823 ἀποστ.,

97 2849 188 2890 quae
205 2837 457 2891 transposuit
468 2835 695 2877 Fabricius.
712 2836 728 2890 ll
742 2860 799 2867 —
815 2835 855 2878 5.
873 2835 897 2875 ἀ
908 2851 1017 2877 ποστ
1027 2837 1042 2876 ε’
1053 2835 1114 2875 λλ
1124 2851 1139 2875 ε
1152 2851 1173 2876 τ
1186 2851 1209 2874 α
1224 2837 1255 2890 ι]
1278 2850 1335 2876 sc.

98 2911 122 2937 a
137 2897 427 2938 Nabataeorum
449 2912 559 2952 rege,
576 2906 624 2939 ut
640 2906 787 2953 sponte
803 2898 1043 2952 intelligitur
1057 2914 1068 2948 ;
1086 2913 1108 2938 a
1125 2898 1335 2948 Romanis,

99 2960 133 3000 si
156 2959 297 3001 audias
326 2961 597 3011 Vincentum‚
635 2961 775 3001 nescio
816 2975 869 3001 an
907 2959 1193 3015 ἑκατοντάρχης
1217 2974 1338 3000 voca-

99 3021 197 3062 bulo
215 3022 448 3064 seductum.
1080 3019 1085 3022 ⁴

154 3086 262 3137 520,
279 3085 361 3139 l.9.
375 3088 432 3142 τῇ
451 3101 476 3141 γ
489 3085 653 3142 λώσσῃ
673 3086 816 3126 διαλά
829 3086 1092 3140 σσοντα]])θ
1106 3085 1340 3126 variisAra-

100 3144 178 3186 biae
191 3145 356 3200 linguis,
374 3147 525 3202 quibus
543 3149 723 3202 penitius
740 3147 984 3201 indagandis
1006 3147 1200 3187 eximiam
1220 3148 1339 3187 Fres-

101 3206 231 3246 nelius
244 3222 412 3262 operam
425 3209 610 3260 collocat,
626 3209 719 3250 vide
727 3225 817 3264 quae
829 3209 967 3250 laudat
979 3210 1111 3249 Ritter
1122 3210 1219 3258 XII,
1231 3223 1272 3264 p.
1286 3211 1339 3258 44

104 3281 195 3320 sqq.
216 3270 231 3321 ἱ]
251 3293 307 3299 -
324 3284 387 3312 10.
408 3271 458 3325 ἰχ
472 3273 489 3311 0
503 3287 523 3310 υ
534 3288 554 3311 o
566 3274 623 3327 φά
635 3288 660 3322 γ
672 3274 760 3328 ων]
778 3271 988 3312 hodiernae
1006 3271 1179 3312 Hectemi
1191 3271 1337 3312 tribus.

104 3328 213 3368 Vide
241 3339 328 3370 not.
359 3332 411 3372 ad
439 3334 687 3386 Agatharch.
713 3337 735 3386 S
759 3337 828 3387 89.
859 3335 874 3388 Η
901 3359 958 3365 -
978 3347 1042 3374 12.
1077 3333 1336 3388 νομαδίας]

103 3390 199 3429 Vox
221 3390 331 3441 alibi,
358 3403 559 3447 quantum
577 3397 717 3446 sciam,
741 3411 824 3436 non
840 3396 975 3436 obvia.
997 3398 1061 3437 An
1084 3395 1182 3436 κατὰ
1209 3397 1341 3452 κώμας

106 3451 171 3490 καὶ
194 3451 312 3506 νομὰς
326 3454 522 3496 διοικεῖται
547 3457 565 3497 P
587 3458 602 3511 Η
621 3482 677 3488 —
700 3461 765 3498 16.
791 3458 881 3498 Καν
897 3455 971 3512 ραῗ
985 3460 1087 3513 ται]
1112 3458 1342 3514 Κανραεῖται

106 3511 257 3567 codex,
275 3512 371 3555 sort.
393 3527 587 3572 corrupta
610 3533 704 3558 vox.
734 3518 971 3558 Κασσανῖται
993 3518 1190 3559 dicuntur
1209 3519 1342 3561 Ptole-

107 3588 211 3615 maeo
222 3605 233 3625 ‚
272 3575 503 3632 Κασανδρεῗς
539 3588 579 3619 et
608 3580 814 3627 Γασανδεῖς
850 3580 962 3634 apud
995 3581 1341 3633 Agatharchidem

111 3636 252 3692 (596)
278 3637 412 3678 Photii
433 3648 472 3679 et
495 3641 690 3689 Diodori,
719 3642 788 3682 ubi
814 3642 919 3682 vide.
944 3643 959 3695 Ι]
983 3666 1038 3672 -
1061 3657 1126 3696 17.
1156 3642 1341 3698 Ἀραὸι-

107 3701 165 3749 κῆ
180 3715 195 3746 ς
238 3698 436 3754 ἠπείρου
458 3703 471 3755 ]
501 3701 575 3756 Ἀρ.
598 3705 726 3758 χώρας
755 3703 911 3758 ἠπείρου
934 3704 1065 3744 codex
1091 3719 1140 3744 ex
1165 3707 1341 3748 conflata

109 3761 322 3815 scripturae
338 3763 543 3802 varietate.
565 3765 581 3817 Ι]
595 3788 651 3795 -
663 3778 728 3817 19.
746 3765 768 3803 ἀ
780 3781 801 3805 κ
812 3766 834 3804 ά
848 3766 866 3805 θ
879 3781 901 3804 α
911 3781 930 3819 ρ
943 3781 992 3805 το
1003 3767 1033 3819 ς]
1049 3766 1206 3806 Eodem
1220 3783 1341 3809 sensu

110 3823 222 3861 sinus
246 3823 328 3863 or'ae
347 3823 549 3865 Asricanae
575 3825 798 3880 Ἀκάθαρτος
823 3835 1004 3867 vocatur.
1028 3828 1043 3880 Ι]
1068 3851 1124 3858 —
1147 3842 1212 3870 2ο.
1241 3829 1340 3869 εἰσ-

110 3883 253 3924 πλέον
267 3900 340 3932 τες
361 3884 458 3926 τὀν
473 3902 520 3941 μ.
539 3889 553 3942 ]
574 3887 826 3928 εἰσπλεόντων
846 3905 886 3943 μ.
903 3888 1052 3939 codex3
1073 3889 1122 3936 εἷς
1143 3891 1259 3931 πλέον
1275 3892 1341 3932 τὸν

106 3946 522 3999 conj.Schwanbeck.
537 3964 580 4004 p.
597 3951 692 3991 322.
714 3952 795 4003 11-
809 3964 876 3991 21.
890 3950 955 3998 εἷς
971 3950 1056 4001 τὴν
1083 3951 1122 3991 Ἀ
1138 3968 1156 4007 ρ
1171 3954 1224 3992 αδ
1237 3953 1310 4005 ’.κὴ
1324 3971 1342 3995 ν

110 4010 268 4062 χώραν
288 4010 303 4063 ]
322 4010 413 4049 Hoc
436 4011 538 4052 mire
562 4010 739 4062 dictum,
761 4027 890 4066 quum
919 4013 1163 4054 antecedens
1192 4023 1344 4056 tractus

278 4092 411 4119 (moen.
446 4091 472 4119 ι.

891 159 1186 206 PERIPLUS
1202 160 1406 207 MAms
1441 131 1796 208 ERYTHRAEI.

2533 184 2620 222 273

1387 284 1477 311 cem
1497 271 1810 326 quodammodo
1835 279 2000 327 praestat
2032 273 2080 312 iis
2108 275 2181 326 qui
2212 289 2262 314 ex
2292 277 2442 318 Arabia
2468 294 2621 323 merces

1389 339 1432 379 in
1451 354 1547 381 eum
1569 341 1740 395 navigiis
1770 355 1856 381 non
1881 342 2038 394 magnis
2061 340 2284 384 devehunt.
2345 348 2484 397 Quare
2503 350 2622 391 ctiam

1388 415 1606 462 perceptor
1623 415 1779 462 quartae
1800 407 2003 447 mercium
2019 421 2111 461 quae
2127 408 2404 462 importantur
2421 415 2561 467 partis,
2586 426 2625 457 et

1389 472 1585 514 custodiae
1613 487 1736 514 causa
1754 473 1942 514 centurio
1969 487 2065 513 cum
2087 474 2263 514 militum
2305 490 2429 517 manu
2450 492 2498 519 eo
2530 482 2624 522 mit-

1390 538 1509 579 titur.

1447 618 1517 646 20.
1542 604 1640 646 Post
1654 605 1770 647 hunc
1785 606 1925 646 locum
1942 607 2079 647 statim
2100 609 2286 662 sequitur
2303 612 2496 664 contigua
2525 615 2627 654 Ara-

1391 669 1469 710 biae
1485 671 1614 724 regio,
1633 684 1726 725 quae
1755 685 1827 726 per
1845 671 2015 725 longum
2038 681 2212 715 tractum
2230 673 2347 728 juxta
2369 677 2628 731 Erythraeum

1393 749 1505 775 mare
1531 736 1774 790 porrigitur.
1837 737 2018 778 Diversae
2040 753 2129 780 eam
2149 750 2286 794 gentes
2309 742 2508 794 incolunt,
2541 744 2627 787 aliae

1392 801 1672 856 aliquatenus,
1705 802 1792 843 aliae
1822 817 1993 857 prorsus
2022 805 2128 846 inter
2147 821 2188 847 se
2216 807 2354 862 lingua
2375 809 2624 856 differentes.

1392 868 1457 908 Ibi
1480 882 1648 923 quoque
1681 883 1755 909 ora
1784 870 1990 910 maritima
2021 872 2425 929 Ichthyophagorum
2453 881 2628 933 tuguriis

1393 936 1543 991 passim
1579 944 1822 991 occupatur,
1870 937 2126 991 superiorem
2158 950 2293 982 autem
2325 944 2534 997 regionem
2565 961 2628 987 se-

1394 1001 1581 1042 cundum
1600 1003 1711 1042 vicos
1741 1011 1782 1043 et
1809 1017 1959 1058 pascua
1993 1005 2171 1060 improbi
2191 1014 2331 1048 tenent
2356 1007 2544 1050 homines
2566 1010 2628 1052 bi.-

1392 1068 1565 1122 lingues,
1594 1069 1638 1108 in
1654 1082 1759 1123 quos
1778 1070 1810 1108 si
1830 1070 1902 1123 qui
1918 1084 1968 1110 ex
1987 1070 2122 1112 media
2139 1073 2394 1126 navigatione
2415 1076 2627 1129 excidunt,

1394 1134 1636 1189 spoliantur,
1651 1134 1715 1175 vel
1733 1135 1766 1175 si
1782 1150 1833 1175 ex
1853 1136 2066 1190 naufragio
2085 1137 2182 1179 illuc
2192 1148 2421 1191 evaserunt,
2443 1144 2629 1185 servituti

1393 1199 1662 1242 addicuntur.
1723 1204 1861 1254 Quam
1880 1201 1934 1242 ob
1953 1218 2119 1244 causam
2146 1204 2308 1246 assidue
2339 1221 2363 1247 a
2379 1210 2563 1261 tyrannis
2593 1219 2633 1252 et

1394 1266 1559 1320 regibus
1585 1266 1748 1308 Arabiae
1774 1267 1817 1307 in
1851 1268 2126 1323 captivitatem
2157 1271 2380 1324 abiguntur
2389 1289 2401 1325 ;
2433 1284 2633 1316 vocantur

1393 1341 1531 1373 autem
1549 1334 1765 1374 Canraitae.
1825 1336 1886 1374 Ac
1909 1336 2081 1376 omnino
2099 1336 2186 1377 haec
2205 1337 2367 1379 Arabiae
2387 1340 2632 1384 continentis

1393 1400 1746 1454 praeternavigatio
1777 1399 1899 1454 plena
1920 1410 1980 1442 est
2005 1402 2204 1456 periculi3
2231 1405 2344 1457 regio
2364 1405 2631 1459 importuosa,

1394 1465 1624 1506 commodis
1664 1467 1833 1506 navium
1870 1467 2115 1508 stationibus
2156 1467 2353 1510 destituta
2368 1501 2378 1519 ‚
2420 1471 2635 1514 immunda

1394 1531 1582 1571 cautibus
1604 1539 1644 1571 et
1672 1531 1848 1586 scopulis
1877 1531 2081 1572 inaccessa
2104 1542 2145 1573 et
2162 1548 2236 1588 per
2255 1536 2395 1575 omnia
2409 1535 2630 1578 horrenda.

1395 1598 1660 1651 Quapropter
1690 1596 1774 1636 hue
1792 1596 2072 1650 innavigantes
2090 1611 2164 1652 per
2192 1598 2375 1639 medium
2409 1615 2521 1641 mare
2543 1617 2633 1642 cur-

1395 1675 1487 1701 sum
1526 1669 1712 1702 tenemus
1726 1692 1737 1711 ,
1774 1669 1815 1702 et
1853 1676 1992 1702 versus
2029 1663 2248 1704 Arabicam
2280 1665 2488 1718 regionem
2519 1667 2634 1707 ocius

1396 1722 1687 1763 contendimus
1702 1737 1835 1777 usque
1850 1722 1902 1764 ad
1917 1723 2185 1765 Combustam
2197 1725 2388 1776 insulam,
2406 1736 2499 1781 post
2509 1742 2635 1782 quam

1397 1785 1596 1824 continuo
1615 1793 1849 1839 sequuntur
1862 1786 2050 1839 regiones
2072 1785 2292 1827 hominum
2324 1797 2635 1830 mansuetorum

1397 1854 1438 1886 et
1458 1846 1666 1901 pastoricii
1683 1847 1844 1901 pecoris
1862 1855 1904 1887 et
1921 1847 2186 1889 camelorum.

1458 1926 1507 1952 21
1518 1945 1527 1953 .
1556 1914 1655 1953 Post
1675 1913 1749 1954 has
1768 1914 1812 1954 in
1824 1914 1969 1954 ultimo
1986 1915 2159 1955 sinistrae
2176 1914 2302 1970 hujus
2320 1930 2402 1958 orae
2416 1918 2512 1959 sinu
2528 1918 2638 1960 litori

1400 1979 1559 2035 adjacet
1578 1983 1716 2032 Muza,
1734 1983 1968 2037 emporium
1993 1982 2236 2036 legitimum,
2255 1978 2370 2038 quod
2395 2000 2419 2026 a
2445 1988 2638 2027 Berenice

1403 2059 1591 2091 austrum
1607 2065 1750 2091 versus
1767 2051 2055 2105 navigantibus
2079 2053 2121 2092 in
2138 2067 2299 2094 summa
2318 2054 2439 2095 distat
2460 2055 2513 2096 ad
2533 2056 2638 2097 duo-

1401 2118 1536 2160 decim
1556 2120 1682 2160 millia
1701 2120 1944 2161 stadiorum.
2006 2122 2162 2162 Totum
2178 2123 2384 2164 Arabibus
2399 2120 2639 2166 nauclericis

1407 2276 1505 2315 item
1525 2284 1694 2316 vocetur
1717 2275 1889 2331 Ἄραὸικὴ
1914 2278 2038 2331 χώρα.
2071 2280 2137 2318 An
2158 2279 2309 2331 igitur:
2334 2278 2383 2326 εἰς
2412 2278 2480 2331 τὴν
2502 2280 2639 2335 εἰρηνι-

1408 2335 1478 2388 κὴν
1495 2353 1538 2392 χ.
1557 2338 1641 2378 sive
1664 2337 1950 2392 εἰρηνικωτέραν
1971 2339 2120 2393 μᾶλλον
2134 2340 2151 2379 Ρ
2163 2354 2215 2379 an
2233 2339 2283 2387 εἰς
2302 2339 2372 2391 τὴν
2389 2341 2419 2380 Κ
2433 2357 2484 2396 αρ
2498 2342 2518 2381 6
2535 2341 2606 2394 ικὴ
2619 2358 2637 2384 ν

1408 2399 1570 2453 χώρανἰ)
1597 2413 1693 2439 nam
1715 2398 1870 2439 feroces
1906 2400 1993 2439 illos
2028 2400 2326 2442 Casandrenses
2346 2417 2412 2457 ap.
2444 2404 2641 2456 Agathar-

1409 2461 1572 2501 chidem
1588 2462 1798 2516 excipiunt
1822 2462 1982 2516 Κάρθαι,
2007 2471 2100 2517 post
2125 2477 2226 2517 quos
2245 2473 2474 2518 sequuntur
2491 2466 2636 2512 Sabaei.

1415 2523 1430 2577 ΙΙ
1446 2548 1503 2554 -
1521 2537 1588 2564 22.
1610 2524 2044 2578 Κατακεκαυμὲνης
2063 2524 2229 2579 νήσου]
2250 2525 2350 2566 hod.
2374 2527 2519 2581 Djebel
2538 2532 2635 2578 Tar,

1408 2586 1469 2625 uti
1486 2594 1672 2626 statuunt
1690 2586 1982 2627 D’Anvilliusl.
2001 2587 2027 2627 l.
2050 2601 2091 2641 p.
2114 2587 2210 2636 252,
2231 2588 2459 2629 Vincentus
2475 2604 2517 2644 p.
2540 2591 2636 2642 252,

1409 2648 1555 2688 Ritter.
1583 2650 1680 2698 XII,
1713 2663 1756 2703 p.
1776 2652 1869 2702 671.
1899 2649 2037 2689 Insula
2066 2649 2117 2689 ad
2137 2657 2276 2689 nostra
2300 2664 2430 2703 usque
2456 2659 2641 2706 tempora

1408 2709 1619 2750 Vulcaniis
1649 2711 1812 2764 ignibus
1844 2711 2039 2752 fervebat.
2073 2713 2128 2752 V.
2166 2713 2286 2752 Botta
2326 2712 2514 2753 Relation
2543 2713 2641 2754 d’un

1408 2786 1560 2825 voyage
1581 2772 1686 2813 dans
1710 2773 1744 2813 Ie
1770 2775 1917 2814 Ye'men
1939 2789 1986 2814 en
2006 2774 2124 2827 1837.
2145 2773 2287 2828 (Paris
2316 2776 2416 2823 1841
2443 2774 2456 2830 )
2481 2790 2522 2831 p.
2546 2777 2637 2830 137.

1410 2834 1653 2875 Ptolemaeus
1674 2836 1757 2885 VI,
1781 2850 1804 2889 7
1841 2833 1911 2885 τὴν
1936 2837 2052 2886 νῆσον
2086 2837 2421 2891 κατακεκαυμένην
2473 2838 2643 2879 collocat

1411 2906 1482 2950 7οο
1510 2895 1576 2938 30’
1593 2897 1722 2951 long.;
1749 2897 1819 2937 15⁰
1835 2900 1900 2938 20'
1921 2897 2007 2946 lat„
2038 2899 2146 2937 inter
2169 2897 2442 2940 Cardaminen
2465 2899 2577 2955 (16⁰,
2596 2894 2639 2942 h'.

1413 2962 1633 3014 Cameran)
1650 2968 1690 3000 et
1708 2961 1820 3000 Aren
1847 2960 1966 3015 (15⁰,
1984 2960 2027 3000 h.
2045 2962 2187 3013 Aroe).
2211 2961 2226 3013 Η
2246 2985 2301 2991 —
2322 2965 2390 3010 24.
2411 2977 2463 3001 συ
2477 2977 2560 3017 νεχ
2574 2965 2642 3010 εῖς

1409 3023 1602 3078 χῶραι]
1622 3026 1748 3077 χῶραι
1770 3021 1905 3077 suppl.
1927 3021 2395 3076 Stuckius,‘quamquam
2412 3023 2522 3063 aliud
2541 3024 2641 3077 quid

1410 3085 1618 3140 scripsisse
1632 3092 1844 3124 auctorem
1862 3098 2102 3138 persuasum
2122 3091 2195 3123 est.
2221 3086 2286 3124 An
2305 3083 2492 3134 οἷκήσειςὲ)

1466 3149 1489 3199 S
1506 3151 1574 3199 21,
1588 3146 1616 3186 l.
1629 3160 1697 3201 27.
1712 3146 1754 3186 Μ
1764 3146 1813 3185 ού
1823 3147 1893 3200 ζα]
1908 3148 2070 3185 Muzam
2082 3146 2311 3199 emporium
2321 3146 2485 3199 plurimi
2498 3160 2546 3187 eo
2558 3146 2641 3188 fere

1410 3208 1501 3249 loco
1517 3208 1639 3248 fuisse
1655 3202 1841 3256 censent,
1864 3207 1935 3246 ubi
1948 3220 2059 3246 nunc
2078 3213 2137 3245 est
2153 3205 2307 3246 Moklea
2325 3206 2338 3261 (
2358 3207 2426 3246 13Ο
2450 3206 2514 3260 19’
2530 3207 2638 3263 lat.)‚

1410 3285 1540 3326 prope
1556 3284 1679 3325 quam
1703 3270 1927 3310 etiamnum
1950 3267 2102 3307 fundus
2126 3268 2248 3307 maris
2266 3282 2460 3308 arenosus
2481 3271 2638 3312 ancoris

1405 3331 1606 3387 jaciendis
1625 3346 1698 3386 per
1712 3339 1772 3370 est
1787 3329 1974 3370 idoneus.
1994 3330 2185 3369 Ceterum
2214 3343 2342 3383 quum
2362 3330 2516 3371 Moklea
2541 3331 2640 3372 urbs

1410 3409 1552 3435 recens
1567 3392 1792 3434 admodum
1814 3392 1879 3441 sit,
1902 3392 1944 3431 in
1972 3389 2279 3431 mediterraneis
2300 3400 2435 3432 autem
2460 3405 2539 3434 220
2559 3392 2639 3435 fere

1411 3456 1542 3498 stadia
1560 3456 1611 3496 ab
1630 3454 1730 3495 hod.
1753 3462 1877 3508 portu
1899 3452 2052 3493 distans
2075 3461 2262 3493 occurrat
2284 3456 2413 3494 Muza
2436 3455 2569 3504 vicus,
2598 3456 2640 3495 in

1411 3519 1491 3559 hoc
1510 3519 1599 3573 ipso
1613 3518 1703 3558 loco
1722 3517 1875 3556 stetisse
1890 3523 2004 3555 vetus
2028 3516 2160 3556 Muzae
2175 3516 2422 3570 emporium,
2443 3525 2641 3571 terraeque

1412 3589 1587 3622 tractum
1601 3612 1612 3630 ,
1634 3580 1705 3634 qui
1731 3579 1837 3618 inter
1860 3578 1996 3618 vicum
2015 3585 2056 3618 et
2075 3578 2199 3618 maris
2219 3577 2314 3618 litus
2338 3593 2450 3619 nunc
2472 3579 2642 3619 interce-

1411 3643 1487 3693 dit,
1511 3642 1718 3697 paullatim
1747 3647 1955 3694 aggestum
1977 3653 2063 3680 esse
2093 3639 2344 3681 Niebuhrius
2373 3649 2412 3680 ct
2433 3649 2525 3695 post
2547 3655 2640 3680 eum

1412 3707 1476 3748 alii
1500 3712 1760 3746 censuerunt.
1790 3702 1838 3742 Id
1861 3717 1958 3743 vcro
1974 3701 2186 3757 probabile
2215 3717 2300 3743 esse
2310 3701 2403 3756 jure
2423 3717 2566 3755 negare
2581 3703 2639 3741 vi-

1413 3768 1533 3809 detur
1555 3768 1734 3806 Ritterus
1761 3766 1858 3815 XII,
1892 3779 1934 3819 p.
1968 3778 2064 3818 771,
2097 3765 2167 3818 qui
2198 3779 2348 3804 nomen
2380 3764 2430 3802 ab
2455 3764 2639 3816 emporio

1414 3830 1546 3870 deleto
1566 3827 1618 3867 ad
1646 3828 1927 3882 propinquum
1961 3826 2098 3866 locum
2128 3825 2365 3865 translatum
2396 3823 2636 3877 suspicatur,

1415 3905 1540 3945 quum
1559 3889 1771 3943 complura
1798 3887 1884 3941 ejus
1909 3888 1967 3927 rei
1994 3895 2141 3941 praesto
2164 3887 2243 3925 sint
2263 3884 2458 3938 exempla.
2490 3882 2567 3923 Sed
2590 3897 2640 3923 ne

1415 3955 1494 3993 hoc
1516 3950 1682 4005 quidem
1704 3949 1964 3990 crediderim.
1996 3949 2234 3988 Ptolemaeus
2259 3948 2363 3999 (VI,
2390 3960 2429 3998 7,
2451 3959 2493 3999 p.
2519 3945 2597 3993 403
2622 3945 2636 4000 )

1416 4017 1524 4056 enim
1551 4015 1672 4054 Muza
1700 4013 1932 4067 emporium
1970 4011 2087 4065 ponit
2123 4011 2192 4056 14⁰
2210 4008 2297 4058 lat.‚
2336 4006 2446 4047 unde
2480 4007 2641 4060 colligas

2437 4087 2473 4117 18
