2756 4354
122 217 170 276 (4)
1219 183 1546 258 vperuetus
1649 263 1652 266 Α
2587 240 2642 279 2,

185 336 236 366 13.
266 321 490 365 ΣΙΚΕΛΙΑ.
528 311 651 360 Καὲὰ
672 311 715 356 δὲ
738 309 904 372 Ῥήγιόν
929 312 1018 356 ἐστι
1039 310 1209 357 Σικελία
1231 314 1353 366 νῆσος

122 388 207 434 ἀπὸ
226 392 298 443 τῆς
319 384 522 447 Εὐρώπης
550 380 766 443 ἀπέχουσα
786 380 934 425 στάδια
954 379 1008 425 ιδ’
1029 382 1084 432 εἷς
1106 380 1353 443 Πελωριάδα

121 457 202 502 ἀπὸ
240 455 424 515 Ῥηγίου.
501 451 573 497 Ἐν
613 449 654 495 δὲ
690 449 863 510 Σικελίᾳ
903 448 998 504 ἔθνη
1031 447 1223 512 βάρὸαρα
1256 447 1354 493 τάδε

121 526 256 571 ἐστίν’
288 523 493 580 Ἔλυμοι,
525 518 720 575 Σικανοὶ,
749 517 938 574 Σικελοὶ,
962 517 1178 578 Φοίνικες,
1199 520 1353 580 Τρῶες.

125 588 252 641 Οὗτοι
269 590 341 651 μὲν
359 589 560 652 βάρὸαροι
573 622 586 645 ,
602 590 757 634 οἰκοῦσι
774 587 816 632 δὲ
833 588 903 632 καὶ
916 586 1132 643 εΈλληνες.
1202 587 1355 648 Ἀκρω-

122 662 260 724 τήριον
301 659 342 705 δὲ
381 658 575 709 Σικελίας
611 656 844 718 Πελωριάς.
915 657 1064 708 Πόλεις
1089 655 1247 702 δ”εἷσὶν
1273 655 1355 700 ἀπὸ

120 729 385 793 Πελωριάδος
428 725 668 783 Ἑλληνίδες
704 725 812 771 αἵδε·
852 725 1056 782 Μεσσήνη
1097 724 1169 770 καὶ
1211 724 1354 785 λιμὴν,

119 797 418 861 Ταυρομένιον,
448 796 602 852 Νάξος,
643 795 843 853 Κατάνη,
890 799 1120 842 Λεοντῖνοι·
1171 797 1225 846 εἷς
1265 793 1357 846 τοὺς

118 868 355 919 Λεοντίνους
379 866 420 912 δὲ
443 866 550 911 κατὰ
573 869 612 912 Τ
614 865 733 927 ηρίαν
753 865 939 924 ποταμὸν
966 863 1170 915 ἀνάπλους
1184 863 1224 908 κ’
1251 882 1353 909 στα·

119 938 240 983 δίων·
263 938 471 997 Σύμοιιθος
505 936 690 996 ποταμὸς
724 936 792 982 καὶ
826 935 941 987 πόλις
979 933 1165 996 Μεγαρὶς
1194 933 1263 978 καὶ
1288 935 1355 977 λι-

121 1007 201 1067 μὴν
234 1006 474 1070 Ξιφώνειος.
545 1004 827 1067 Ἔχομένηδὲ
857 1004 1090 1066 Μεγαρίδος
1118 1003 1235 1054 πόλις
1270 1001 1357 1047 ἐστὶ

121 1076 409 1139 Συράκουσαι,
430 1076 500 1120 καὶ
517 1074 676 1135 λιμένες
698 1077 738 1119 ἐν
764 1077 867 1135 αὐτῇ
885 1074 975 1119 δύο·
994 1072 1148 1119 τούτων
1175 1075 1195 1117 ὃ
1224 1071 1357 1133 ἕτερος

123 1147 233 1198 ἐντὸς
255 1145 414 1207 τείχους
431 1181 443 1203 ,
466 1146 534 1189 ὅδ’
559 1144 680 1196 ἄλλος
699 1143 795 1195 ἔξω.
864 1142 984 1190 Μετὰ
1007 1142 1049 1187 δὲ
1068 1141 1220 1196 ταύτην
1241 1141 1358 1192 πόλις

121 1218 312 1278 “.[Ξλωρον
329 1215 399 1259 καὶ
421 1214 614 1275 Πάχυνος
634 1212 909 1276 ἀκρωτήριον.
979 1211 1076 1257 Ἀπὸ
1098 1209 1297 1272 Παχύνου
1314 1210 1356 1255 δὲ

123 1285 258 1336 πόλεις
279 1284 517 1339 Ἑλληνίδες
541 1281 650 1328 αἵδε·
688 1283 933 1343 Καμάρινα,
968 1281 1102 1339 Γέλα,
1134 1279 1357 1340 Ἀκράγας,

123 1356 338 1410 Σελινοῦς,
358 1352 582 1399 Λιλύὸαιον
601 1351 869 1414 ἀκρωτήριον.
937 1349 1038 1396 Ἀπὸ
1060 1349 1101 1394 δὲ
1121 1348 1353 1395 Λιλυέαίου

122 1552 372 1604 Theognost.
393 1550 494 1589 Can.
516 1563 559 1603 p.
586 1561 679 1598 112,
706 1550 730 1595 4
754 1546 934 1587 exhibet.
958 1545 1131 1586 Codices
1147 1543 1360 1585 Strabonis

122 1615 148 1654 l.
170 1614 196 1654 l.
221 1614 360 1667 Μέδμα
376 1620 416 1652 et
434 1612 615 1666 Μέδαμα,
638 1624 818 1665 quorum
844 1609 946 1649 illud
968 1609 1122 1662 recepit
1141 1608 1360 1647 Cramerus

125 1676 264 1732 (tom.
295 1677 331 1725 I,
367 1689 410 1729 p.
442 1677 522 1728 407
561 1673 593 1730 ),
630 1672 943 1713 assentientibus
978 1672 1115 1712 numis
1139 1670 1152 1726 (
1172 1671 1362 1710 Mionnet

122 1739 265 1794 Suppl.
320 1746 352 1778 t.
375 1739 411 1787 I,
432 1751 475 1791 p.
499 1737 578 1777 316
599 1735 612 1791 )
630 1744 670 1776 et
688 1736 823 1776 Plinio
836 1737 913 1784 III,
937 1749 986 1775 10
1004 1743 1043 1774 et
1057 1733 1166 1774 Mela
1179 1734 1236 1781 II,
1257 1735 1296 1780 4,
1317 1747 1358 1784 9.

124 1799 248 1854 Apud
268 1801 492 1854 Scymnum
524 1800 601 1839 308
623 1797 754 1838 codex
784 1812 999 1853 perperam
1027 1797 1180 1836 Ms'Bvx.
1195 1797 1243 1835 In
1262 1796 1362 1834 Dio-

124 1862 228 1903 doro
254 1864 370 1912 XIV,
394 1864 462 1916 78,
490 1861 511 1902 5
533 1861 695 1902 codices
722 1875 800 1916 pro
831 1860 1045 1907 Μεδναίους
1065 1867 1258 1913 corrupte
1279 1858 1360 1897 Με-

123 1925 330 1980 διμναίους.
358 1926 550 1965 Ceterum
571 1925 711 1979 Μέδμα
732 1932 773 1964 et
802 1923 943 1978 Μὲσμα
961 1922 1162 1963 differunt
1183 1930 1227 1961 ut
1259 1919 1358 1975 ὀδμὴ

123 1996 163 2028 et
193 1986 311 2043 ὀσμὴ,
339 1986 451 2042 ἴδμεν
484 1996 521 2028 et
542 1986 669 2042 ἰ’σμεν,
707 1995 785 2027 etc.
819 1987 1049 2027 Moversius
1075 1984 1258 2025 thniz.
1284 1985 1362 2023 AJ-

125 2051 244 2090 tertlz.
267 2052 323 2100 II,
346 2065 388 2104 p.
416 2051 495 2098 344
516 2051 631 2090 urbis
663 2064 816 2090 nomen
838 2049 1094 2104 phoenicium
1125 2062 1210 2086 esse
1230 2047 1362 2099 susp}-

125 2122 253 2164 catur,
287 2112 502 2153 conserens
520 2113 742 2153 Palaestinae
764 2109 902 2152 locum
922 2111 1074 2152 Meclba
1091 2125 1163 2150 seu
1183 2109 1363 2151 Medaba

128 2175 282 2230 (Num.
306 2189 374 2226 21,
399 2176 465 2216 30.
484 2176 617 2216 Jesaia
639 2174 704 2225 15,
724 2174 800 2230 2),
824 2175 853 2214 i.
876 2189 913 2214 e.
934 2188 1042 2228 aqua
1057 2172 1223 2227 quietis.
1246 2172 1363 2212 Idem

125 2237 177 2278 ad
191 2239 343 2293 priscas
363 2238 605 2278 Phoenicum
621 2237 800 2277 colonias
820 2238 862 2276 in
878 2237 995 2276 Italia
1012 2235 1196 2276 inferiori
1221 2235 1362 2274 simili-

125 2308 188 2339 ter
213 2300 337 2340 refert
368 2300 490 2339 urbes
519 2303 747 2354 Tempsam,
774 2298 1008 2353 Hipponem
1035 2312 1105 2336 seu
1146 2296 1359 2344 Vibonem,

127 2363 352 2410 lWalacam,
379 2370 418 2401 et
441 2362 587 2401 fluvios
603 2360 789 2414 Sybarin,
817 2359 1001 2407 Crathin,
1021 2360 1234 2398 Sabutum.

183 2427 205 2477 §
243 2426 307 2464 13.
355 2423 471 2464 ’Aah
508 2426 592 2474 τῆς
630 2422 868 2477 Εὐρώπης
905 2424 918 2474 ]
954 2442 970 2457 <x
1007 2421 1155 2461 Insulae
1179 2436 1263 2460 non
1287 2436 1363 2475 pro

126 2495 245 2541 parto
267 2489 440 2540 Europae
472 2494 691 2525 censentur
714 2500 737 2524 a
769 2485 957 2539 pluribus
988 2484 1252 2543 geographi&
1291 2482 1363 2523 sed

127 2549 310 2603 adjacere
329 2548 540 2588 dicuntur.
560 2549 624 2588 Sic
640 2556 679 2587 et
699 2547 806 2586 infra
829 2547 970 2602 Scylax
994 2546 1046 2586 de
1062 2547 1182 2586 Creta
1201 2545 1213 2601 (
1231 2549 1252 2598 S
1274 2549 1326 2599 47
1346 2545 1359 2601 )

126 2612 297 2666 loquens
335 2625 344 2651 2
378 2611 576 2665 ἐγγυτάτω
603 2610 677 2665 γὰρ
708 2610 958 2664 Λακεδαίμων
983 2610 1107 2648 κεῖται
1143 2611 1210 2659 τῆς
1232 2607 1362 2662 Εὐρώ-

126 2690 210 2726 πης.
238 2695 252 2709 n
274 2675 471 2713 Vossms.
493 2674 579 2726 Η-
596 2673 781 2712 στάδια
821 2672 880 2712 ιδ’
898 2676 910 2724 ]
930 2673 995 2712 Sic
1010 2680 1118 2711 recte
1141 2672 1263 2711 etiam
1283 2674 1362 2711 Po-

126 2738 259 2792 lybius
277 2739 312 2785 Ι,
342 2739 410 2786 42,
436 2740 458 2776 6
477 2745 516 2776 et
531 2735 688 2776 Plinius
699 2736 777 2785 ΙΙΙ,
808 2738 872 2783 14.
897 2736 1076 2774 Timaeus
1092 2748 1157 2788 ap.
1184 2733 1360 2775 Diodor.

125 2802 202 2850 IV,
230 2814 297 2849 22,
324 2804 348 2839 6
378 2799 502 2839 habet
536 2799 583 2838 13
612 2798 761 2848 stadia3
785 2797 1082 2851 Agathemerus
1107 2797 1119 2852 (
1145 2812 1194 2837 ex
1223 2798 1364 2837 Timo-

128 2863 298 2918 sthene)
324 2861 534 2902 undecim.
555 2861 696 2901 Falsus
722 2860 867 2901 Strabo
884 2862 960 2909 VI,
993 2874 1035 2914 p.
1063 2860 1142 2913 257
1167 2868 1206 2899 et
1232 2860 1359 2900 schol.

127 2926 261 2980 Apoll.
295 2924 431 2965 Rhod.
454 2926 531 2974 IV,
569 2923 665 2973 825,
692 2923 744 2963 de
769 2938 839 2963 sex
864 2923 926 2962 vel
958 2931 1111 2976 septem
1142 2922 1283 2962 stadiis
1306 2923 1364 2962 lo-

129 2996 311 3042 quentes.
342 2987 481 3027 Fuisse
498 2985 692 3026 videntur
710 2987 780 3040 qui
813 2985 916 3025 freta
933 2985 1211 3034 celeberrima,
1230 2986 1363 3025 Helle-

130 3051 374 3104 sponticum,
397 3048 649 3091 Gaditanum
665 3057 704 3088 et
724 3049 922 3098 Siculum,
949 3048 1094 3088 eodem
1117 3048 1361 3102 heptastadii

130 3114 295 3152 nomine
313 3112 580 3152 celebrarent.
600 3113 683 3165 Η-
696 3111 759 3159 εἰς
778 3111 912 3151 Πελω
923 3126 958 3165 ρ.
974 3114 988 3163 ]
1007 3110 1022 3151 ἐ
1041 3110 1182 3164 πελωρ.
1204 3110 1358 3161 codex3

132 3173 166 3219 ἐς
183 3174 277 3214 Πελ.
300 3174 416 3214 editt.
439 3189 516 3227 vgo
528 3190 538 3223 ;
559 3173 609 3221 εἷς
630 3189 680 3214 ex
696 3189 813 3214 more
830 3174 1019 3228 Scylaceo
1040 3174 1201 3228 scripsit
1221 3174 1363 3214 Fabri-

131 3237 231 3275 cius.
258 3238 393 3277 Litera
411 3236 692 3292 &compendio
701 3236 847 3291 juncta
864 3237 988 3276 suerit
1008 3236 1134 3276 literae
1153 3252 1201 3286 π;
1220 3251 1363 3291 quam-

132 3311 255 3350 quam
269 3299 397 3351 possis
415 3299 537 3338 etiam
555 3299 631 3352 leg.
651 3299 726 3340 ἐπί.
744 3299 885 3340 Verba
903 3298 977 3339 ἀπὸ
1002 3297 1160 3352 Ῥηγίου
1181 3299 1363 3353 interpo-

133 3358 211 3398 lata
236 3373 321 3398 esse
343 3367 451 3400 recte
473 3362 613 3400 statuit
635 3362 812 3411 Gailius;
834 3376 930 3401 nam
954 3376 976 3401 a
999 3361 1156 3413 Rhegio
1175 3360 1228 3400 ad
1247 3361 1363 3401 Pelo-

132 3421 240 3460 rium
260 3420 311 3460 ad
335 3423 386 3461 80
415 3431 510 3462 sunt
531 3422 683 3473 stadia3
719 3424 984 3464 brevissimus
1017 3437 1115 3463 vero
1145 3437 1169 3463 a
1205 3423 1362 3477 Rhegio

134 3481 324 3535 trajectus
350 3482 401 3522 50
422 3483 504 3523 sere
527 3484 770 3526 stadiorum.
802 3486 816 3536 Η
843 3510 900 3516 -
923 3485 1018 3525 ”Ελ
1033 3487 1166 3540 υμοι]
1208 3484 1362 3526 ἸΞδυνοὶ

133 3544 225 3584 cod.
248 3546 354 3584 Nota
368 3544 531 3598 Elymos
555 3546 750 3601 distingui
767 3563 791 3588 a
807 3547 1013 3602 TrojaniS,
1036 3562 1163 3602 quum
1193 3548 1361 3602 plurimi

133 3606 296 3647 tradant
317 3605 542 3660 Trojanos,
574 3610 645 3662 qui
675 3610 718 3649 in
751 3611 928 3650 Siciliam
956 3612 1144 3651 venerint
1172 3611 1236 3650 vel
1258 3613 1362 3651 Lao-

132 3668 337 3709 medontis
359 3669 612 3722 temporibus
644 3671 707 3711 vel
736 3680 829 3725 post
857 3673 922 3712 Ilii
941 3672 1165 3722 excidium,
1194 3673 1361 3727 Elymos

132 3731 264 3771 dictos
286 3744 385 3770 esse.
414 3730 585 3770 Fabulas
616 3731 697 3772 huc
721 3734 972 3787 pertinentes
997 3734 1090 3774 vide
1119 3735 1227 3789 apud
1247 3736 1362 3776 Thu-

133 3794 226 3848 cyd.
244 3795 320 3843 VI,
345 3806 392 3843 2;
418 3793 589 3847 Dionys.
624 3794 755 3834 Halic.
780 3797 816 3843 I,
841 3795 891 3835 52
914 3810 994 3849 sq.;
1016 3796 1205 3837 Strabon.
1230 3799 1357 3848 XIII,

131 3870 174 3910 p.
190 3858 268 3897 608
281 3872 291 3906 ;
303 3854 567 3911 Lycophron.
584 3855 679 3908 953.
694 3859 771 3909 964
793 3857 933 3911 ibique
946 3860 1132 3899 Tzetzem
1146 3876 1156 3910 ;
1171 3862 1356 3902 Servium

131 3918 182 3959 ad
202 3919 296 3959 AEn.
315 3921 350 3968 Ι,
377 3917 477 3967 550,
500 3917 679 3971 Etymol.
699 3920 759 3958 M.
775 3933 818 3973 p.
839 3920 934 3969 333,
958 3921 1004 3960 31
1025 3923 1187 3970 ;Tzet2.
1211 3923 1263 3963 ad
1280 3926 1359 3965 Lv-

132 3981 277 4035 cophr.
307 3981 434 4029 12323
462 3980 701 4034 Apollodor.
723 3982 779 4030 II,
805 3980 843 4030 5,
874 3995 939 4031 10,
966 3994 1016 4022 10
1040 3991 1080 4023 et
1103 3971 1356 4026 Antiochum

132 4057 198 4097 ap.
217 4046 389 4084 Pausan.
409 4044 463 4092 X,
495 4056 557 4091 12,
583 4044 622 4082 3.
647 4044 795 4083 Noster
828 4043 935 4083 haud
958 4042 1082 4084 dubie
1108 4060 1200 4086 cum
1226 4048 1358 4088 Hella-

1477 320 1542 360 13.
1565 321 1739 361 S1cum.
1764 322 1812 361 In
1826 329 2048 375 conspectu
2067 323 2211 376 Rhegii
2224 334 2283 365 est
2298 328 2430 369 Sicilia
2445 331 2588 383 insula,
2603 336 2653 376 ab

1417 389 1586 443 Europa
1605 389 1760 430 distans
1779 389 1910 431 stadia
1931 389 2169 442 duodecim,
2191 407 2281 447 quae
2303 405 2398 437 sunt
2415 399 2653 457 (aRhegio)

1420 454 1473 495 ad
1508 456 1701 496 Pelorum
1741 458 2093 512 promontorium.
2150 461 2200 499 In
2229 461 2367 501 Sicilia
2400 473 2536 516 gentes
2564 469 2658 510 bar-

1419 522 1530 563 barae
1548 532 1645 563 sunt
1665 525 1824 579 Elymi,
1841 526 2002 576 Sicani,
2039 526 2193 581 Siculi,
2219 528 2448 581 Phoenices,
2468 534 2652 589 Trojani.

1419 591 1579 630 Verum
1591 599 1740 645 praeter
1754 592 1953 634 barbaros
1966 593 2043 634 hos
2059 594 2182 634 etiam
2195 595 2327 636 Graeci
2343 598 2542 641 incolunt.
2560 604 2658 644 Pro-

1421 660 1678 700 montorium
1693 660 1838 701 Siciliae
1857 669 1918 701 est
1931 661 2116 702 Pelorus.
2151 664 2189 703 A
2211 663 2356 705 Peloro
2368 666 2491 708 urbes
2508 669 2658 712 Graecae
2695 667 2698 670 ⁴

1420 737 1546 770 sunt:
1579 731 1768 770 Messana
1801 744 1897 770 cum
1928 738 2081 785 portu,
2112 732 2463 786 Tauromenium,
2495 739 2655 790 Naxus,

1420 798 1587 847 Catana,
1611 797 1868 852 [Symaethus
1883 798 2033 840 fluvius
2047 806 2087 838 et
2101 798 2124 853 ]
2137 800 2349 852 Leontini3
2366 803 2418 844 ad
2434 806 2658 848 Leontinos

1420 879 1518 906 vero
1546 879 1621 920 per
1638 866 1804 906 Teriam
1834 866 1992 907 flumen
2021 880 2186 908 sursum
2207 869 2419 922 navigatur
2436 886 2510 927 per
2531 874 2660 917 stadia

1420 934 1565 988 viginti
1582 949 1593 984 ;
1614 942 1703 974 tum
1723 933 2020 987 Megaris-urbs
2042 942 2082 975 et
2096 943 2241 990 portus
2256 937 2503 992 Xiphonius.
2562 945 2660 984 Post

1419 1003 1672 1057 Megaridem
1698 1004 1885 1058 sequitur
1910 1003 2011 1044 urbs
2030 1005 2238 1060 Syracusae
2268 1020 2362 1047 cum
2378 1008 2538 1051 duobus
2565 1015 2660 1068 por·'

1420 1072 1567 1123 tubus,
1604 1087 1784 1127 quorum
1822 1088 1931 1113 unus
1958 1074 2067 1114 intra
2096 1089 2287 1125 murum,
2324 1076 2423 1117 alter
2445 1088 2557 1121 extra
2582 1090 2656 1123 est.

1420 1143 1519 1182 Post
1546 1142 1654 1182 hanc
1672 1141 1771 1181 urbs
1793 1141 1994 1182 Helorum
2013 1150 2053 1182 et
2074 1133 2657 1199 Pachynuspromontorium.

1420 1209 1525 1250 Inde
1544 1224 1567 1250 a
1589 1209 1783 1264 Pachyno
1805 1218 1942 1250 autem
1971 1210 2094 1251 urbes
2113 1225 2252 1264 graecae
2276 1221 2372 1253 sunt
2397 1227 2406 1253 :
2430 1215 2657 1267 Camarina,

1422 1277 1537 1327 Gela,
1560 1278 1847 1331 Agrigentum,
1876 1277 2059 1329 Selinus;
2085 1287 2175 1319 tum
2207 1280 2432 1335 Lilybaeum
2469 1297 2663 1338 promon-

1423 1348 1593 1389 torium.
1654 1349 1752 1388 Post
1789 1348 2019 1403 Lilybaeum
2055 1357 2116 1390 est
2149 1349 2249 1390 urbs
2289 1352 2432 1392 Graeca
2474 1355 2660 1406 Himera,

1425 1543 1520 1583 nico
1557 1541 1643 1598 (fr.
1667 1542 1752 1598 53)
1786 1544 1927 1583 statuit
1963 1545 2131 1599 Elymos
2153 1561 2204 1586 ex
2238 1547 2355 1588 Italia
2383 1548 2434 1588 ab
2468 1550 2665 1592 OEnotris

1423 1606 1562 1659 pulsos
1579 1606 1698 1646 tertia
1713 1615 1807 1646 ante
1830 1607 1983 1647 bellum
2003 1607 2232 1663 Trojanum
2267 1613 2526 1663 generatione
2547 1615 2588 1653 in
2607 1616 2666 1655 Si·

1425 1667 1560 1708 ciliam
1592 1669 1786 1721 migrasse
1821 1668 1833 1724 (
1859 1669 1922 1709 Cf.
1961 1670 2155 1725 Elymum
2181 1673 2492 1727 Tyrrhenorum
2527 1691 2664 1730 regem

1425 1744 1491 1785 ap.
1518 1731 1659 1785 Steph.
1685 1733 1782 1786 Byz.
1820 1746 1858 1771 v.
1883 1731 2004 1784 Λίάνη
2034 1742 2074 1774 et
2107 1733 2286 1789 Ἐλῐμεια
2305 1735 2344 1790 );
2373 1738 2501 1777 Troes
2528 1748 2664 1780 autem

1425 1801 1519 1846 post
1541 1794 1725 1833 excisum
1747 1794 1871 1834 Ilium
1898 1795 1980 1835 huc
2004 1798 2176 1837 venisse.
2199 1798 2333 1838 Urbes
2363 1800 2602 1854 Elymorum
2623 1804 2665 1843 in

1428 1857 1564 1896 Sicilia
1586 1857 1811 1898 laudantur
1834 1860 1962 1914 Eryx,
1988 1861 2146 1902 Entella
2160 1893 2171 1912 ,
2203 1863 2365 1916 Segesta
2388 1872 2429 1904 et
2447 1866 2565 1905 Asca.
2599 1866 2661 1906 Cf.

1428 1919 1603 1959 Clausen
1627 1923 1780 1960 AEneas
1812 1936 1852 1961 ec.
1878 1921 1944 1962 die
1969 1925 2148 1963 penaten
2167 1926 2202 1972 I,
2233 1939 2275 1979 p.
2312 1928 2410 1979 479,
2436 1934 2475 1966 et
2499 1928 2662 1968 Movers

1428 1981 1611 2022 Plzoeniz.
1632 1982 1815 2022 Alterth.
1836 1985 1891 2033 II,
1917 1998 1959 2038 p.
1987 1985 2065 2038 319
2084 2000 2173 2040 sqq.
2194 1989 2256 2027 De
2269 1988 2411 2028 Siculis
2434 1997 2473 2028 et
2495 1991 2662 2040 Sicanis,

1428 2044 1536 2085 inter
1558 2060 1661 2099 quos
1679 2044 1931 2100 distinguere
1950 2047 2082 2088 solent
2110 2048 2316 2098 historici,
2342 2064 2575 2104 quanquam
2592 2067 2666 2092 nec

1427 2107 1597 2147 nomine
1627 2123 1704 2147 nec
1738 2123 1885 2161 genere
1922 2108 2072 2150 diversi
2096 2119 2207 2161 sunt,
2235 2126 2273 2151 v.
2301 2113 2541 2153 Groteseud.
2571 2115 2661 2155 Alc.

1429 2172 1458 2209 I
1458 2170 1533 2210 tal.
1548 2172 1604 2220 ΙΙ,
1623 2185 1664 2224 p.
1683 2175 1721 2210 6.
1738 2173 1814 2221 IV,
1830 2186 1872 2226 p.
1890 2175 1930 2220 4.
1949 2175 2011 2213 De
2026 2173 2290 2214 Phoenicibus
2301 2176 2443 2215 Siciliae
2461 2177 2664 2219 uberrime

1428 2234 1597 2286 exponit
1618 2234 1798 2274 Movers.
1828 2234 1905 2275 l..l.
1935 2235 1949 2286 Η
1971 2259 2027 2265 -
2042 2235 2224 2287 Μεσσήνη
2243 2239 2256 2288 ]
2276 2238 2378 2287 Pal.;
2404 2239 2550 2291 Μεσίνη
2569 2243 2659 2281 Par.

1435 2294 1449 2345 Η
1473 2318 1530 2324 —-
1545 2294 1579 2334 N
1593 2294 1643 2342 άξ
1656 2311 1700 2342 ος
1717 2299 1730 2347 ]
1752 2297 1892 2336 Naxus
1911 2312 1978 2337 an.
2002 2299 2081 2345 403
2107 2313 2130 2337 a
2150 2299 2348 2353 Dionysio
2374 2309 2490 2354 capta
2508 2302 2664 2343 diruta-

1429 2370 1508 2409 que
1522 2372 1532 2405 ;
1545 2358 1652 2397 cives
1661 2372 1734 2411 per
1746 2359 1919 2398 insulam
1932 2359 2103 2413 dispersi
2117 2374 2225 2400 anno
2237 2360 2403 2401 demum
2415 2363 2492 2404 358
2504 2365 2544 2403 in
2558 2366 2665 2405 Tau-

1428 2420 1662 2458 romenium
1684 2420 1821 2474 paullo
1840 2420 1948 2461 infra
1968 2422 2073 2460 Naxi
2092 2421 2207 2461 urbis
2227 2422 2363 2462 locum
2384 2424 2664 2467 Andromachi

1428 2494 1553 2534 opera
1581 2481 1738 2521 collecti
1765 2491 1875 2525 sunt.
1899 2484 1954 2523 V.
1982 2482 2156 2523 Diodor.
2179 2485 2296 2534 XIV,
2331 2485 2394 2525 15.
2423 2488 2490 2540 87.
2512 2489 2561 2528 In
2583 2490 2665 2543 ple-

1428 2543 1543 2582 niore
1561 2544 1744 2598 Periplo,
1772 2559 1823 2585 ex
1858 2560 1942 2599 quo
1966 2547 2116 2586 Noster
2147 2551 2226 2587 sua*
2241 2549 2458 2602 excerpsit,
2476 2551 2596 2590 etiam
2614 2552 2665 2592 de

1430 2605 1547 2645 Naxo
1563 2638 1573 2654 ,
1596 2608 1783 2660 quamvis
1803 2616 1903 2647 tunc
1925 2607 2012 2661 jam
2029 2607 2180 2658 diruta,
2200 2623 2335 2649 sermo
2350 2610 2562 2651 institutus
2582 2613 2666 2653 sue-

1426 2670 1496 2710 rit.
1516 2672 1624 2710 Hinc
1647 2672 1808 2712 nudum
1829 2687 1981 2712 nomen
2006 2682 2221 2728 excerptor
2235 2676 2469 2716 assumsisse
2484 2678 2577 2717 satis
2596 2679 2666 2719 ha-

1428 2731 1531 2772 buit.
1551 2734 1744 2774 Similiter
1759 2734 1811 2775 de
1831 2735 1918 2775 aliis
1933 2735 2047 2784 locis,
2073 2737 2142 2790 qui
2161 2735 2344 2790 ejusdem
2362 2740 2521 2791 generis
2542 2742 2666 2795 negli-

1429 2797 1605 2848 gentiam
1616 2805 1831 2847 testantur,
1844 2797 2111 2838 statuendum
2119 2807 2192 2838 est.
2218 2800 2232 2852 Η
2249 2824 2305 2830 —
2316 2801 2407 2839 Ταυ
2418 2817 2437 2856 ρ
2447 2817 2467 2841 o
2479 2804 2558 2857 μέν
2572 2820 2609 2844 ιο
2620 2806 2661 2860 ν]

1428 2859 1550 2900 Initia
1564 2861 1834 2901 Tauromenii
1848 2861 1900 2901 ad
1914 2861 1978 2901 Ol.
1994 2865 2063 2914 96,
2087 2875 2122 2901 1.
2142 2862 2221 2914 394
2237 2864 2446 2916 pertinent
2465 2864 2661 2920 (Diodor.

1428 2922 1546 2972 XIV,
1563 2922 1630 2976 59,
1647 2937 1671 2963 2
1690 2922 1703 2979 )
1720 2939 1730 2973 ;
1747 2932 1865 2964 aucta
1880 2923 1980 2963 urbs
1995 2932 2055 2963 est
2072 2926 2325 2977 congregatis
2342 2926 2383 2966 in
2396 2941 2485 2967 eam
2501 2930 2662 2980 Naxus,

1429 2985 1494 3025 Ol.
1526 2986 1619 3035 105,
1653 2987 1691 3026 3.
1724 2986 1803 3027 358
1838 2985 2046 3041 (Diodor.
2076 2987 2194 3036 XVI,
2234 3002 2274 3041 7,
2306 3002 2323 3027 1
2348 2988 2378 3043 ).
2410 2989 2424 3040 Η
2443 3014 2499 3022 ——-
2538 3008 2559 3031 κ
2574 2993 2665 3032 ατὰ

1429 3048 1493 3099 Τη
1508 3064 1527 3102 ρ
1544 3049 1616 3088 ίαν
1640 3051 1654 3101 ]
1678 3048 1775 3089 κατὰ
1798 3047 1867 3099 τὴν
1887 3049 1967 3103 ῥίαν
1993 3048 2135 3098 codd.;
2155 3049 2388 3091 emendavit
2404 3052 2599 3094 Cluverus
2615 3070 2665 3096 ex

1428 3111 1560 3151 Thuc.
1585 3113 1661 3162 VI,
1689 3111 1756 3161 50,
1783 3112 1821 3151 3.
1846 3115 1916 3164 94,
1956 3125 2005 3162 2;
2032 3110 2207 3151 Diodor.
2235 3113 2351 3152 XIV.
2381 3113 2444 3163 14,
2478 3116 2522 3164 3;
2555 3117 2659 3157 Plin-

1428 3175 1505 3223 III,
1539 3177 1601 3222 14.
1627 3176 1641 3227 Η
1658 3199 1714 3205 —
1730 3173 1766 3214 κ’
1791 3174 2009 3214 σταδίων
2030 3176 2043 3226 ]
2068 3173 2109 3228 μ’
2126 3174 2201 3226 legi
2231 3174 2360 3215 voluit
2382 3176 2542 3216 Cluver.
2574 3178 2588 3228 Η
2608 3204 2664 3210 —-

1429 3236 1491 3275 Σύ
1507 3238 1649 3291 μαιθο
1664 3253 1679 3284 ς
1713 3240 1726 3289 ]
1761 3237 1928 3277 Fluvius
1949 3238 2033 3276 exit
2055 3237 2161 3276 inter
2194 3237 2355 3276 Catanae
2377 3246 2416 3277 et
2440 3240 2662 3282 Leontino-

1430 3314 1524 3339 rum
1547 3299 1750 3349 ditiones,
1777 3314 1877 3353 quas
1910 3293 2223 3338 disterminabat
2257 3298 2422 3353 (Thuc.
2455 3303 2531 3351 VI,
2559 3304 2607 3343 (55
2628 3304 2658 3359 ).

1429 3363 1560 3415 Igitur
1578 3361 1682 3402 ordo
1705 3361 2000 3415 geographicus
2020 3361 2242 3413 neglectus.
2266 3363 2328 3401 De
2357 3364 2526 3403 nomine
2550 3365 2663 3416 fluvii

1430 3424 1483 3464 cf.
1499 3426 1678 3464 Movers.
1696 3438 1739 3478 p.
1763 3425 1857 3472 341.
1880 3427 1894 3478 Η
1910 3448 1966 3454 -
1982 3423 2013 3462 Ξ
2026 3425 2136 3477 ιφών
2149 3439 2165 3463 ε
2179 3438 2221 3462 ιο
2235 3426 2273 3475 ς]
2290 3424 2498 3479 Ξιφωνεῖος
2514 3427 2656 3468 codex.

1430 3487 1575 3527 Strabo
1590 3488 1666 3536 VI,
1691 3500 1732 3540 p.
1770 3490 1849 3540 267
1872 3494 2074 3526 memorat
2099 3485 2143 3525 τὸ
2184 3489 2251 3537 τῆς
2281 3485 2468 3542 Ξιφωνίας
2489 3488 2661 3544 ἀκρωτή-

1430 3564 1510 3604 ριον
1538 3549 1550 3604 (
1575 3552 1680 3604 Capo
1699 3548 1806 3588 della
1821 3552 1861 3588 S.
1886 3551 2000 3588 Croce
2020 3547 2050 3604 ).
2078 3548 2236 3588 Urbem
2259 3548 2451 3604 Ξιφωνίαν
2472 3553 2660 3592 novimus

1430 3627 1477 3651 ex
1497 3612 1757 3665 Theopompi
1794 3610 1845 3650 sr.
1874 3624 1955 3665 207
1977 3619 2017 3651 et
2036 3610 2397 3662 Diodor.*XXIII,
2423 3616 2463 3661 4.
2490 3615 2659 3654 Portum

1431 3675 1598 3713 sortasse
1612 3673 1737 3713 habes
1752 3674 1793 3713 in
1814 3674 2019 3728 Hesychio
2036 3686 2045 3713 :
2062 3673 2217 3728 Ξιφίρου
2237 3672 2503 3730 (Ξιφωνίουῗ)
2524 3675 2654 3729 λιμήν.

1429 3735 1619 3789 Αἰσχύλος
1651 3735 1811 3791 Γλαυκῷ
1843 3735 2024 3776 Ποτνιεῖ·
2059 3753 2075 3773 ιι
2121 3734 2165 3775 Ὁ
2191 3736 2360 3791 πορθμὸς
2381 3736 2441 3756 ***
2474 3754 2490 3773 υ
2533 3738 2658 3777 Ταῦτα

1428 3798 1502 3853 γὰρ
1515 3799 1639 3839 πάντα
1664 3797 1756 3853 (τὰ)
1779 3799 1864 3853 περὶ
1881 3797 2054 3854 Ῥήγιον.
2086 3798 2242 3853 Ὠρίων.
2266 3802 2280 3853 Η
2305 3824 2360 3830 —
2378 3800 2442 3839 Με
2456 3815 2479 3853 γ
2495 3815 2516 3838 α
2529 3816 2547 3853 ρ
2562 3802 2599 3839 ίό
2613 3794 2658 3848 ος

1429 3861 1573 3908 πόλις
1595 3861 1733 3913 ]πόλις
1748 3861 1919 3916 Μεγαρὶς
1941 3861 2052 3910 cod.;
2079 3876 2158 3901 em.
2180 3862 2360 3910 Cluvcr.;
2379 3861 2487 3907 πόλις
2507 3863 2654 3915 μεγάλη

1429 3922 1536 3976 conj.
1554 3923 1803 3963 Gronovius.
1821 3925 1836 3976 Η
1849 3947 1904 3953 -
1920 3923 1940 3962 ὁ
1966 3923 2018 3963 ἔτ
2030 3938 2045 3962 ε
2060 3938 2135 3976 ρος
2160 3922 2268 3962 ἐντὶ)
2280 3925 2326 3973 ς]
2347 3923 2424 3961 Hic
2439 3930 2497 3960 est
2510 3932 2653 3976 portus

1429 3999 1622 4038 magnus,
1655 3986 1760 4024 inter
1781 3986 1991 4039 Ortygiam
2011 3993 2050 4024 et
2066 3984 2358 4037 Plemmyrium
2381 3997 2535 4036 prom.;
2558 3985 2658 4025 alter

1428 4048 1609 4088 exterior
1630 4061 1780 4101 parvus
1806 4055 1880 4095 cst,
1907 4047 1990 4088 sive
2022 4045 2206 4085 Laccius.
2234 4044 2295 4084 Cs.
2320 4044 2473 4087 Giisser.
2498 4047 2560 4087 Dc
2575 4048 2657 4088 situ
