2782 4348
147 171 205 212 02
1018 160 1309 210 chLActs
1340 160 1592 211 CARYAR
1599 163 1811 212 mmsis

142 265 209 318 νὸς
228 265 415 326 ποταμὸς
439 222 732 328 καθΧιρόὸιος
752 263 954 324 ποταμὸς,
976 262 1142 325 Χόρσος
1170 261 1374 326 ποταμὸς,

141 333 277 396 Ἄριος
307 334 517 395 ποταμὸς,
547 337 687 386 Φᾶσις
708 332 894 394 ποταμὸς
923 330 996 379 καὶ
1018 332 1159 384 Φᾶσις
1179 330 1376 391 Ἑλληνὶς

141 404 283 461 πόλις,
302 403 372 450 καὶ
395 402 602 455 ἀνάπλους
628 401 707 448 ἀνὰ
731 401 802 447 τὸν
823 399 1012 461 ποταμὸν
1024 399 1205 447 σταδίων
1220 401 1306 465 ρκ’,
1320 402 1382 457 εἷς

141 475 260 519 πόλιν
277 472 469 535 (μέλην)
491 472 675 532 μεγάλην
704 469 931 532 βᾶρὸαρον,
953 467 1044 516 ὅθεν
1066 473 1095 526 ἡ
1113 469 1284 527 Μήδεια
1302 463 1376 529 ἦν·

141 542 316 589 ἐνταῦθά
345 540 429 587 ἔστι
462 540 549 592 Ῥὶς
574 546 787 599 ποταμός·
811 536 918 591 Ἶσις
946 538 1161 602 ποταμὸς,
1196 542 1375 603 Λῃστῢν

139 610 521 671 ποταμὸς,Ἄψαρος
541 606 743 666 ποταμός.

139 745 252 785 riana
263 773 275 793 ,
299 741 370 782 ubi
392 743 541 795 Qranes
558 741 708 781 fluvius
730 740 893 783 medius
911 742 1084 799 ponitur
1100 743 1210 785 inter
1223 743 1379 784 ‘rausu-

138 819 225 846 ram
262 811 303 844 et
330 804 563 857 Singamem
596 802 760 853 fluvios,
788 817 894 859 quos
926 818 979 846 ex
1017 805 1184 847 Arriani
1214 804 1379 860 Periplo

136 868 342 908 novimus.
369 867 513 920 Itaque
541 863 707 906 deloco
732 865 886 922 Cyanei
913 866 1014 908 fluv.
1051 865 1259 907 dubitatio
1286 880 1375 908 oese

137 930 301 984 nequit;
315 936 508 984 patetque
521 942 678 970 errasse
695 929 961 985 Kiepertum,
978 930 1051 984 qui
1066 930 1260 985 Gyenum
1279 930 1378 985 Scy-

135 991 230 1032 lacis
251 990 431 1032 eundem
452 1004 541 1032 esse
556 991 718 1032 censuit
733 1005 831 1033 cum
845 990 1068 1048 Astelepho
1090 992 1268 1034 Arriani.
1290 991 1307 1043 ΙΙ
1321 1015 1379 1024 -

134 1054 164 1094 Χ
179 1054 422 1108 spissum„
456 1052 696 1109 Χόρσος..,
745 1052 935 1110 Ἀριος]
954 1053 1080 1111 Apud
1099 1054 1323 1096 Arrianum
1338 1062 1379 1095 et

134 1117 177 1156 iu
208 1115 313 1158 Tab.
349 1115 540 1171 Peuting.
575 1128 708 1171 usque
736 1114 790 1157 ad
824 1115 992 1157 Phasim
1025 1123 1108 1157 troe
1144 1123 1377 1172 sequuntur

135 1179 250 1220 ssuvii
273 1192 283 1220 ε
306 1179 517 1234 Singames
536 1176 773 1236 (Sicanabis
802 1181 850 1220 T.
872 1180 994 1219 Peut.
1014 1178 1048 1235 ),
1069 1177 1254 1229 Chobus,
1272 1179 1379 1221 Cha-

134 1243 229 1283 rieis
248 1241 261 1298 (
282 1242 473 1283 Cariente
500 1244 549 1283 T.
571 1244 621 1283 P.
642 1241 742 1298 ).1n
763 1242 923 1297 mappis
944 1250 1082 1283 autem
1096 1242 1378 1297 Kiepertianis

133 1305 242 1346 iuter
276 1305 510 1359 Singamem
541 1312 583 1345 et
614 1303 808 1346 Chobum
837 1311 1032 1358 quartum
1067 1312 1235 1345 notatur
1264 1305 1378 1345 fluvii

134 1367 303 1417 ostium,
331 1366 404 1422 qui
427 1367 470 1407 in
496 1363 802 1407 mediterraneo
825 1373 958 1406 tractu
973 1379 997 1406 a
1015 1366 1206 1420 Singame
1221 1366 1378 1408 divelli-

134 1435 216 1469 tur.
254 1427 410 1469 Plinius
444 1441 543 1468 vero
567 1428 645 1477 VI,
679 1430 702 1477 4
731 1428 839 1468 inter
865 1427 1100 1481 Singamem
1122 1435 1163 1468 et
1184 1427 1377 1470 Chobum

135 1498 337 1531 memorat
356 1490 513 1532 Rhoam
549 1489 591 1530 ss.
621 1490 747 1531 Hunc
777 1503 864 1529 oese
899 1488 1134 1530 chembium
1158 1489 1335 1546 Scylacis
1356 1505 1379 1532 e

135 1554 354 1595 nominum
386 1551 657 1594 similitudine
693 1551 854 1606 colligo.
879 1551 1025 1607 Χόρσος
1045 1560 1185 1608 aperte
1212 1561 1276 1595 est
1295 1554 1380 1595 Χῶ-

136 1615 202 1662 Θος
232 1614 420 1665 Arriani,
447 1614 577 1656 Cobus
603 1614 726 1657 Plinii
748 1623 805 1664 et,
828 1623 877 1656 ut
896 1613 1075 1666 videtur,
1109 1614 1283 1657 Cohibus
1299 1617 1380 1658 Ta·

134 1678 205 1734 citi
232 1677 275 1717 in
297 1678 406 1719 Hist.
429 1678 509 1728 111,
530 1679 599 1726 48.
633 1677 849 1731 Quidnam
867 1677 1013 1734 Scylax
1027 1678 1252 1734 scripserit,
1268 1678 1379 1721 diffi-

135 1739 211 1781 cile
232 1738 361 1781 dictu.
382 1739 505 1795 Ἀριος
525 1754 678 1781 nomen
703 1741 801 1781 item
820 1749 1064 1796 corruptum
1081 1755 1170 1782 esse
1197 1740 1374 1784 videtur.

136 1803 316 1843 Arriano
352 1810 414 1843 αἱ
443 1801 606 1857 Χαριείς,
633 1802 768 1844 Plinio
800 1802 995 1851 Chat-iera,
1024 1802 1246 1844 Ptolemaeo
1267 1803 1381 1859 Χαρί-

133 1877 230 1912 στος.
252 1867 345 1917 11·-
378 1862 448 1912 εἰς
479 1864 632 1906 πόλιν
682 1864 842 1920 μάλην
878 1865 1135 1921 μεγάλην]
1177 1865 1306 1921 μάλην
1327 1882 1377 1908 ex

136 1925 415 1983 dittographia
437 1928 549 1969 vocis
590 1928 767 1983 μεγάλην
803 1936 959 1969 ortum.
991 1928 1033 1970 Si
1064 1928 1211 1970 urbem
1232 1938 1379 1972 auctor

137 1990 406 2040 nominasset,
437 1988 662 2031 dicendum
695 1998 782 2032 erat
816 1990 867 2039 εἰς
888 1990 1002 2032 πόλιν
1034 1991 1210 2047 μεγάλην
1234 1992 1377 2045 Μάλην

136 2051 199 2094 vel
222 2050 273 2100 εἰς
295 2051 438 2105 Μάλην
466 2052 559 2095 πόλ.
594 2068 683 2109 μεγ.
706 2055 767 2095 Ac
797 2054 972 2095 omnino
990 2054 1162 2095 nomina
1180 2054 1376 2096 barbaro·

135 2129 229 2158 rum
249 2114 503 2172 oppidorum
531 2116 575 2157 in
597 2118 733 2158 Ponto
757 2131 842 2158 non
865 2117 1038 2173 apponit
1057 2116 1218 2172 Scylax.
1240 2119 1378 2160 Patria

133 2178 292 2220 Medeae
299 2191 431 2234 quum
441 2178 553 2220 AEaea
562 2178 729 2221 siveAEa
740 2178 804 2220 vel
811 2180 949 2235 Cytaea
955 2179 1238 2235 perhibeatur,
1249 2180 1377 2223 hocce

135 2255 289 2283 nomen
311 2241 482 2282 Vossius
503 2241 664 2283 restitui
687 2241 832 2291 voluit,
862 2241 965 2283 illud
992 2256 1091 2283 vero
1119 2243 1374 2295 Gronovius,

133 2304 177 2345 in
194 2302 372 2344 MAARN
388 2302 513 2345 latere
533 2312 684 2359 putans
706 2303 897 2345 AIAIAN.
919 2306 983 2346 De
1003 2304 1078 2347 AEa
1099 2304 1203 2346 urbe
1220 2305 1377 2348 Plinius

132 2367 211 2416 vl,
233 2369 257 2415 4
278 2379 289 2407 :
314 2365 503 2409 MaxIme
528 2376 666 2408 autem
698 2366 897 2409 inclaruit
915 2371 999 2409 AEa
1021 2370 1109 2409 XV
1126 2368 1232 2410 mill.
1251 2384 1373 2426 pass.

133 2443 159 2468 a
182 2427 306 2477 mari,
340 2427 413 2469 ubi
431 2427 603 2485 Hippus
635 2438 676 2470 et
706 2431 885 2484 Cyaneas
912 2429 1030 2471 vasti
1057 2444 1196 2471 amnes
1216 2430 1259 2472 in
1287 2447 1377 2474 eum

136 2492 148 2546 (
170 2491 321 2532 Phasin
344 2490 358 2547 )
385 2491 611 2545 confluunt.
638 2491 872 2547 Stephanus
898 2505 907 2532 ε
930 2490 1023 2543 Αἶα,
1055 2492 1167 2541 πόλις
1186 2494 1374 2550 Κόλχων,

133 2554 276 2608 κτίτμαι
297 2552 455 2605 Αἰήτου,
490 2553 686 2607 Θαλάσσης
708 2552 907 2609 ἀπέχουσα
926 2556 1063 2596 στάδια
1094 2557 1253 2611 τριακό
1270 2573 1374 2610 σια,

132 2617 180 2668 ἣν
204 2617 439 2670 περιρρέωσι
457 2615 526 2657 δύο
549 2616 746 2672 ποταμοὶ,
772 2616 910 2666 Ἵππος
929 2617 994 2659 καὶ
1018 2618 1197 2670 Κυάνεος,
1219 2624 1376 2662 ποιοῦν-

132 2692 192 2726 τες
229 2677 346 2729 αὗτὴν
377 2679 632 2734 χερρόνησον.
671 2679 809 2721 schol.
845 2680 982 2736 Apoll.
1018 2681 1098 2722 Rh.
1127 2682 1204 2732 III,
1243 2685 1345 2738 1073
1364 2697 1373 2725 z

132 2740 262 2793 Νῆσος
285 2740 323 2782 ἐν
339 2746 395 2798 τῷ
414 2741 559 2782 (banael
574 2742 675 2784 ἐστιν
694 2741 719 2794 ἡ
735 2741 900 2784 Almia...
926 2742 1027 2796 Αὕτη
1047 2745 1088 2785 ’δέ
1104 2742 1184 2785 ἔστι
1208 2745 1376 2801 Κόλχων

135 2803 384 2860 μητρόπολις.
406 2803 472 2846 Cf.
491 2803 602 2846 idem
620 2820 660 2846 v.
684 2805 771 2855 Δία,
791 2805 864 2847 ubi
879 2806 1021 2863 Steph.
1044 2806 1087 2847 in
1109 2806 1217 2848 libro
1235 2823 1379 2850 corru-

132 2875 206 2924 pto
226 2867 385 2908 invenit
398 2867 473 2907 Δῖα
499 2881 577 2923 pro
595 2865 697 2916 Αἴας
716 2869 992 2910 Mimnermus
1011 2882 1078 2924 ap.
1113 2870 1305 2912 Strabon.
1339 2874 1374 2922 1,

133 2945 175 2987 p.
202 2933 271 2984 47.
298 2930 350 2979 45
371 2937 412 2971 et
429 2930 507 2979 XI,
543 2932 641 2984 498.
670 2930 772 2980 500;
796 2931 902 2971 Mela
918 2933 954 2982 Ι,
988 2944 1064 2985 19;
1090 2932 1220 2974 schol.
1247 2935 1371 2975 Arist.

133 2991 317 3035 Achai-n.
348 2992 830 3046 733;schol.'1'heocrit.
858 2994 976 3044 XIII,
1002 2994 1070 3034 23.
1098 2996 1159 3035 De
1183 2996 1378 3051 Hippot-t

131 3054 299 3110 Cyanen
326 3054 464 3096 fluviis
492 3055 565 3111 qui
600 3069 685 3096 non
709 3055 751 3096 in
782 3055 1000 3097 Phasidem
1025 3056 1213 3098 incidunt
1242 3058 1375 3101 sedin

134 3132 248 3160 mare
282 3116 571 3173 egretliuntur,
606 3118 750 3160 monui
785 3132 924 3174 supra.
957 3122 1098 3172 Quare
1134 3120 1376 3163 Ptolemaeus

136 3179 333 3238 AEapolin
353 3194 439 3222 non
461 3178 513 3221 ad
529 3179 748 3222 Phasidem
763 3180 951 3232 collocat,
973 3180 1045 3222 sed
1065 3180 1171 3223 infra
1184 3183 1282 3224 istos
1301 3184 1376 3225 ssu-

133 3244 235 3284 vios.
260 3241 342 3285 Alii
364 3242 568 3299 putabant
595 3242 712 3285 AEam
740 3252 856 3284 vetus
886 3243 1009 3285 fuisse
1028 3258 1180 3286 nomen
1201 3245 1375 3287 Dioscu-

133 3305 259 3347 riadis
275 3304 417 3360 urbis(
433 3306 492 3348 St.
514 3307 612 3361 Byz.
627 3320 666 3348 v.
681 3305 925 3362 Διοσκουριάς
936 3305 968 3364 ).
986 3308 1211 3349 Evanuisse
1227 3308 1373 3351 urbem

133 3367 290 3409 Plinius
317 3369 473 3411 narrat.
503 3368 629 3411 Mitto
651 3368 807 3425 reliqua
836 3383 930 3426 quae
955 3369 1063 3411 trahi
1094 3370 1177 3412 hue
1207 3380 1375 3427 possent

133 3438 317 3471 veterum
334 3432 584 3483 testimonia,
601 3446 781 3488 quorum
798 3433 961 3489 potiora
974 3432 1102 3475 habes
1119 3432 1230 3490 apud
1243 3432 1375 3475 Ulter-

134 3499 222 3533 tum
246 3494 323 3543 111,
348 3506 391 3545 αι,
408 3508 452 3550 p.
476 3495 557 3536 512
576 3509 668 3551 sqq.
690 3497 824 3537 Nemo
841 3496 940 3538 hinc
962 3511 1047 3539 non
1065 3496 1230 3551 colligat
1247 3497 1375 3553 pluri·

127 3567 201 3597 <ma
222 3569 313 3611 quae
334 3556 388 3597 de
408 3557 482 3599 AEa
515 3558 619 3600 urbe
643 3568 879 3611 narrantur,
904 3568 1122 3616 poetarum
1155 3560 1296 3603 deberi
1329 3561 1375 3603 li-

133 3618 294 3660 oentiae.
316 3621 531 3671 Quatenus
564 3630 700 3662 autem
724 3623 863 3664 subest
900 3625 1100 3666 memoria
1127 3624 1257 3675 urbis,
1282 3638 1375 3681 quae

132 3694 277 3723 revera
301 3683 473 3732 exstitit,
500 3682 574 3724 AEa
603 3699 687 3725 non
706 3693 766 3726 est
781 3685 942 3727 diversa
972 3686 1024 3727 ab
1053 3687 1156 3728 urbe
1188 3686 1288 3741 Κῦτη
1313 3687 1374 3730 vel

133 3742 237 3786 Κῦτα
259 3742 322 3786 vel
342 3743 502 3796 Κῦταια,
526 3759 618 3801 quae
643 3749 811 3788 nomina
827 3749 912 3789 sive
930 3747 983 3789 ‹le
1006 3749 1108 3790 urhe
1130 3750 1215 3791 sive
1236 3749 1289 3792 de
1311 3765 1374 3792 re·

132 3807 271 3862 gione,
280 3806 437 3849 Medeae
447 3809 595 3864 patria,
605 3810 714 3865 apud
725 3818 864 3865 poetas
872 3811 1130 3853 celebrantur
1141 3814 1211 3868 (V.
1225 3815 1261 3854 U
1266 3813 1370 3855 kert.

131 3870 211 3922 111,
233 3883 276 3920 α,
297 3884 340 3927 p.
373 3870 452 3913 513
474 3871 508 3928 ).
573 3872 787 3914 tiamnunc
807 3887 891 3915 non
929 3874 1048 3929 longe
1066 3890 1089 3917 a
1109 3875 1284 3918 Phaside
1303 3875 1374 3918 ha-

133 3932 279 3975 hemus
308 3932 462 3975 Kumis
496 3948 544 3975 ve
591 3934 783 3977 Kchieais
816 3935 978 3987 urbem,
1002 3946 1125 3993 caput
1152 3938 1374 3993 provinciae

137 3995 301 4038 Imiren'
322 3995 337 4053 (
359 4011 397 4038 v.
430 3996 591 4039 Gamba
607 3999 770 4054 Vaepwge
793 3997 898 4040 dans
921 3999 963 4040 Ia
988 3999 1131 4042 Russie
1154 3999 1369 4042 node-idion.

2586 169 2682 247 (tp-l

1443 272 1576 331 anst)
1598 273 1766 324 fluvius,
1787 281 1829 315 et
1842 272 2074 315 Chembius
2096 273 2263 325 fluvius,
2283 274 2469 316 Chorsus
2486 274 2683 341 (dnobus)

2773 238 2782 341 s³j

1444 341 1613 395 fluvius,
1651 342 1777 385 Arius
1801 340 2046 398 (Charieis)
2078 341 2244 394 fluvius,
2279 342 2421 385 Phasis
2442 343 2608 397 tluvius,
2641 355 2706 390 et.
2780 345 2782 356 ¹

1442 409 1587 455 Phasis
1609 410 1711 453 urbs
1729 411 1890 462 (ἐι-ται,
1921 418 1963 452 et
1990 411 2197 467 navigatio
2222 411 2451 454 secundum
2473 412 2587 455 hune
2607 414 2707 465 ίΙιι.ἶ
2735 408 2782 496 (ἐξ

1446 478 1563 522 vium
1575 477 1806 522 stadiorum
1823 487 1885 520 est
1912 481 2006 531 180,
2026 478 2080 521 ad
2098 480 2305 522 civitatem
2324 495 2515 535 magnam
2538 482 2687 526 barba·

1444 561 1553 600 nm,
1575 546 1789 591 undamn
1805 546 1975 598 Mede„
1999 547 2057 589 ihi
2078 556 2141 589 est
2157 548 2257 590 mss
2273 549 2443 591 numen.
2471 550 2626 592 Deinde
2645 550 2690 593 s.
2711 538 2737 582 *f
2748 550 2754 589 ς

1444 630 1519 657 om
1532 625 1760 673 sequuntur
1768 616 1844 657 Isis
1852 615 2016 667 fluvius,
2032 617 2262 658 tatronum
2272 617 2421 659 fluvius
2434 627 2474 660 et
2488 622 2684 675 Apsarus.
2737 631 2758 675 ‘j

1447 744 1485 792 1,
1498 756 1543 800 p.
1571 744 1649 785 168
1666 742 1707 799 );
1726 743 1950 785 Justiniani
1965 743 2221 800 temporibus
2238 745 2446 787 castellum
2464 745 2556 795 suit,
2573 746 2687 803 quod
2751 726 2754 727 ⁷

1446 805 1675 861 Procopius
1690 806 1738 845 B.
1755 805 1810 846 G.
1829 806 1907 855 IV,
1934 808 1999 856 14,
2019 819 2063 861 p.
2084 806 2162 848 535
2178 806 2246 848 ed.
2267 809 2402 849 Bonn.
2423 808 2687 859 Κουτατίσιον,

1449 867 1644 922 Agathins
1658 868 1736 917 ΙΙΙ,
1768 881 1811 921 7,
1835 881 1879 922 p.
1905 867 1983 909 150
2006 868 2209 911 Κοταίσιον
2231 880 2394 913 vocant.
2428 873 2589 913 Nomen
2610 872 2691 914 hoc

1448 937 1693 985 corruptum
1709 942 1797 970 esse
1811 942 1863 970 ex
1879 928 2070 970 Κοτυάΐον
2089 932 2316 988 Procopius
2329 933 2440 990 apud
2464 935 2689 976 Arrianum

1451 991 1737 1047 (historicum,
1753 990 1931 1046 Dexippi
1948 990 2032 1032 sere
2045 992 2259 1047 aequalem,
2270 993 2324 1036 de
2334 995 2419 1051 <juo
2429 1010 2468 1038 v.
2487 998 2519 1038 F
2521 1011 2557 1037 r.
2580 998 2687 1038 Hist.

1447 1056 1526 1105 111,
1550 1068 1593 1110 p.
1616 1053 1714 1108 673,
1744 1051 1823 1095 12?
1842 1052 1857 1109 )
1881 1052 2054 1107 legerat3
2077 1053 2201 1110 ἕτεροι
2226 1054 2295 1106 δὲ,
2311 1055 2444 1109 addit,
2463 1058 2556 1113 φασὶ
2575 1058 2689 1100 πόλιν

1447 1131 1489 1157 τε
1508 1115 1712 1172 γεγονέναι
1735 1114 1774 1157 ἐν
1808 1115 1891 1163 τοῖς
1908 1114 1990 1155 ἄνω
2008 1115 2163 1171 χρόνοις
2190 1115 2236 1157 τὸ
2269 1117 2416 1173 χωρίον
2438 1119 2504 1160 καὶ
2524 1119 2690 1162 Κύταιαν

1448 1177 1672 1219 καλεῖσθαι·
1694 1176 1844 1219 ἐνθένδε
1869 1176 1937 1219 τὸν
1957 1175 2102 1230 Αἰήτην
2116 1178 2320 1233 ὡρμῆσθαι
2341 1179 2429 1221 κτλ.
2450 1181 2561 1223 Situs
2575 1182 2692 1226 locus

1448 1255 1528 1282 sec.
1548 1241 1799 1296 Procopium
1813 1239 1866 1281 ad
1885 1239 2102 1281 Rheontem
2114 1241 2303 1292 fluvium,
2318 1243 2390 1297 qui
2410 1242 2453 1284 in
2472 1242 2691 1288 Phasidem
2760 1282 2766 1289 .

1448 1317 1491 1344 se
1519 1301 1718 1359 conjicit(
1740 1317 1779 1343 v.
1811 1303 1988 1358 Procop.
2024 1304 2100 1354 IV,
2131 1303 2196 1354 13,
2225 1318 2268 1359 p.
2306 1304 2385 1354 524
2409 1306 2442 1359 ),
2466 1313 2507 1347 et
2526 1305 2579 1347 de
2607 1321 2695 1363 quo

1448 1380 1562 1407 nunc
1588 1367 1675 1423 ipse
1703 1365 1846 1407 Phasis
1879 1359 2049 1406 vocatut'·
2079 1366 2217 1408 Rioni.
2239 1366 2311 1407 Ille
2348 1366 2483 1409 Rheon
2522 1368 2688 1420 fluvius,

1449 1430 1527 1471 nisi
1544 1430 1706 1484 egregie
1727 1428 1861 1479 fallor,
1885 1427 1996 1470 idem
2022 1437 2085 1470 est
2110 1444 2235 1485 quem
2264 1430 2422 1472 Plinius
2437 1431 2465 1472 l.
2485 1431 2512 1472 l.
2544 1433 2690 1475 Sur-ion

1447 1491 1564 1543 dicit,
1599 1491 1746 1533 eodem
1770 1492 1939 1533 nomine
1965 1492 2090 1533 etiam
2117 1492 2264 1533 urbem
2291 1491 2547 1548 adjacentem
2582 1495 2690 1537 desi·

1447 1569 1577 1611 gnans
1597 1568 1606 1596 :
1629 1557 1751 1596 Nunc
1769 1555 1783 1611 (
1806 1554 1979 1609 Phasis)
1999 1554 2120 1596 habet
2133 1555 2297 1596 Surium
2317 1564 2479 1597 tantum
2497 1566 2536 1598 ct
2555 1558 2690 1615 ipsum

1446 1619 1500 1659 ab
1521 1633 1639 1659 amne
1673 1617 1864 1672 influente
1904 1617 2056 1674 (cujus
2092 1619 2280 1659 meminit
2316 1619 2440 1660 etiam
2473 1621 2529 1671 11,
2570 1622 2645 1663 103
2673 1621 2687 1678 )

1448 1680 1793 1734 cognominatum,
1819 1694 1944 1736 usque
1955 1694 2035 1737 quo
2054 1694 2295 1733 magnarum
2310 1680 2481 1722 navium
2499 1696 2692 1739 capacem

1447 1757 1532 1784 esse
1549 1742 1751 1785 dia-imus.
1775 1743 1946 1784 Dixerat
1962 1742 2119 1785 Plinius
2134 1744 2316 1798 navigari
2333 1743 2485 1785 Phasin
2502 1745 2555 1786 38
2587 1746 2688 1788 mill.

1446 1819 1554 1861 pasS.
1579 1807 1666 1846 sive
1693 1806 1773 1855 304
1797 1803 1954 1856 stadiis,
1989 1805 2102 1861 quod
2133 1805 2252 1862 plane
2278 1807 2461 1847 concinit
2493 1821 2589 1849 cum
2610 1808 2696 1852 300

1447 1867 1605 1919 stadiis,
1639 1867 1791 1924 quibus
1827 1868 1943 1909 AEam
1973 1868 2026 1909 ab
2059 1883 2132 1910 ora
2162 1869 2369 1910 maritima
2390 1868 2543 1911 distare
2566 1870 2693 1914 refert

1446 1931 1576 1974 schol.
1604 1931 1839 1988 Apollonii3
1877 1931 2039 1986 longius
2063 1932 2213 1974 absunt
2236 1932 2368 1974 stadia
2410 1935 2488 1975 180
2515 1934 2691 1990 Scylacis
2781 1965 2782 1968 ,

1447 1995 1592 2036 nostri.
1618 1994 1699 2037 Sed
1721 1994 1991 2036 nihilominus
2017 1995 2153 2037 nullus
2175 1995 2323 2037 dubito
2351 1997 2453 2051 quin
2488 2004 2529 2038 et
2550 1998 2691 2039 Sue-ios

1450 2056 1662 2114 (su-riou,
1688 2057 2020 2099 fluvius-Rhion?
2043 2058 2058 2115 )
2092 2058 2214 2100 Plinii
2246 2059 2300 2100 sit
2329 2056 2431 2107 ‘1²15
2459 2058 2686 2116 Scylaceus.

1445 2121 1552 2162 Nam
1567 2120 1631 2163 vel
1650 2120 1874 2162 verborum
1895 2128 2017 2163 tenor
2034 2120 2178 2163 suadet
2200 2121 2374 2163 fluvium
2391 2121 2507 2163 illum
2526 2121 2584 2164 ibi
2602 2137 2692 2164 esse

1446 2182 1522 2224 ubi
1537 2182 1696 2225 Medeae
1714 2182 1815 2225 urbs
1836 2182 1890 2224 ad
1917 2183 2137 2225 Phasidem
2156 2192 2259 2226 erat.
2294 2184 2367 2226 Sin
2401 2183 2575 2226 fluvium
2597 2194 2691 2241 post

1446 2246 1666 2289 Phasidem
1687 2246 1733 2288 in
1754 2260 1868 2288 mare
1885 2254 2106 2288 exeuntem
2123 2246 2354 2302 significare
2367 2254 2513 2290 auctor
2539 2247 2691 2290 voluis·

1446 2318 1524 2360 set,
1548 2323 1627 2365 pro
1649 2308 1814 2351 ἐνταῦθα
1832 2308 2060 2351 dicendum
2082 2317 2172 2351 erat
2191 2308 2288 2365 μετὰ
2316 2311 2437 2352 ταῦτα
2462 2309 2525 2352 vel
2540 2309 2686 2352 ἔπειτα.

1447 2374 1579 2414 Porro
1605 2372 1822 2428 proximus
1853 2386 1878 2414 a
1900 2371 2076 2414 Phaside
2106 2372 2256 2414 fluvius
2282 2380 2377 2429 post
2398 2386 2454 2428 90
2473 2372 2606 2415 stadia
2628 2382 2691 2415 est

1447 2435 1615 2491 Μῶγρος
1640 2434 1702 2475 vel
1722 2433 1885 2490 Νῶγρος
1901 2435 2068 2477 Arriani
2090 2434 2349 2491 aliorumque
2362 2451 2375 2487 ;
2400 2434 2515 2491 quod
2538 2450 2695 2478 nomen

1446 2513 1469 2539 a
1489 2506 1633 2540 nostro
1652 2498 1774 2554 plane
1791 2497 2001 2539 diversum
2020 2506 2095 2540 est.
2126 2500 2188 2541 Ne
2215 2498 2396 2554 denique
2426 2512 2523 2541 cum
2554 2498 2696 2541 Gailio

1446 2570 1566 2618 putes
1588 2561 1776 2603 voculam
1798 2560 1854 2617 ῥὶς
1870 2561 2103 2604 habendam
2121 2574 2207 2603 esse
2221 2575 2299 2618 pro
2321 2563 2465 2604 iterata
2486 2562 2691 2616 scriptura

1446 2624 1656 2679 sequentis
1671 2623 1784 2665 vocis
1800 2622 1907 2679 Ἶρις,
1939 2630 1981 2664 et
1998 2622 2215 2664 delendam
2234 2654 2246 2672 ,
2275 2623 2338 2664 vel
2361 2637 2412 2664 eo
2438 2621 2693 2678 impedimur

1446 2685 1563 2741 quod
1579 2684 1710 2727 codex
1724 2698 1808 2726 non
1825 2684 1949 2726 habet
1965 2684 2071 2739 Ἰρις,
2089 2684 2160 2726 sed
2182 2684 2290 2735 Ἴσις,
2307 2685 2368 2725 uti
2389 2691 2450 2725 est
2463 2697 2531 2739 ap.
2550 2686 2691 2728 Arria·

1447 2762 1565 2799 num,
1593 2747 1773 2790 Plinium
1795 2755 1837 2789 et
1852 2747 1894 2788 in
1915 2746 2021 2788 Tab.
2047 2747 2233 2801 Peuting.
2251 2747 2347 2801 11-
2367 2748 2566 2803 Λῃστῶν
2601 2763 2687 2789 πο-

1446 2825 1502 2852 τα
1517 2810 1624 2865 μὸς,
1657 2809 1706 2851 ’Δ
1719 2809 1745 2864 ψ
1757 2824 1781 2849 α
1793 2824 1813 2864 ρ
1825 2824 1847 2849 ο
1859 2808 1904 2864 ς]
1926 2808 2065 2850 Verba
2080 2810 2197 2866 Λῃστ.
2219 2823 2307 2850 ποτ.
2322 2810 2366 2850 in
2385 2807 2479 2851 eod.
2494 2810 2685 2853 Vatican.

1447 2874 1598 2915 omissa
1633 2880 1744 2914 sunt.
1779 2875 1983 2928 Apsarum
2018 2872 2118 2913 ssuv.
2146 2871 2160 2927 (
2184 2871 2284 2913 hod.
2313 2872 2582 2930 Uzappa-Su)
2614 2888 2689 2915 no·

1448 2935 1582 2975 vimus
1617 2949 1668 2975 ex
1702 2935 1869 2977 Arrian.
1908 2935 2001 2976 Per.
2025 2936 2048 2987 S
2082 2949 2124 2989 7.
2161 2936 2202 2977 8.
2243 2938 2316 2985 16,
2355 2937 2494 2977 Anon.
2534 2936 2685 2992 Peripl.

1447 3000 1555 3050 §405
1572 2996 1823 3039 Artemidor.
1847 3010 1914 3052 ap.
1935 2996 2077 3052 StephL
2094 3011 2129 3038 s.
2149 3010 2188 3039 v.
2213 2996 2371 3053 Ἄψαρος
2389 3005 2431 3038 et
2452 2995 2684 3052 Ἀψυρτίδεςς

1445 3059 1552 3101 Plin.
1585 3061 1662 3110 vl,
1700 3063 1723 3109 4
1753 3061 1770 3113 (
1782 3060 1938 3114 flumen
1976 3062 2189 3115 Apsarum
2222 3073 2313 3101 cum
2343 3059 2511 3101 castello
2542 3074 2687 3113 cogno·
2757 3078 2763 3114 j

1445 3122 1551 3164 mine
1571 3125 1613 3177 );
1636 3122 1740 3164 Tab.
1766 3123 1972 3175 Peuting.;
2008 3122 2134 3163 Vibio
2158 3123 2251 3178 ch
2282 3137 2323 3178 p.
2352 3137 2403 3177 73
2435 3124 2611 3179 Procop.
2638 3125 2683 3165 B.

1443 3187 1497 3227 G.
1523 3187 1600 3237 IV,
1632 3199 1681 3238 25
1717 3187 1890 3240 Agathia
1908 3187 1996 3235 111,
2025 3186 2096 3235 15;
2123 3186 2281 3227 Chron.
2311 3185 2496 3230 Paschal.
2530 3201 2572 3243 p.
2615 3188 2683 3238 34.
2752 3214 2755 3215 ⁷

1443 3246 1686 3289 Ptolemaeus
1703 3250 1922 3303 Apsarnm,
1940 3261 2063 3302 quem
2089 3247 2271 3303 ’Λψορρον
2288 3247 2405 3299 dicit,
2423 3262 2518 3290 cum
2537 3263 2687 3304 magno
2751 3266 2757 3298 ρ

1446 3311 1637 3366 Acampsi
1679 3310 1806 3351 fluvio
1833 3309 2068 3361 confundit,
2103 3311 2163 3351 uti
2182 3325 2232 3352 ex
2263 3311 2350 3366 ipsa
2384 3310 2499 3352 fluvii
2534 3309 2688 3354 descri-

1445 3373 1587 3428 ptione
1604 3381 1728 3428 patet.
1754 3371 1870 3414 Idem
1893 3387 2010 3414 error
2033 3373 2074 3413 in
2098 3374 2290 3429 Appiano
2311 3373 2456 3415 Mithr.
2478 3387 2516 3415 c.
2547 3387 2621 3418 101
2645 3380 2688 3417 et
2760 3375 2782 3427 Ξ

1444 3434 1550 3477 Plin.
1575 3436 1651 3486 vl,
1668 3452 1710 3489 9.
1736 3434 1978 3477 Ptolemaeus
2000 3443 2138 3477 tamen
2167 3450 2350 3478 errorem
2373 3449 2496 3479 suum
2515 3435 2686 3492 con-igit

1442 3496 1770 3554 quodammodo,
1795 3512 1925 3553 quum
1941 3498 2149 3541 castellum
2180 3502 2412 3556 Apsorrum
2434 3497 2645 3542 Sostadiis
2658 3511 2689 3551 ,⁸

1443 3560 1569 3602 fluvio
1601 3568 1829 3611 removeat,
1858 3560 2035 3616 ideoque
2059 3562 2101 3603 in
2124 3577 2175 3605 eo
2198 3562 2282 3604 sere
2300 3562 2392 3605 1000
2420 3561 2594 3605 collocet
2613 3559 2685 3604 ubi

1441 3637 1583 3666 revera
1595 3631 1681 3665 erat
1698 3627 1904 3679 Apsorrus
1918 3625 2082 3667 fluvius.
2100 3627 2154 3667 V.
2173 3627 2381 3669 Mannert.
2398 3627 2530 3677 vla,
2546 3638 2589 3682 p.
2602 3623 2684 3674 366

1442 3700 1502 3743 sq.
1530 3689 1754 3729 Lamnum
1775 3688 1941 3738 fluvius,
1962 3703 2087 3745 quem
2101 3689 2245 3746 Scylax
2268 3690 2341 3741 ait,
2364 3702 2474 3732 unus
2487 3696 2615 3731 estex
2632 3685 2685 3728 iis

1440 3763 1545 3806 quos
1578 3750 1684 3791 inter
1722 3751 1804 3792 Isin
1837 3751 2096 3807 (Scheelcaeit
2114 3752 2202 3809 Su)
2226 3761 2267 3795 et
2289 3755 2492 3809 Apsarum
2526 3746 2682 3792 medio·

1443 3813 1561 3869 ponit
1578 3814 1793 3864 Arrianus,
1813 3813 1873 3855 vel
1887 3814 2103 3868 Acinasis(
2122 3814 2440 3870 Dekantai-Su)
2458 3811 2520 3855 vel
2532 3807 2680 3865 Baths·
2712 3815 2739 3829 ‘

1445 3877 1462 3929 (
1482 3874 1749 3929 Tzalclmda)
1771 3875 1831 3916 vel
1856 3876 2101 3935 Acampsis(
2120 3875 2347 3919 Tsclaoroela
2362 3889 2397 3918 s.
2420 3868 2629 3917 Dmlaml·
2643 3867 2674 3924 )·

1445 3934 1680 3979 Postremus
1699 3953 1827 3993 quum
1850 3939 1996 3980 ceteris
2019 3937 2152 3994 major
2165 3947 2207 3982 et
2222 3936 2459 3994 navigabilis
2479 3934 2546 3986 sit,
2566 3930 2680 3975 hunc

1444 3999 1648 4056 designari
1671 4011 1813 4043 nostro
1830 4001 1921 4044 loco
1938 4003 2140 4059 suspicor.
