2756 4354
42 268 66 318 ³5⁵
94 293 140 335 9,
178 273 385 336 Ἐπιτομὴ
409 277 481 330 τῆς
495 271 742 334 Ἀντιμάχου
762 272 916 328 Λύδης.

95 353 172 398 88.
195 353 246 397 ln
266 352 383 398 Asiae
402 363 552 396 rerum
569 347 706 393 libris
724 347 877 392 decem
896 349 1106 408 exposita
1121 347 1267 394 histo-

33 428 106 479 ria
128 430 208 473 τῶν
234 429 277 478 ε’ν,
298 425 410 487 Ἀσίᾳ
433 422 697 485 Ἀλεξάνδρου
721 423 950 484 διαδόχων;
970 425 1020 469 in
1040 425 1268 486 Europia-

35 503 105 549 cis
129 515 286 550 auctor
307 502 378 547 vel
406 516 433 545 a
454 510 604 545 morte
625 501 876 546 Alexandri
912 500 995 556 Μ.,
1031 501 1103 545 vel
1138 503 1194 545 ab
1213 517 1267 546 eo

38 589 238 641 tempore
253 611 265 634 ,
289 578 338 622 in
358 593 448 637 quo
482 576 733 621 Heraclidae
758 575 919 621 Lembi
935 577 1130 622 historia
1149 576 1271 622 sub-

29 656 225 712 stiterat,
250 668 440 698 exorsus
459 652 673 712 usquead
697 653 834 697 finem
854 652 1039 713 imperii
1062 652 1267 698 Macedo-

30 731 126 790 {tici
179 731 484 775 narrationem
521 729 765 774 deduxisse
817 728 998 774 videtur
1030 729 1096 789 (¹⁶).
1137 729 1267 774 Haud

27 791 176 869 {auca
197 804 246 851 in
265 805 337 851 his
359 805 736 864 Agatharchidem
763 805 1093 865 interposuisse
1118 805 1174 850 de
1196 821 1267 851 re-

28 871 117 927 lius
142 880 456 942 geographicis
473 891 516 925 et
546 882 604 925 ad
624 881 865 927 historiam
887 882 1136 927 naturalem
1158 898 1268 943 per-

0 1003 1 1006 ,
27 955 285 1009 -tinentibus
303 956 554 1016 fragmenta
572 956 783 1018 probant.
810 957 885 1002 Sic
903 958 952 1002 in
972 957 1265 1018 Europiaco-

28 1062 30 1064 v
87 1048 130 1077 m
155 1033 316 1091 fragm.
340 1050 357 1076 1
383 1032 440 1077 de
469 1033 686 1091 anguillis
719 1033 936 1094 Copaidis
956 1034 1106 1095 lacus,
1127 1034 1183 1080 fr.
1212 1051 1265 1078 1o

23 1107 86 1154 de
102 1109 360 1170 phasianis,
385 1110 441 1156 fr.
483 1111 536 1153 13
561 1109 617 1154 de
649 1110 760 1154 vino
785 1109 892 1155 Issae
928 1111 1089 1155 insulae
1117 1126 1266 1155 sermo

29 1193 123 1241 est3
150 1186 199 1229 in
222 1186 529 1230 Asiaticorum
554 1196 701 1230 autem
735 1185 858 1231 libro
885 1186 1085 1231 secundo
1102 1202 1267 1231 excur-

28 1273 107 1304 sus
129 1259 365 1318 legebatur
380 1260 436 1305 de
461 1260 718 1321 AEthiopia,
741 1276 842 1320 quae
861 1261 1125 1319 angustiore
1140 1265 1265 1306 vocis

25 1350 164 1381 sensu
198 1336 367 1381 dicitur
397 1346 442 1381 et
473 1335 548 1391 τήν
579 1354 622 1380 τε
646 1339 768 1391 νῆσον
793 1336 867 1390 τὴν
890 1337 1054 1397 Μερόην
1092 1336 1162 1381 καὶ
1190 1336 1265 1393 τὴν

23 1408 166 1472 χώραν
200 1409 273 1463 τὴν
294 1409 468 1465 πλησίον
501 1409 713 1470 Αἰγύπτου
754 1411 974 1470 (Diodor.
1015 1411 1100 1468 Ill,
1140 1429 1182 1468 7,
1214 1411 1263 1473 3)

23 1483 126 1529 sive
158 1483 332 1529 Meroes
363 1499 554 1543 regnum
579 1486 938 1546 comprehendit.
958 1485 1173 1532 Narravit
1197 1487 1262 1533 ibi

29 1558 382 1618 Agatharchides
406 1576 508 1620 quae
538 1561 594 1605 de
617 1562 798 1620 origine
828 1562 1090 1623 AEthiopum
1106 1597 1118 1618 ,
1140 1564 1262 1608 colo-

27 1635 123 1680 niis
133 1635 183 1680 in
205 1634 445 1696 AEgyptum
466 1636 696 1692 deductis,
724 1639 890 1695 literis,
916 1639 1266 1698 legibus,‘insti-

28 1710 136 1755 tutis
166 1721 398 1771 acceperat
429 1710 442 1773 (
466 1727 513 1757 v.
543 1712 734 1759 Diodor.
762 1713 850 1769 111,
875 1717 955 1758 2-7‘
973 1716 1006 1773 ).
1036 1715 1117 1759 His
1135 1714 1263 1759 dein·

0 1766 2 1842 i
26 1785 83 1832 de
99 1787 325 1832 'nonnulla
340 1786 580 1848 subjunxit
603 1789 658 1833 de
675 1789 870 1834 rudibus
893 1790 988 1834 illis
1004 1790 1265 1851 AEthiopum

0 1853 240 1924 lgentibus
271 1863 424 1925 (Diod.
462 1864 491 1907 l.
517 1865 548 1911 l.
583 1881 621 1912 c.
654 1866 793 1925 8-10),
829 1866 886 1910 de
907 1865 1076 1926 quibus
1113 1876 1268 1926 postea

28 1935 173 1982 fusius
193 1939 405 1998 exposuit
434 1940 483 1984 in
510 1955 648 2001 opere
671 1940 727 1985 de
751 1941 868 1986 mari
903 1941 1158 2001 Erythraeo.
1194 1941 1266 1986 Si-

23 2011 197 2056 militer
214 2013 386 2073 scripto
396 2013 490 2076 περὶ
503 2014 742 2073 θαυμασίων
754 2016 852 2061 ἐθῶν
876 2015 889 2078 (
905 2017 944 2060 si
955 2016 1265 2075 italegendum

0 2102 1 2147 1
23 2084 121 2148 est)
143 2087 195 2131 in
212 2088 366 2132 multis
382 2089 643 2149 praeluserit
660 2090 954 2135 mirabilibus
978 2091 1072 2135 illis
1089 2091 1144 2135 ad
1166 2107 1266 2150 quae

28 2161 97 2209 in.
113 2163 432 2224 geographicis
458 2164 592 2210 libris
623 2182 718 2225 prae
743 2167 906 2210 ceteris
939 2176 1098 2210 auctor
1123 2176 1263 2210 atten-

27 2237 148 2284 disse
167 2239 366 2296 videtur‚
383 2256 673 2300 quorumque
687 2233 1050 2299 colligendorum
1064 2242 1265 2287 studium

27 2304 112 2358 sub
144 2314 392 2359 Ptolemaeo
423 2315 525 2371 Vll,
552 2317 711 2361 talium
751 2333 903 2362 rerum
930 2318 1262 2373 curiosissimo,

26 2389 243 2450 inprimis
259 2391 476 2448 viguerit.
745 2435 753 2443 ,

89 2468 162 2524 89.
191 2465 358 2511 Libros
382 2467 586 2526 quinque
611 2467 716 2528 Περὶ
737 2471 816 2512 τῶν
836 2469 1143 2530 Τρωγλοδυτῶν
1172 2486 1265 2515 non

23 2538 235 2586 diversos
251 2540 392 2586 fuisse
421 2551 532 2601 puto
552 2557 577 2585 a
604 2541 739 2587 libris
774 2544 980 2602 quinque
1015 2543 1148 2604 Περὶ
1178 2547 1265 2598 τῆς

25 2606 274 2677 Ἐρυθρᾶς
308 2614 433 2659 θαλά
448 2633 598 2670 σσης.
619 2616 794 2661 Horum
817 2623 1037 2675 epitomen
1050 2633 1142 2661 non
1163 2617 1265 2677 ipse

19 2691 383 2750 *Agatharchides
400 2707 557 2747 senex,
576 2692 655 2737 sed
675 2693 791 2738 alius
808 2693 991 2753 quidam
1005 2693 1263 2738 elaborasse

27 2765 224 2811 videtur.
261 2766 454 2811 Librum
486 2770 687 2828 primum
725 2779 769 2812 et
792 2769 1002 2828 quintum
1037 2771 1267 2829 excerpsit

28 2839 217 2886 Photius
231 2859 244 2898 3
281 2843 492 2902 quintum
530 2843 763 2888 Diodorus
812 2843 1107 2888 Bibliothecae
1141 2843 1264 2888 libro

25 2916 164 2960 tertio
178 2916 227 2961 in
247 2917 569 2978 compendium
589 2916 869 2980 1·edegit(*'‘).
887 2918 1059 2962 Praeter
1073 2918 1157 2963 hos
1182 2919 1264 2962 Ar-

33 2991 303 3036 temidorum
327 2992 377 3036 in
393 2992 817 3053 Geographicorum
853 2992 977 3038 libro
997 3003 1156 3038 octavo
1184 2994 1265 3037 de-

31 3068 320 3127 scriptionem
344 3069 472 3114 sinus
493 3069 682 3114 Arabici
699 3085 755 3114 ex
772 3070 1106 3128 Agatharchide
1124 3073 1266 3130 potis·

33 3141 195 3186 simum
243 3144 430 3203 petiisse
466 3155 727 3206 comparata
773 3145 893 3190 inter
933 3161 980 3190 se
1018 3145 1173 3191 Photii
1224 3155 1267 3189 et

33 3217 227 3264 Diodori
241 3235 297 3264 ex
313 3221 645 3279 Agatharchide
659 3231 872 3283 excerpta
883 3232 926 3266 et
946 3237 1046 3282 quae
1063 3237 1121 3266 ex
1135 3222 1265 3266 Arte-

29 3292 215 3337 midoro
238 3293 402 3340 Strabo
432 3297 655 3353 enotavit,
688 3297 853 3342 docent
885 3297 1263 3343 luculentissime.

867 171 947 217 DE
979 171 1460 221 AGATHARCfflDE
1493 177 1713 227 GN1D10.

2486 224 2566 255 mx

1412 294 1485 336 90.
1503 279 1792 340 Erythraeum
1827 299 1951 330 mare
1979 304 2119 347 quum
2143 294 2244 339 aliis
2274 298 2331 341 sit
2365 307 2567 350 australis

1347 367 1542 398 oceanus
1557 356 1820 414 universus,
1843 359 1946 404 aliis
1970 376 2093 407 mare
2119 364 2176 408 ab
2199 367 2329 413 India
2350 374 2403 416 ad
2427 392 2571 423 reces-

1347 442 1445 471 sum
1470 430 1598 475 sinus
1626 432 1811 478 Arabici
1836 436 2095 495 pertinens,
2119 440 2222 485 aliis
2255 448 2435 492 nonnisi
2459 452 2571 497 illud

1346 503 1471 561 quod
1504 505 1684 550 Arabiae
1711 509 1853 553 latera
1894 511 1981 555 tria
2013 513 2160 569 alluit,
2198 520 2456 574 angustiore
2489 526 2572 569 hoc

1345 593 1481 623 sensu
1506 580 1862 638 Agatharchides
1894 602 2059 632 nomen
2090 589 2352 639 adhibuisse
2375 596 2570 642 videtur.

1345 651 1480 697 Certe
1500 669 1601 712 quae
1624 670 1681 699 ex
1697 672 1750 700 eo
1767 658 2044 717 referuntur,
2079 665 2234 708 omnia
2267 668 2494 725 pertinent
2518 671 2572 714 ad

1345 728 1494 772 sinum
1512 730 1762 776 Arabicum
1786 743 1831 777 et
1846 749 1969 779 mare
1993 738 2175 783 Arabiae
2195 742 2508 789 meridionalis
2532 758 2576 790 et

1344 803 1495 847 sinum
1531 804 1791 872 Persicum,
1833 808 1965 868 cujus
1994 810 2166 857 insulas
2200 814 2414 874 Erythras
2438 819 2575 865 Persa

1344 879 1510 925 incolis
1522 881 1814 942 frequentans
1826 900 1990 930 nomen
2006 886 2183 933 dedisse
2195 892 2307 935 mari
2323 892 2378 936 ab
2392 905 2573 940 auctore

1343 966 1501 1001 nostro
1534 969 1759 1004 censetur.
1802 960 2027 1006 Praeterea
2060 979 2200 1023 quum
2241 966 2480 1029 Photiusg
2517 978 2571 1027 47

1341 1047 1386 1090 p.
1411 1033 1514 1091 139,
1541 1034 1564 1076 3
1586 1034 1759 1079 insulas
1780 1037 1997 1095 quasdam
2027 1038 2153 1083 sinus
2178 1040 2350 1086 Persici
2371 1043 2488 1089 dicat
2510 1063 2574 1089 τε·

1341 1106 1579 1166 τραμμένας
1607 1108 1706 1170 πρὸς
1735 1108 1780 1154 τὸ
1816 1099 1960 1156 δοκοῦν
1990 1112 2167 1173 πέλαγος
2204 1117 2477 1177 παρεκτείνειν
2501 1118 2575 1175 τὴν

1342 1180 1519 1238 Ἰνδικὴν
1559 1185 1629 1228 καὶ
1669 1183 1741 1240 τὴν
1780 1187 2032 1247 Γεδρωσίαν,
2068 1191 2116 1232 in
2149 1191 2221 1235 his
2242 1192 2472 1238 Gedrosiae
2495 1211 2575 1240 ora

1342 1266 1431 1301 tam
1447 1259 1578 1317 vagis
1601 1259 1758 1306 verbis
1775 1261 2021 1319 indicatur,
2044 1274 2095 1308 ut
2113 1264 2170 1309 ab
2187 1279 2449 1324 argumento
2466 1285 2574 1329 ope-

1341 1333 1405 1377 ris
1424 1335 1571 1379 nostri
1592 1335 1786 1380 alienam
1808 1337 1950 1382 fuisse
1973 1339 2238 1397 suspiceris.
2258 1341 2297 1384 T
2301 1358 2374 1386 um
2393 1358 2503 1388 vero
2527 1345 2575 1387 in

1341 1409 1689 1470 circumscripto
1713 1411 1786 1456 his
1810 1412 2036 1458 limitibus
2058 1430 2197 1475 opere
2221 1416 2575 1474 Agatharchides

1340 1499 1438 1543 prae
1467 1486 1628 1529 ceteris
1661 1488 1926 1532 tractaverit
1949 1503 2014 1544 ea,
2049 1505 2149 1548 quae
2176 1490 2232 1534 ad
2259 1492 2424 1536 Africae
2447 1509 2573 1538 oram

1340 1560 1644 1619 regionesque
1664 1562 1706 1606 ei
1742 1563 1978 1622 proximas
2001 1564 2246 1624 pertinent.
2271 1566 2335 1610 De
2359 1567 2430 1613 his
2450 1571 2572 1614 enim

1339 1646 1658 1695 excerptorum
1678 1653 1784 1697 pars
1803 1649 1869 1684 est
1885 1642 2019 1698 longe
2032 1640 2199 1700 major,
2219 1652 2262 1686 et
2279 1643 2572 1703 antiquorum

1340 1721 1576 1756 auctorum
1623 1714 1913 1759 narrationes
1956 1714 2197 1760 uberiores
2258 1717 2569 1777 suppetebant.

1338 1784 1534 1831 Omnino
1547 1797 1696 1832 autem
1714 1789 2085 1847 Agatharchides,
2112 1791 2150 1835 si
2163 1791 2219 1835 ad
2238 1807 2331 1836 rem
2344 1791 2570 1851 judicium
2622 1798 2625 1805 '

1338 1859 1576 1917 subactum
1599 1862 1772 1919 attulit,
1799 1874 1842 1908 et
1879 1865 2078 1909 scientiae
2112 1867 2424 1926 geographicae
2452 1868 2571 1926 leges

1338 1922 1399 1978 in'
1420 1935 1662 1981 scribendo
1686 1953 1778 1982 non
1818 1939 2034 1997 neglexit,
2065 1955 2156 1984 non
2182 1941 2317 1984 modo
2348 1942 2571 2001 plenissi-

1338 2025 1462 2054 mum
1483 2011 1562 2055 sed
1593 2012 1985 2066 accuratissimum
2010 2015 2145 2058 etiam
2169 2015 2224 2059 de
2248 2015 2345 2060 istis
2368 2017 2570 2074 regioni-

1337 2085 1424 2130 bus
1449 2103 1564 2146 opus
1589 2104 1861 2149 componere
1898 2091 2064 2150 potuit,
2091 2107 2229 2149 quum
2258 2090 2567 2136 subsidiorum

1338 2163 1471 2222 copia
1502 2163 1736 2209 uberrima
1770 2174 1876 2209 tunc
1909 2166 2064 2210 adesse
2088 2166 2290 2222 deberet,
2330 2167 2568 2226 aditusque

1337 2236 1392 2280 ad
1416 2252 1485 2292 ea,
1506 2238 1545 2282 si
1565 2239 1638 2282 cui
1656 2239 1752 2294 alii,
1773 2247 1946 2298 pateret
1966 2240 2305 2297 Agatharchidi.
2322 2240 2432 2285 Nam
2453 2257 2566 2301 prae-

1337 2322 1404 2356 ter
1432 2312 1578 2358 libros
1619 2313 1911 2358 bibliothecae
1935 2315 2223 2359 Alexandriae
2249 2326 2413 2375 praesto
2438 2326 2568 2360 erant

1270 2416 1276 2422 -
1335 2384 1385 2428 τὰ
1411 2386 1606 2446 βασιλικὰ
1648 2386 1923 2444 ὑπομνήματα
1966 2388 2064 2431 sive
2091 2389 2308 2431 asservati
2344 2389 2392 2431 in
2426 2390 2565 2447 regiis

1336 2461 1520 2505 scriniis
1558 2461 1871 2504 commentarii
1905 2476 2092 2516 eorum,
2120 2462 2200 2520 qui
2242 2476 2398 2519 regum
2432 2461 2566 2520 jussu

1336 2535 1490 2594 plagas
1517 2536 1626 2579 istas
1664 2535 2036 2594 exploraverant;
2076 2549 2158 2579 nec
2180 2550 2323 2594 pauca
2344 2536 2477 2580 etiam
2509 2553 2566 2582 ex

1336 2626 1417 2655 ore
1442 2611 1624 2655 testium
1642 2610 1926 2654 oculatorum
1950 2610 2153 2670 accipere
2175 2609 2359 2656 licebat.

1400 2703 1428 2745 9
1438 2704 1455 2730 1
1467 2724 1477 2733 .
1495 2686 1605 2741 Quae
1618 2684 1800 2746 nosjam
1811 2686 2025 2730 novimus
2035 2685 2089 2729 de
2106 2685 2163 2731 iis
2174 2686 2253 2745 qui
2265 2695 2367 2746 post
2381 2686 2568 2732 Alexan-

1335 2762 1408 2806 dri
1432 2762 1493 2808 M.
1524 2772 1568 2807 et
1598 2772 1699 2806 ante
1725 2761 2073 2820 Agatharchidis
2098 2771 2301 2821 tempora
2322 2776 2444 2806 mare
2463 2761 2566 2807 Ru-

1335 2837 1470 2883 brum
1506 2838 1846 2898 descripserunt
1881 2838 1958 2882 vel
1993 2837 2311 2898 explorarunt,
2341 2853 2569 2898 perpauca

1336 2924 1458 2959 sunt.
1479 2913 1795 2957 Eratosthenes
1814 2912 1935 2973 apud
1950 2911 2217 2956 Strabonem
2238 2928 2284 2971 p.
2310 2913 2396 2967 768
2420 2912 2476 2956 de
2501 2914 2567 2957 si-

1338 3006 1423 3035 nus
1444 2989 1631 3035 Arabici
1651 2989 1784 3050 juxta
1807 2988 1990 3034 Arabiae
2014 3003 2140 3032 oram
2166 2988 2452 3045 longitudine
2471 2988 2565 3032 lau-

1336 3067 1412 3111 dat
1461 3068 1765 3110 Alexandrum
1807 3075 1851 3110 et
1886 3068 2231 3118 Anaxicrcztem5
2264 3079 2458 3123 quorum
2489 3063 2566 3107 ille

1336 3143 1456 3188 haud
1475 3143 1615 3188 dubie
1637 3142 1759 3187 idem
1783 3151 1851 3187 est
1880 3157 1981 3186 cum
2002 3156 2057 3185 eo
2078 3140 2157 3199 qui
2187 3138 2243 3183 ab
2266 3139 2442 3183 AEliano
2473 3136 2485 3199 (
2509 3137 2562 3182 H.

1338 3219 1421 3263 An.
1458 3218 1599 3272 XVII,
1629 3219 1678 3276 1)
1711 3217 1876 3261 citatur
1901 3213 2161 3276 Ἀλέξανδρος
2199 3214 2239 3257 ἐν
2274 3212 2459 3273 περίπλῳ
2495 3212 2565 3264 τῆς

1338 3294 1538 3357 Ἐρυθρᾶς
1555 3294 1763 3349 Θαλάσσης
1783 3292 1839 3337 de
1857 3289 2146 3352 serpentibus
2166 3288 2430 3348 cancrisque
2448 3301 2562 3348 prae·

82 3435 129 3484 (*)
154 3437 337 3476 Ultimum
360 3440 607 3489 fragmentum
628 3453 649 3480 e
674 3443 770 3482 libro
795 3448 841 3482 38
873 3444 1033 3492 petitum
1059 3444 1148 3492 (Fr.
1169 3446 1215 3482 H.
1244 3444 1337 3481 tom.
1366 3445 1432 3489 111,
1455 3452 1491 3489 p.
1520 3441 1610 3487 192)
1640 3441 1687 3478 de
1713 3440 1894 3478 Dardanis
1917 3439 2013 3486 agit,
2039 3438 2272 3485 pertinetque
2304 3436 2352 3499 ad
2374 3436 2566 3474 historiam

28 3491 207 3539 Philippi,
221 3493 282 3539 qui
298 3495 434 3541 saepius
451 3507 535 3535 eam
554 3500 702 3546 gentem
722 3500 821 3538 bello
837 3510 1033 3548 aggressus
1051 3503 1120 3545 est,
1139 3502 1182 3538 ut
1204 3510 1265 3537 an.
1284 3503 1353 3538 207
1374 3499 1470 3545 (Liv.
1492 3500 1552 3542 28,
1567 3497 1628 3544 8),
1654 3499 1724 3533 200
1742 3495 1849 3543 (biv,
1866 3499 1926 3540 31,
1948 3498 2008 3539 28,
2032 3494 2106 3540 43)
2130 3494 2168 3530 et
2190 3496 2255 3530 197
2274 3493 2378 3539 (μιν.
2396 3496 2456 3554 38,
2482 3495 2562 3538 19).

27 3546 183 3594 Reliqui
200 3547 281 3584 libri
305 3549 492 3599 undecim,
516 3555 545 3590 si
565 3555 603 3591 in
626 3565 768 3592 annum
791 3559 857 3594 168
878 3550 1113 3603 desinebant,
1138 3554 1485 3603 complectebantur
1510 3562 1572 3589 res
1595 3561 1780 3588 annorum
1801 3551 1928 3595 30-40,
1947 3549 2041 3586 adeo
2065 3551 2107 3586 ut
2124 3548 2280 3596 singulis
2309 3547 2411 3584 libris
2431 3548 2566 3585 inesset

27 3601 186 3639 historia
208 3612 393 3642 annorum
409 3607 524 3646 trium
547 3612 787 3658 quattuorve,
811 3622 899 3660 quae
918 3612 994 3649 tere
1013 3613 1106 3650 ratio
1124 3612 1239 3650 etiam
1260 3608 1554 3658 praecedentium
1573 3607 1757 3644 librorum
1783 3606 1898 3643 fuisse
1922 3604 2045 3642 debet.

82 3658 153 3707 (**)
173 3658 318 3696 Landat
342 3660 527 3699 D50d0¹⁹¹¹3
547 3666 613 3709 ΙΙΙ,
640 3669 697 3710 11,
723 3670 736 3702 1
766 3667 1051 3714 Agatharchidis
1067 3667 1203 3705 librum
1223 3666 1431 3705 secundum
1456 3665 1542 3714 Περὶ
1575 3663 1694 3706 Ἀσίας
1728 3673 1801 3700 una
1834 3672 1922 3700 cum
1959 3660 2186 3699 Artemidori
2217 3659 2314 3697 libro
2344 3660 2491 3703 octavo,
2516 3657 2562 3694 de

30 3714 176 3751 meroes
197 3715 433 3762 AEthiopibus
449 3718 670 3766 ceterisque.
687 3723 734 3758 V.
755 3724 833 3759 not.
855 3722 938 3771 ad§
956 3729 1009 3762 3ο·
1023 3734 1058 3770 p.
1081 3728 1162 3762 129.
1182 3725 1224 3762 ln
1240 3723 1283 3761 iis
1298 3734 1385 3760 vero
1403 3731 1490 3770 quae
1509 3721 1574 3758 lib.
1595 3723 1662 3765 lll,
1683 3721 1794 3757 12-48
1809 3729 1856 3755 ex
1873 3716 2157 3772 Agatharchidis
2178 3715 2273 3771 libro
2287 3714 2418 3771 quinto
2433 3713 2558 3767 refert,

26 3759 90 3799 ‘bis
111 3761 241 3801 laudat
269 3767 462 3802 auctorem
495 3775 606 3803 snum
631 3767 738 3815 (ΙΙΙ,
770 3774 812 3808 18
829 3772 867 3808 et
884 3775 944 3811 48.
965 3772 1054 3810 Vid.
1071 3774 1205 3819 Agath.
1229 3771 1312 3820 §41
1338 3782 1373 3820 p.
1405 3777 1471 3809 135
1487 3768 1559 3817 et§
1581 3772 1647 3806 ¹05
1672 3779 1706 3815 p.
1733 3772 1799 3806 192
1820 3769 1845 3813 ),
1866 3777 1941 3803 non
1966 3767 2081 3802 citato
2105 3774 2226 3812 operis
2241 3763 2363 3800 titulo.
2390 3763 2559 3807 Lpitome

29 3815 184 3854 ÷Di0dori
204 3829 290 3856 cum
315 3819 434 3857 Photii
459 3823 643 3869 excerptis
659 3822 698 3859 in
719 3824 873 3872 singulis
890 3826 1080 3865 interdum
1101 3827 1223 3865 verbis
1238 3827 1423 3873 concinit;
1440 3827 1486 3864 de
1509 3825 1590 3863 aliis
1610 3824 1721 3862 modo
1741 3824 1930 3871 pauciora,
1951 3820 2064 3857 modo
2088 3819 2261 3858 uberiora
2277 3827 2388 3878 qnam
2405 3816 2558 3876 Photius·

29 3872 187 3917 praebet.
207 3874 353 3913 Accidit
371 3875 483 3913 etiam
507 3879 549 3913 ut
565 3878 689 3924 inepta
705 3879 849 3918 ratione
868 3883 1023 3930 vestigia
1039 3882 1326 3930 Agatharchidis
1345 3883 1455 3929 legat,
1482 3879 1561 3928 ut§
1582 3883 1641 3918 84.
1668 3890 1702 3927 p.
1726 3881 1809 3917 174.
1827 3880 1940 3916 Recte
1962 3876 2127 3923 Heynius
2150 3877 2202 3912 De
2222 3872 2384 3933 sonti-bus
2407 3869 2557 3930 Diodori

35 3934 72 3972 p.
99 3930 145 3963 63
167 3927 227 3965 ed.
247 3929 328 3977 Bip.
354 3945 362 3968 2
393 3944 413 3963 α
435 3931 714 3969 Artemidorum
737 3934 984 3981 Ephesium...
1002 3948 1114 3985 quem
1145 3939 1224 3986 ipse
1243 3937 1258 3987 (
1279 3938 1464 3977 Diodorus
1480 3939 1548 3982 111,
1578 3942 1615 3973 11
1634 3937 1648 3982 )
1670 3935 1707 3972 in
1732 3935 1774 3972 iis
1790 3944 1876 3982 quae
1912 3932 1958 3970 de
1984 3932 2144 3978 AEgypto
2159 3932 2197 3991 et
2222 3927 2406 3988 AE¹¹¹.¹⁰¹'¹³
2422 3922 2557 3959 “adsta

37 3979 124 4025 sint,
144 3982 240 4020 inter
265 3986 541 4032 praestantiores
556 3987 754 4035 scriptores
774 3990 900 4036 refert,
918 3994 980 4028 vix
997 3993 1033 4030 in
1050 3993 1108 4040 iis,
1125 4004 1213 4041 quae
1231 3994 1278 4032 de
1292 3993 1552 4041 Trogloclytiee
1572 3993 1610 4029 et
1634 3991 1821 4038 AEthiopia
1843 3988 2028 4035 exposuit.
2047 3985 2256 4022 adhibuisse
2279 3981 2446 4026 videtur3
2469 3987 2555 4014 con·

35 4035 189 4076 veniunt
203 4040 300 4078 enim
315 4043 440 4080 omnia
456 4053 545 4081 cum
566 4044 845 4091 Agatharchum.
860 4061 877 4079 »
892 4049 945 4083 Dc
959 4048 1016 4086 his
1024 4052 1153 4087 contra
1171 4050 1557 4098 [leyniumdisputare
1572 4045 1816 4085 nondebebat
1828 4043 2077 4082 nortmannus
2089 4041 2160 4077 Die
2179 4038 2326 4082 Ιϋενεν,
2340 4036 2412 4072 etc.
2425 4043 2461 4081 p.
2474 4033 2559 4070 201.
