2808 4342
89 196 180 257 ιω.)

77 297 218 356 μαίων
241 294 478 358 ἐπικρατείᾳ
503 293 608 356 ῥέει,
630 295 703 339 οὐκ
727 293 810 339 ἀπὸ
829 294 1092 356 μεσημὸρίας
1106 330 1117 350 ,
1138 297 1192 346 ὣς
1207 294 1316 354 λέγει

86 365 322 428 Ἡρόδοτος,
357 363 447 407 ἀλλ’
484 362 565 406 ἀπὸ
601 361 838 424 ἀνίσχοντος
874 361 1010 418 ἡλίου.
1082 362 1238 408 Καθότι
1273 360 1316 407 δὲ

79 433 292 478 εἷσὸάλλει
332 433 387 482 εἷς
423 432 489 475 τὸν
527 430 717 486 Πόντον,
740 429 862 492 ὁρίζει
899 429 951 475 τὰ
989 429 1209 476 Σινωπέων
1245 428 1316 474 καὶ

85 502 312 559 Ἀμισηνῶν
348 498 466 560 ἔργα.
536 498 636 544 Ἀπὸ
660 499 702 544 δὲ
731 497 879 550 Ἅλυος
912 503 1101 558 ποταμοῦ
1126 500 1179 550 ἐς·
1200 497 1315 544 Ναύ-

27 585 57 613 z
82 573 261 627 σταθμον
286 566 444 612 στάδιοι
481 565 722 620 ἐνενήκοντα
737 584 746 594 ·
770 564 917 627 ἵναπερ
941 566 1012 611 καὶ
1041 566 1167 625 λίμνη
1192 565 1312 610 ἐστίν.

77 636 268 683 Ἐνθένδε
291 637 329 687 ἐς
349 637 594 682 Κωνωπεῖον
610 670 622 691 ,
647 634 774 690 ἄλλην
797 633 950 693 λίμνην
966 670 979 692 ,
1007 634 1122 679 ἄλλοι
1148 627 1200 678 αῧ
1220 652 1313 678 πεν·

80 705 273 760 τήκοντα.
356 703 456 756 Ἀπὸ
495 704 535 748 δὲ
574 702 826 749 Κωνωπείου
869 704 909 755 ἐς
946 705 1136 759 Εὐσήνην
1170 702 1313 748 ἑκατὸν

81 776 150 819 καὶ
167 773 310 822 εἴκοσι.
377 773 563 820 Ἐνθένδε
585 774 639 824 εἷς
657 772 821 833 Ἀμισὸν
841 772 987 818 ἑκατὸν
1009 775 1079 818 καὶ
1098 771 1311 827 ἑξήκοντα.

76 842 270 903 Ἂμισὸς,
295 841 412 894 πόλις
427 841 649 898 Ἑλληνὶς,
677 842 898 897 Ἀθηναίων
922 842 1090 894 ἄποικος
1106 878 1118 901 ,
1141 840 1208 886 ἐπὶ
1233 844 1314 886 θα-

20 928 64 956 -ιο
83 913 211 973 λάττῃ
233 914 317 957 οἶκε
319 917 419 957 ῖται.
489 910 588 955 Ἀπὸ
609 908 650 955 δὲ
675 910 842 969 Ἀμισοῦ
863 913 918 962 εἷς
941 910 1126 970 Ἀγκῶνα
1148 909 1311 969 λιμένα,

75 980 225 1042 ἵναπερ
249 980 319 1025 καὶ
360 983 380 1024 ὁ
414 983 513 1041 Ἰρις
536 979 746 1024 εἷσὸάλλει
776 981 832 1030 εἷς
866 980 934 1025 τὸν
962 979 1133 1035 Πόντον,
1157 978 1313 1023 στάδιοι

81 1049 274 1103 ἑξήκοντα
297 1067 368 1094 και
391 1047 551 1093 ἑκατόν.
621 1047 718 1093 Ἀπὸ
738 1046 779 1092 δὲ
800 1067 870 1093 του
888 1046 1014 1111 Ἴριος
1033 1051 1112 1093 τῶν
1133 1046 1312 1092 ἐκὸολῶν

76 1120 119 1168 ἐς
139 1115 378 1177 Ἡράκλειον
408 1115 602 1170 ἑξήκοντα
626 1115 697 1160 καὶ
731 1115 980 1177 τριακόσιοι·
1006 1115 1130 1177 ὅρμος
1150 1114 1309 1161 ναυσίν.

81 1185 268 1232 Ἐνθένδε
289 1185 355 1229 ἐπὶ
387 1185 454 1229 τὸν
476 1183 754 1246 Θερμώδοντα
774 1185 960 1244 ποταμὸν
980 1184 1303 1247 τεσσαράκοντα.

82 1362 122 1388 2.
151 1347 196 1387 ‘fl
212 1348 321 1401 ρόδο
335 1332 387 1387 το
402 1363 419 1394 ς
435 1349 448 1401 ]
469 1350 571 1398 Quae
586 1346 637 1386 de
652 1347 791 1401 Halyis
811 1347 925 1386 fluvii
945 1361 1068 1387 cursu
1081 1346 1318 1387 Herodotus

77 1414 115 1461 I,
136 1415 159 1450 6
178 1417 219 1449 et
235 1422 286 1462 72
315 1409 454 1458 habet,
489 1409 536 1447 iis
566 1409 668 1448 nihil
696 1408 798 1448 adeo
815 1408 901 1448 falsi
927 1410 1046 1458 inest,
1069 1409 1194 1448 modo
1211 1417 1319 1449 recte

82 1471 204 1512 verba
221 1469 516 1523 intelligantur.
530 1471 586 1509 V.
604 1470 751 1510 Ritter.
770 1469 900 1510 Erdk.
922 1472 977 1520 II,
998 1484 1041 1524 Ρ.
1061 1474 1139 1524 716
1151 1486 1162 1520 ;
1184 1470 1316 1509 Baehr.

0 1549 5 1555 ·
75 1532 134 1574 ad
169 1531 371 1571 Herodot.
406 1539 509 1570 tom.
544 1532 579 1579 Ι,
617 1545 659 1585 p.
694 1533 770 1578 184
793 1539 833 1570 et
862 1545 939 1584 173
964 1533 1170 1571 Mannert.
1194 1533 1270 1580 VI,
1295 1544 1318 1571 2

73 1593 227 1649 1p.452
247 1607 355 1647 sqq.;
375 1592 574 1662 Forbiger
584 1593 646 1640 ·,II
665 1605 707 1646 p.
731 1606 783 1644 99
805 1606 866 1645 sq.
892 1592 1319 1645 11-4.Na150m0-

84 1657 202 1711 μον]
231 1657 397 1706 Naum„
382 1654 473 1694 vino
493 1654 535 1693 in
563 1653 668 1693 Tab.
693 1654 829 1703 Peut.;
855 1667 940 1692 non
959 1655 1115 1693 minus
1126 1662 1321 1708 corrupta

83 1727 182 1758 nota
197 1717 414 1766 distantiae,
439 1730 522 1770 qua
542 1717 624 1756 XII
643 1714 743 1755 mill.
762 1715 813 1754 ab
834 1715 988 1767 Eleca(
1010 1715 1153 1755 Zaleco
1172 1718 1187 1768 )
1207 1730 1320 1755 com-

74 1788 295 1835 ¹putantur.
329 1781 378 1819 In
408 1780 561 1831 Geogr.
598 1780 699 1817 Rav.
732 1777 879 1830 legitur
901 1780 1153 1818 Nautamon.
1188 1779 1319 1817 Lacus

84 1842 149 1882 ille
167 1850 227 1881 est
244 1839 539 1895 λιμνοθάλασσα
551 1870 562 1889 ,
584 1839 776 1879 hodiern.
794 1839 1046 1893 Hammanly
1061 1839 1151 1887 Gol,
1168 1838 1219 1878 de
1235 1854 1318 1893 quo

84 1916 122 1941 v.
142 1902 352 1941 Hamilton
385 1901 621 1941 Researclees
636 1903 671 1950 I,
691 1915 734 1956 p.
760 1902 857 1954 295.
879 1904 960 1941 Pro
980 1915 1033 1954 90
1048 1900 1187 1941 stadiis
1207 1904 1319 1942 Ano-

83 1979 231 2020 nymns
253 1973 394 2020 aperto
418 1979 557 2004 errore
587 1964 711 2004 habet
742 1968 794 2013 40
804 1981 815 2013 ;
840 1965 1072 2004 Marcianus
1103 1975 1194 2006 120.
1223 1966 1237 2018 Η
1265 1990 1320 1996 -

84 2030 123 2066 6.
144 2026 174 2064 K
185 2043 215 2065 ω
230 2041 247 2066 ν
262 2043 292 2066 ω
302 2042 352 2067 πε
366 2029 412 2066 fo
423 2027 459 2080 ν]
474 2026 709 2066 Marcianus
722 2026 947 2076 Κωνώπιον,
964 2026 1130 2066 fortasse
1145 2028 1316 2076 rectius;

72 2088 200 2143 -cujus
228 2090 407 2129 nominis
430 2089 567 2128 locum
589 2089 711 2129 etiam
746 2087 798 2128 ad
827 2088 961 2128 lacum
980 2088 1211 2128 Maeotidem
1232 2103 1318 2128 me-

78 2158 218 2190 morat
240 2150 468 2204 Stephanus
487 2152 583 2204 Byz.
613 2163 648 2189 5.
672 2164 710 2190 v.
737 2151 946 2204 Anonymi
982 2149 1112 2190 codex
1130 2150 1316 2203 ambigua

85 2213 377 2266 corruptione:
395 2212 623 2251 Κωνώπειον
653 2210 666 2266 (
686 2212 742 2250 sic
758 2210 791 2263 ).
816 2211 950 2250 Hodie
966 2219 1025 2250 est
1044 2211 1314 2254 Kumdschoes.

86 2276 219 2314 Lacus
242 2273 306 2313 ille
327 2287 438 2313 nunc
459 2274 500 2312 in
522 2273 660 2312 locum
679 2273 859 2312 lutosum
886 2273 1067 2312 evanuit.
1087 2274 1142 2312 V.
1165 2273 1318 2313 Hamil-

85 2344 173 2375 ton.
211 2335 237 2374 l.
275 2335 303 2374 l.
342 2337 377 2384 I,
410 2349 452 2389 p.
482 2335 578 2387 293.
622 2337 684 2374 De
709 2334 902 2377 distantia
930 2348 1026 2373 cum
1046 2335 1199 2374 Nostro
1223 2334 1318 2374 facit

85 2400 351 2451 Anonymus3
373 2397 606 2436 Marcianus
625 2410 702 2450 pro
735 2396 787 2436 50
805 2395 943 2435 stadiis
960 2395 1078 2448 ponit
1098 2408 1175 2435 120
1187 2411 1199 2444 ;
1224 2410 1317 2450 per-

76 2472 239 2512 peram.
267 2459 282 2511 ΙΙ
298 2481 354 2488 -
370 2472 410 2511 7.
436 2456 563 2508 Εὔσή
578 2458 683 2511 νην]
704 2455 880 2508 Εὐσήνην
904 2456 1042 2496 locum
1062 2457 1104 2495 in
1124 2456 1316 2497 mediter-

85 2522 218 2560 raneis
238 2528 419 2560 recenset
430 2519 671 2560 Ptolemaeus
687 2533 728 2572 p.
754 2519 849 2567 328,
871 2521 946 2568 24;
966 2521 1095 2558 Ecene
1113 2511 1259 2571 legitur
1275 2521 1315 2559 in

87 2583 239 2634 Geogr.
265 2583 384 2629 Rav.;
413 2583 545 2621 Ezene
567 2581 610 2622 in
632 2581 735 2622 Tab.
761 2580 969 2635 Peuting.;
1001 2581 1233 2622 Marcianus
1259 2581 1316 2622 l'o-

85 2644 390 2693 cum'01nittit3
416 2645 661 2697 Anonymus
699 2658 794 2683 vero
819 2643 919 2683 dicit
948 2643 1123 2694 Εὐσήνην
1147 2641 1216 2693 τὴν
1253 2644 1317 2683 καὶ

83 2707 330 2761 Δαγάλην.
361 2707 469 2745 Hinc
503 2707 602 2745 situs
633 2706 711 2746 loci
739 2706 822 2745 sere
852 2714 977 2760 patet.
1015 2707 1120 2745 Nam
1156 2706 1313 2760 Δαγάλη

84 2783 235 2809 nomen
276 2768 461 2822 agnoscis
501 2769 542 2807 in
579 2761 783 2808 hodierno
816 2768 1105 2822 promontorio
1135 2768 1312 2818 [fagala.

87 2833 180 2886 Ipse
200 2845 296 2871 vero
315 2831 428 2871 locus
460 2839 600 2870 noster
622 2830 839 2886 ponendus
863 2830 1024 2870 videtur
1046 2829 1098 2870 ad
1121 2831 1224 2870 ostia
1241 2831 1316 2870 ssu-

86 2894 207 2933 minis
242 2892 426 2940 Gordon,
452 2893 524 2947 qui
560 2891 614 2932 ad
645 2893 919 2947 promontorii
953 2892 1056 2932 latus
1091 2890 1312 2931 occiduum

79 2956 182 2995 exit.
215 2956 437 3008 Hucusque
473 2953 571 2993 inde
602 2969 627 2995 a
650 2956 836 3009 Conopio
859 2962 954 2994 sunt
977 2953 1029 2994 ad
1063 2967 1140 2994 120
1164 2954 1311 3003 stadia,

85 3026 186 3070 quot
201 3025 400 3071 exputant
422 3017 624 3057 Arrianus
639 3025 679 3057 et
694 3020 952 3071 AnonymuS.
972 3017 1080 3056 HInc
1097 3015 1246 3055 deinde
1263 3016 1315 3056 ad

82 3080 273 3119 Amisum
296 3079 451 3133 reliqua
466 3087 563 3119 sunt
577 3078 708 3119 stadia
724 3080 776 3120 30
793 3088 833 3119 et
852 3078 964 3132 quod
988 3079 1168 3118 excurrit
1182 3109 1193 3127 ,
1213 3078 1316 3118 adeo

86 3149 131 3179 ut
153 3156 176 3180 a
192 3142 378 3195 Conopio
393 3140 445 3181 ad
464 3142 752 3196 Amisum-sint
774 3140 903 3181 stadia
925 3140 1007 3180 sere
1031 3140 1233 3189 150-160,
1256 3141 1314 3180 uti

85 3201 207 3241 habet
229 3204 476 3242 Marcianus.
503 3204 658 3243 Contra
678 3219 775 3244 vero
794 3205 993 3244 Arrianus
1009 3211 1050 3243 et
1072 3205 1315 3257 Anonymus

88 3263 139 3302 ab
162 3266 321 3302 Eusene
340 3263 392 3302 ad
411 3265 598 3304 Amisum
613 3258 802 3319 putantes
825 3264 954 3305 stadia
981 3268 1057 3305 160
1075 3273 1212 3304 errant
1235 3279 1318 3304 ma-

81 3323 250 3364 nifesto.
275 3324 434 3365 Scilicet
468 3326 597 3366 stadia
636 3331 712 3368 160
738 3329 936 3367 Arrianus
962 3335 1071 3366 recte
1095 3335 1233 3367 notata
1255 3342 1315 3367 re-

90 3388 195 3440 perit
225 3401 247 3425 a
277 3387 463 3440 Conopio
489 3387 541 3427 ad
573 3389 784 3438 Amisum,
807 3398 845 3428 ct
875 3403 1090 3443 perperam
1110 3390 1316 3432 transtulit

85 3447 140 3487 ad
157 3447 413 3486 intervallum
432 3447 483 3487 ab
501 3450 663 3488 Eusene
683 3448 735 3488 ad
747 3451 952 3499 Amisum,
973 3464 1103 3504 quum
1119 3464 1315 3491 numerus

78 3506 495 3549 -dividendusessetin
508 3509 636 3550 stadia
653 3523 730 3551 120
741 3519 780 3550 et
789 3514 857 3558 40.
867 3512 1013 3564 11—10.
1029 3510 1099 3566 Ἀγ
1111 3516 1236 3552 κῶνα
1251 3513 1316 3553 λι-

83 3571 170 3623 (μέν
186 3570 225 3623 α]
245 3567 430 3623 Ἄγκῶνος
439 3569 577 3624 λιμένα
592 3572 731 3611 Anon.
744 3572 977 3612 Marcianus
991 3580 1157 3627 portum
1176 3574 1218 3613 in
1234 3577 1316 3615 An-

87 3645 190 3671 cone
205 3632 490 3684 promontorio
507 3631 568 3672 vel
586 3634 801 3674 Anconem
815 3642 981 3689 portum
994 3649 1076 3675 non
1096 3626 1310 3687 memorat3

85 3692 330 3747 Apollonius
352 3691 487 3732 Rhod.
522 3695 579 3743 II,
603 3694 680 3735 365
704 3696 896 3749 angulum
920 3698 1042 3736 istum
1071 3697 1199 3737 litoris
1225 3708 1315 3735 ma-

94 3755 221 3796 iitimi
252 3762 345 3809 post
362 3755 449 3795 Irin
466 3755 564 3795 fluv.
588 3757 729 3810 ponit:
758 3757 868 3797 Μετὰ
888 3774 953 3799 τον
972 3759 992 3797 δ
995 3759 1139 3816 '(post
1150 3760 1314 3815 Ηειίμ1)

92 3816 298 3871 ἀγχίρροος
318 3815 412 3871 Ἶρις
437 3817 627 3872 μειότερος
658 3817 836 3874 λευκῇσιν
871 3818 1061 3860 ἑλίσσεται
1080 3819 1129 3867 εἰς
1161 3819 1281 3860 ἅλα
1262 3822 1315 3860 oi-

92 3894 185 3924 ναις.
206 3878 317 3917 Kasos
302 3893 338 3918 ev
354 3877 393 3917 δὲ
409 3879 621 3932 προτέρωσε
637 3879 753 3934 μέγας
768 3895 832 3919 και
848 3896 915 3921 υπε
922 3880 1083 3935 ίροχος’
1064 3881 1193 3936 αγκὼν
1211 3881 1316 3929 ἐξαν-

84 3942 171 3994 έχει
194 3940 319 3995 γαίης.
367 3939 430 3980 Cf.
453 3940 694 3981 Ptolemaeus
727 3943 782 3992 V,
819 3947 842 3983 6
869 3957 910 3997 p.
939 3944 1041 3993 334,
1068 3957 1131 3984 11.
1163 3945 1314 3998 Geogr.

86 4004 244 4042 Raven.
264 4010 307 4042 et
324 4002 427 4042 Tab.
451 4004 657 4057 Peuting.,
676 4018 766 4058 quae
794 4004 845 4044 ab
868 4006 1011 4046 Amiso
1030 4005 1081 4046 ad
1105 4009 1315 4047 Anconem

964 191 1258 239 PERIPLUS
1293 193 1475 240 PONTI
1510 195 1739 242 EUXINI.

1373 471 1426 514 ¹et
1462 464 1754 505 Amisenorum
1787 479 1906 518 agros
1939 475 2113 520 separat.

2527 219 2614 257 389

1389 316 1413 342 a
1431 303 1623 355 meridie,
1644 313 1692 346 ut
1713 305 1951 346 Herodotus
1971 307 1988 359 (
2006 310 2046 356 6,
2073 307 2152 362 72)
2178 310 2248 358 ait,
2273 310 2343 350 sed
2363 312 2413 351 ab
2435 322 2529 354 ortu
2550 330 2615 355 so-

1387 384 1434 424 lis
1457 397 1466 425 :
1494 385 1566 425 ubi
1587 393 1726 426 autem
1748 400 1790 426 se
1812 394 2008 427 exonerat
2027 388 2071 438 in
2104 389 2281 429 Pontum
2296 420 2306 438 ‚
2331 392 2615 447 Sinopensium

2174 468 2239 508 Ab
2272 470 2374 524 Haly
2404 472 2530 514 fluvio
2565 476 2617 516 ad

1384 545 1701 586 Naustathmum
1716 577 1726 595 ‚
1744 546 1816 586 ubi
1832 546 1947 601 palus
1959 578 1969 596 ,
1994 549 2214 601 nonaginta
2233 550 2376 591 stadia.
2438 554 2545 594 Hinc
2564 556 2616 595 ad

1386 624 1650 679 Conopeum,
1676 626 1796 666 aliam
1814 627 2005 682 paludem
2021 660 2031 678 ‚
2056 630 2184 670 stadia
2210 633 2520 688 quinquaginta.
2582 640 2614 677 A

2424 711 2527 753 Inde
2566 714 2618 754 ad

1386 783 1598 834 Amisum,
1621 792 1786 825 centum
1809 793 1849 825 et
1877 787 2085 839 sexaginta
2111 801 2119 827 :
2148 790 2311 830 Amisus
2337 800 2497 842 autem,
2519 793 2618 834 urbs

2552 873 2618 914 Ab

1387 941 1606 986 Amiso'ad
1628 947 1843 987 Anconem
1862 956 2029 1002 portum
2044 979 2055 998 ,
2078 948 2149 988 ubi
2169 951 2245 989 Iris
2261 951 2302 989 in
2325 953 2503 993 Pontum
2522 969 2617 995 exo-

2264 1032 2328 1073 Ab
2344 1035 2420 1074 Iris
2439 1037 2543 1076 ostio
2565 1037 2617 1077 ad

1386 1110 1630 1150 Heracleum
1668 1118 1837 1164 portum
1871 1119 2049 1152 trecenta
2072 1120 2112 1152 et
2138 1114 2369 1167 sexaginta,
2393 1116 2465 1156 ubi
2498 1119 2618 1158 statio

1389 702 1585 757 Conopeo
1626 703 1678 744 ad
1709 706 1900 745 Eusenen
1931 715 2096 746 centum
2132 716 2172 748 et
2206 709 2363 762 viginti.

1386 863 1554 912 Graeca,
1598 863 1912 905 Atheniensium
1949 866 2133 916 colonia,
2171 870 2273 908 mari
2316 869 2485 924 adjacet.

1389 1037 1572 1079 neratur,
1597 1036 1762 1069 centum
1783 1037 1822 1069 et
1837 1030 2043 1083 sexaginta
2061 1030 2203 1072 stadia.

1386 1190 1576 1230 navibus.
1637 1190 1746 1230 Hinc
1774 1190 1826 1230 ad
1848 1190 2202 1247 Thermodontem
2236 1194 2407 1234 fluvium
2444 1196 2617 1250 quadra-

1389 1353 1585 1399 supputat
1609 1348 1662 1393 24
1680 1345 1780 1385 mill.
1804 1346 1904 1397 (192
1926 1344 2031 1385 stad.
2049 1347 2082 1398 ).
2105 1346 2211 1386 Cum
2234 1348 2410 1388 Arriano
2434 1353 2510 1390 160
2539 1358 2617 1390 sta-

1389 1406 1456 1446 dia
1471 1407 1704 1446 numeranti
1735 1406 1830 1446 facit
1849 1409 2108 1462 Anonymus,
2137 1408 2209 1461 qui
2232 1408 2283 1448 ab
2312 1410 2454 1450 Amiso
2470 1409 2520 1450 ad
2542 1413 2620 1466 Ly-

1389 1476 1545 1508 castum
1564 1469 1606 1508 ss.
1628 1469 1747 1522 ponit
1769 1467 1873 1507 stad.
1901 1481 1969 1518 20,
1997 1469 2094 1509 hine
2114 1469 2166 1509 ad
2186 1469 2424 1511 Chadisium
2447 1472 2619 1512 fluvium

1390 1530 1609 1583 vicumque
1637 1533 1705 1578 40,
1735 1529 1832 1568 hinc
1855 1529 1907 1568 ad
1926 1531 2109 1570 Aneonis
2136 1538 2303 1584 portum
2327 1544 2418 1573 100.
2449 1534 2621 1574 Marcia-

1389 1605 1467 1630 nus
1488 1593 1587 1631 item
1602 1603 1655 1632 20
1675 1589 1803 1631 stadia
1817 1590 1868 1630 ad
1886 1593 2103 1645 Lycastum
2122 1601 2319 1641 recenset,
2338 1593 2434 1633 hinc
2452 1609 2545 1634 vero
2567 1596 2619 1636 ad

1390 1653 1628 1693 Chadisium
1657 1652 1734 1694 150
1762 1653 1906 1701 stadia,
1929 1653 2043 1707 quod
2062 1653 2206 1693 falsum
2230 1661 2304 1703 est,
2329 1663 2369 1695 at
2391 1670 2475 1695 non
2494 1658 2621 1697 corri-

1390 1715 1570 1766 gendum
1588 1715 1765 1764 videtur,
1785 1729 1914 1769 quum
1933 1715 2043 1755 idem
2055 1730 2078 1755 e
2091 1717 2288 1771 Menippo
2303 1717 2436 1758 tradat
2454 1719 2621 1774 Stepha-

1390 1791 1469 1816 nus
1485 1791 1518 1817 s.
1541 1791 1578 1817 v.
1600 1777 1777 1827 Χαδισία,
1806 1777 1961 1817 addens
1980 1793 2004 1818 a
2027 1777 2219 1818 Chadisio
2241 1778 2292 1818 ad
2323 1781 2409 1819 Irin
2432 1795 2517 1820 esse
2539 1790 2619 1823 sta-

1389 1838 1458 1879 dia
1481 1852 1572 1879 100.
1594 1841 1643 1879 In
1672 1838 1852 1878 Chadisii
1881 1840 2089 1879 mentione
2108 1838 2383 1892 fragmentum
2405 1843 2617 1894 Marciani,

1393 1901 1507 1955 quod
1527 1901 1656 1941 codex
1680 1902 1887 1941 Parisinus
1906 1901 2087 1952 exhibet,
2111 1901 2305 1942 subsistit.
2329 1904 2520 1944 Ceterum
2539 1906 2621 1946 Ha-

1391 1963 1534 2003 milton
1562 1965 1597 2012 Ι,
1626 1973 1667 2017 p.
1695 1965 1775 2017 287
1793 1964 1974 2004 Aneonis
1998 1972 2166 2018 portum
2197 1979 2279 2003 non
2311 1964 2362 2004 ad
2385 1965 2529 2016 Iridis,
2551 1967 2621 2007 sed

1389 2024 1441 2063 ad
1467 2025 1648 2065 Chadisii
1668 2026 1818 2065 ostium
1841 2025 2124 2065 collocandum
2140 2034 2291 2076 censet,
2309 2041 2437 2082 prope
2459 2027 2622 2068 hodier-

1390 2101 1490 2127 num
1515 2087 1714 2135 Derbend,
1738 2102 1866 2141 quum
1882 2088 1949 2128 hic
1963 2089 2110 2128 unicus
2129 2088 2180 2127 sit
2192 2090 2351 2128 arenosi
2363 2089 2492 2130 litoris
2509 2090 2621 2131 locus

1388 2149 1459 2201 qui
1480 2157 1647 2202 portum
1669 2149 1830 2188 habeat.
1859 2152 1914 2189 At
1937 2150 2032 2203 ipsae
2061 2150 2146 2189 istae
2164 2163 2310 2199 arenae,
2333 2151 2474 2203 vulgus
2490 2153 2621 2193 mobi-

1389 2209 1439 2259 le,
1457 2209 1604 2263 jubent
1626 2225 1678 2249 ne
1694 2210 1794 2263 quid
1817 2212 1967 2250 certius
1986 2224 2202 2252 assevereS.
2225 2211 2350 2263 Quod
2378 2213 2619 2254 Ptolemaeus

1388 2274 1603 2312 Anconem
1625 2273 1786 2325 longius
1808 2273 1859 2312 ab
1885 2273 1994 2312 Iride
2015 2281 2220 2324 removet,
2244 2287 2391 2327 parum
2424 2275 2619 2328 ponderis

1388 2333 1531 2382 habet;
1558 2349 1653 2373 nam
1676 2335 1821 2387 saepius
1849 2329 1934 2387 ja'm
1970 2333 2148 2374 vidimus
2173 2337 2467 2387 accuratiorem
2497 2336 2618 2391 hujus

1387 2408 1468 2434 orae
1490 2395 1807 2449 descriptionem
1830 2397 1872 2434 in
1892 2395 2037 2435 tabulis
2060 2395 2265 2435 Ptolemaei
2286 2410 2369 2436 non
2399 2411 2485 2437 esse
2508 2412 2616 2452 quae-

1386 2455 1571 2496 rendam.
1589 2481 1644 2486 —
1662 2458 1725 2496 De
1741 2458 1913 2511 Lycasto
1928 2456 2020 2495 vide
2036 2456 2187 2511 Scylac.
2203 2459 2310 2510 589,
2332 2458 2470 2512 ibique
2485 2468 2573 2500 not.
2597 2462 2613 2514 ΙΙ

1386 2541 1440 2548 -
1459 2519 1522 2558 13.
1543 2518 1590 2558 ‘H
1605 2518 1724 2574 ράκλ
1738 2533 1753 2559 ε
1766 2520 1850 2574 ιον]
1874 2519 2115 2562 Accuratius
2134 2521 2377 2574 Anonymus
2403 2532 2412 2560 :
2433 2518 2482 2568 εἰς
2502 2518 2619 2576 Ἡρά-

1385 2579 1514 2621 κλειον
1532 2582 1632 2636 ἱερὸν
1653 2582 1717 2622 καὶ
1737 2581 1971 2636 ἀκρωτήριον
2003 2582 2149 2621 στάδιοι
2174 2581 2229 2628 τξ’
2251 2582 2371 2634 (cod.
2390 2582 2442 2636 ρξ’
2459 2585 2492 2636 ),
2510 2584 2618 2638 μίλια

1388 2642 1470 2696 μη”
1496 2643 1657 2684 ἐνταῦθα
1679 2642 1798 2698 λιμὴν
1831 2645 1962 2698 μέγας,
1988 2643 2009 2682 ὁ
2039 2643 2249 2697 λεγόμενος
2271 2645 2476 2698 Δαμυρὼν,
2502 2643 2618 2701 ὅρμος

1388 2705 1497 2744 ναυσὶ
1530 2705 1595 2746 καὶ
1613 2705 1856 2759 ὓδρόστολος.
1882 2705 1946 2746 Cf.
1976 2705 2121 2745 Strabo
2139 2706 2236 2755 XII,
2262 2719 2304 2760 p.
2342 2705 2419 2753 548
2444 2719 2452 2746 :
2484 2706 2551 2748 Ἐν
2575 2708 2616 2748 δὲ

1384 2769 1434 2821 τῇ
1450 2767 1618 2821 παραλίᾳ
1635 2767 1753 2824 ταύτῃ
1774 2766 1837 2808 ἀπ’
1859 2766 2011 2821 Ἀμισοῦ
2031 2767 2207 2807 πλέουσιν
2232 2766 2255 2818 ἢ
2286 2765 2509 2821 Ἡράκλειος
2523 2769 2618 2823 ἄκρα

1384 2829 1533 2883 πρῶτόν
1552 2829 1668 2878 ἐστιν,
1689 2827 1763 2869 εἶτ’
1779 2828 1881 2880 ἄλλη
1903 2828 1999 2883 ἄκρα
2017 2827 2283 2880 Ἰασόνιονικαὶ
2298 2829 2318 2868 ὁ
2338 2829 2515 2882 Γενήτης.
2535 2832 2617 2871 He-

1384 2890 1562 2930 racleum
1586 2891 1937 2944 promontorium,
1962 2904 2057 2929 cum
2076 2889 2262 2930 Herculis
2285 2899 2428 2930 contra
2447 2893 2618 2932 Amazo-

1384 2968 1456 2993 nes
1475 2952 1738 3007 expeditione
1762 2953 1805 2992 in
1830 2951 1975 2992 fabulis
1999 2953 2289 3006 compositum,
2312 2946 2421 3006 apud
2448 2954 2614 3007 Apollo-

1386 3016 1502 3055 nium
1533 3014 1669 3055 Rhod.
1699 3016 1754 3064 II,
1781 3013 1861 3067 965
1893 3022 2062 3054 vocatur
2103 3013 2356 3067 Ἀμαζονίδων
2381 3013 2615 3068 λιμενήοχος

1385 3076 1495 3130 ἄκρα.
1532 3076 1694 3115 Etenim
1722 3076 1961 3128 Argonautas
1983 3074 2135 3114 Iridem
2158 3083 2198 3115 et
2226 3074 2410 3128 Ἀσσυρίης
2429 3076 2613 3128 πρόχυσιν

1384 3138 1525 3192 χθονὸς
1537 3138 1804 3192 praetervecti,
1822 3136 1966 3176 eodem
1983 3135 2050 3175 die
2065 3136 2241 3190 γνάμψαν
2260 3135 2509 3190 Ἀμαζονίδων
2524 3137 2611 3178 ἕκα-

1387 3201 1449 3240 θεν
1474 3200 1713 3254 λιμενήοχον
1740 3198 1874 3251 ἄκρην,
1900 3196 1990 3236 ἔνθα
2005 3196 2096 3237 ποτὲ
2116 3197 2384 3251 προμολοῦσαν
2418 3196 2612 3252 Ἀρητιάδα

1385 3262 1638 3313 Μελανίππην
1656 3262 1754 3315 ἥρως
1780 3258 1991 3314 Ἡρακλέης
2011 3259 2228 3312 ἐλοχήσατο
2314 3259 2388 3310 Τῆς
2405 3260 2420 3311 (
2439 3273 2496 3300 sc.
2521 3261 2612 3300 ταῦ-

1385 3328 1452 3375 τῆς
1466 3328 1532 3375 τῆς
1548 3325 1661 3378 ἄκρας
1682 3324 1693 3377 )
1714 3323 1753 3362 οἵ
1771 3323 1809 3376 γ’
1831 3322 1868 3362 ἐν
1898 3321 2030 3376 κόλπῳ
2054 3323 2240 3376 προχοαῖς
2264 3320 2326 3362 ἔπι
2341 3320 2613 3376 Θερμώδοντος

1385 3386 1540 3426 κέλσαν.
1577 3384 1699 3424 Unde
1735 3383 1938 3436 colligitur
1974 3384 2306 3437 promontorium
2331 3397 2415 3423 non
2443 3383 2563 3437 longe
2588 3399 2609 3424 a

1383 3447 1703 3488 Thermodontis
1723 3446 1828 3485 ostio
1859 3444 2049 3494 abfuisse,
2078 3446 2196 3485 sicuti
2225 3446 2425 3486 Arrianus
2446 3447 2611 3487 nonnisi

1385 3514 1439 3559 40
1458 3510 1586 3550 stadia
1607 3509 1658 3549 ab
1680 3507 1875 3548 Heracleo
1890 3506 1941 3547 ad
1957 3507 2131 3547 fluvium
2151 3508 2275 3547 istum
2291 3515 2473 3562 exputat.
2493 3507 2611 3548 Idem

1384 3561 1714 3627 promontoiium
1740 3563 1982 3623 Apollonius
2014 3571 2070 3619 ΙΙ,
2100 3570 2174 3622 371
2209 3568 2458 3625 Θεμισκῦριον
2493 3569 2609 3624 ἄκρην

1385 3634 1571 3689 appellat.
1610 3631 1769 3684 Quodsi
1792 3630 1995 3672 scholiast.
2017 3630 2152 3689 Apoll.
2179 3633 2235 3681 ΙΙ,
2261 3630 2339 3685 965
2361 3631 2491 3671 dicit:
2514 3631 2610 3670 κατὰ

1386 3698 1425 3737 δὲ
1458 3695 1525 3746 τὴν
1560 3694 1808 3749 Θεμισκυριον
1842 3693 1959 3748 ἄκραν
1987 3693 2092 3734 καὶο
2077 3710 2101 3745 η
2131 3693 2348 3749 καλουμένη
2389 3691 2610 3746 Ἡράκλειος

1386 3759 1482 3813 ἄκρα
1501 3757 1617 3806 ἐστὶν,
1646 3751 1690 3806 ἧς
1713 3756 1828 3796 ἄλλοι
1859 3771 1899 3796 τε
1922 3756 1986 3796 καὶ
2011 3754 2277 3811 Ἀρτεμίδωρος
2298 3756 2520 3810 μέμνηνται,
2555 3754 2610 3808 ἐφ’

1386 3816 1429 3871 ἧς
1447 3820 1490 3860 τὸ
1517 3821 1584 3859 τοῦ
1611 3816 1841 3872 Ἡρακλέους
1876 3818 1976 3873 ἱερὸν
1995 3818 2145 3872 ἵδρυται
2170 3830 2180 3857 :
2211 3818 2297 3857 haec
2319 3815 2495 3855 duorum
2517 3829 2612 3868 pre-

1387 3882 1689 3923 montoriorum
1713 3880 1920 3921 distinctio
1944 3880 2107 3920 nonnisi
2139 3893 2188 3918 eo
2204 3879 2276 3917 niti
2302 3876 2475 3923 videtur,
2499 3875 2612 3929 quod

1390 3946 1467 3985 alio
1488 3943 1654 3983 nomine
1675 3950 1794 3996 poeta
1808 3973 1819 3991 ,
1844 3943 1923 3982 alio
1942 3940 2157 3994 geographi
2182 3938 2355 3979 eundem
2387 3937 2520 3977 locum
2540 3951 2611 3991 ap-

1390 4006 1604 4061 pellarunt.
1631 4005 1830 4044 Praetcrea
1863 4002 2091 4057 Ἡρακλέους
2117 4001 2232 4055 ἄκραν
2259 4007 2461 4040 memorat
2482 3998 2612 4041 Ptole-
