2808 4342
0 0 54 281 l

33 542 56 569 f>

0 884 49 917 Νι

84 153 161 211 (35,
176 150 252 212 3⁶.)

80 255 236 315 ἀγρίων
251 291 262 311 ,
285 253 356 300 καὶ
375 247 602 316 Βαργύσων
622 251 758 312 ἕτερον
779 250 887 303 ἔθνος
903 251 974 296 καὶ
993 252 1038 296 τὸ
1054 254 1134 297 τῶν
1154 251 1316 300 Ἱππιο-

82 322 315 385 προσώπων
340 320 404 384 [ἢ]
425 319 831 382 Μακροπροσώπων,
855 319 1074 382 λεγόμενον
1100 324 1314 384 ἀνθρωπο-

83 390 212 453 φάγον
236 383 353 437 εἶναι.

144 474 199 505 63.
234 456 353 504 Μετὰ
375 455 418 502 δὲ
440 458 592 513 ταῦτα,
614 458 670 509 εἷς
696 450 774 512 Ῐτὴν
813 457 1018 514 ἀνατολὴν
1049 457 1314 522 [πλεόντων]

81 527 150 573 καὶ
183 526 251 572 τὸν
285 525 464 571 ὠκεανὸν
497 527 536 571 ἓν
573 525 714 579 δεξιοῖς
740 527 945 589 ἐχόντων,
979 526 1169 587 εὐώνυμα
1197 526 1240 573 δὲ
1263 527 1314 573 τὰ

81 594 204 641 λοιπὰ
228 593 333 656 μέρη
360 594 503 648 ἔξωθεν
529 595 851 658 παραπλεόντων
867 632 880 657 ,
906 599 926 641 ὁ
957 595 1124 657 Γάγγης
1151 598 1315 660 ἀπαντᾷ

79 664 149 709 καὶ
187 666 212 719 ἡ
252 663 347 725 περὶ
389 663 516 720 αὐτὴν
555 664 712 726 ἐσχάτη
758 669 829 722 τῆς
880 667 1080 721 ἀνατολῆς
1119 664 1311 728 ἤπειρος,

80 736 105 788 ἡ
129 734 291 794 Χρυσῆ.
359 732 554 792 Ποταμὸς
577 734 619 778 δέ
639 735 725 779 ἐστι
747 733 842 794 περὶ
865 733 991 790 αὐτὴν
1016 737 1038 779 ὁ
1057 733 1223 795 Γάγγης
1242 737 1314 780 λε-

78 802 270 863 γόμενος,
293 801 363 848 καὶ
387 801 507 853 αὐτὸς
540 802 730 863 μέγιστος
765 805 846 849 τῶν
878 802 987 849 κατὰ
1017 802 1090 859 τὴν
1111 804 1312 862 Ἰνδικὴν,

78 871 286 917 ἀπόὸασίν
309 890 354 917 τε
374 871 444 916 καὶ
468 871 670 918 ἀνάδασιν
689 871 763 929 τὴν
792 871 919 929 αὐτὴν
943 872 1049 935 ἔχων
1071 876 1129 936 τῷ
1149 873 1310 936 Νείλῳ,

76 943 168 986 καθ’
200 940 244 986 ὃν
281 940 352 986 καὶ
387 939 585 1012 ἐμπόριόν
622 943 730 987 ἔστιν
769 942 986 1003 ὁμώνυμον
1014 945 1080 1005 -τῷ
1105 946 1312 1006 ποταμῷ,

77 1013 98 1054 ὃ
121 1009 309 1071 Γάγγης,
329 1009 378 1055 δι’
403 1015 446 1056 οὗ
468 1010 635 1072 φέρεται
650 1011 696 1056 τό
715 1030 758 1056 τε
781 1011 1048 1074 μαλάὸαθρον
1068 1012 1138 1057 καὶ
1157 1015 1183 1068 ἡ
1204 1015 1314 1074 Γαγ-

42 1126 45 1129 ,
77 1078 226 1139 γητικὴ
266 1079 409 1142 νάρδος
440 1079 511 1124 καὶ
543 1080 703 1126 πινικὸν
738 1080 809 1126 καὶ
833 1080 1007 1134 σινδόνες
1039 1083 1082 1126 αἱ
1106 1081 1314 1145 διαφορώ-

77 1166 221 1205 ταται,
260 1150 302 1194 αἱ
350 1149 611 1209 Γαγγητικαὶ
644 1149 881 1210 λεγόμεναι.

949 1150 1128 1212 Λέγεται
1166 1150 1207 1196 δὲ
1244 1151 1315 1197 καὶ

40 1237 55 1262 5
76 1216 342 1280 χρυσωρύχια
376 1215 470 1281 περὶ
493 1217 585 1270 τοὺς
606 1218 752 1271 τόπους
774 1211 901 1280 εἶναι,
924 1219 1109 1279 νόμισμά
1128 1238 1172 1265 τε
1208 1238 1314 1282 χρυ-

77 1288 149 1331 σοῦ
165 1321 178 1345 ,
201 1285 453 1347 δλεγόμενος
477 1286 633 1339 κάλτις.
702 1288 810 1334 Κατ’
827 1287 947 1333 αὐτὸν
971 1287 1014 1333 δὲ
1037 1287 1105 1333 τὸν
1127 1289 1313 1349 ποταμὸν

28 1378 32 1379 ’
77 1355 199 1409 ν’ῆσός
221 1357 328 1400 ἔστιν
359 1354 554 1407 ὠκεάνιος
568 1392 579 1412 ,
601 1356 759 1418 ἐσχάτη
784 1360 863 1402 τῶν
884 1357 983 1419 πρὸς
1006 1357 1209 1414 ἀνατολὴν
1235 1378 1313 1418 με-

5 1577 52 1607 20

8 1921 51 1951 ⁴25

78 1425 156 1485 ρῶν
191 1426 263 1478 τῆς
295 1422 560 1483 οἰκουμένης,
584 1425 651 1469 ὑπ’
689 1425 811 1470 αὐτὸν
849 1425 1048 1488 ἀνέχοντα
1079 1426 1146 1472 τὸν
1176 1426 1312 1485 ἥλιον,

76 1490 311 1550 καλουμένη
334 1492 506 1552 Χρυσῆ,
529 1491 717 1552 χελώνην
738 1493 892 1555 ἔχουσα
915 1494 1080 1540 πάντων
1100 1497 1180 1541 τῶν
1205 1495 1314 1541 κατὰ

75 1559 150 1616 τὴν
170 1559 370 1622 Ἐρυθρὰν
387 1558 524 1604 τόπων
546 1560 735 1621 ἀρίστην.

139 1645 197 1676 64.
238 1629 364 1677 Μετὰ
385 1629 427 1675 δὲ
461 1629 614 1686 ταύτην
638 1629 713 1686 τὴν
736 1628 878 1693 χώραν
901 1633 972 1676 ὑπ’
995 1631 1115 1676 αὐτὸν
1138 1631 1217 1688 ἥδη
1245 1632 1313 1678 τὸν

79 1700 224 1762 βορέαν
244 1735 256 1761 ,
282 1699 424 1752 ἔξωθεν
449 1701 505 1751 εἷς
531 1698 658 1752 Θινός
678 1719 769 1745 τινα
789 1700 913 1746 τόπον
937 1700 1223 1762 ἀποληγούσης
1242 1706 1314 1758 τῆς

77 1769 298 1827 θαλάσσης,
313 1769 561 1832 παράκειται
579 1771 618 1814 ἐν
639 1771 743 1831 αὐτῇ
761 1771 878 1823 πόλις
897 1769 1106 1831 μεσόγειος
1123 1770 1312 1832 μεγίστη,

76 1841 276 1901 λεγομένη
296 1840 438 1900 Θῖναι,
458 1838 526 1902 ἀφ’
548 1832 598 1894 ἧς
619 1838 666 1887 τό
688 1858 732 1884 τε
755 1838 859 1901 ἔριον
880 1840 951 1886 καὶ
971 1840 1016 1885 τὸ
1039 1843 1151 1900 νῆμα
1172 1840 1242 1885 καὶ
1265 1841 1311 1886 τὸ

74 1908 225 1955 ὀΕόνιον
246 1909 291 1954 τὸ
314 1907 493 1970 Σηρικὸν
510 1910 565 1960 εἷς
586 1907 637 1953 τὰ
655 1908 878 1971 Βαρύγαζα
902 1908 968 1955 διὰ
988 1909 1188 1971 Βάκτρων
1207 1913 1311 1973 πεζῇ

76 1977 239 2041 φέρεται
258 1977 328 2023 καὶ
359 1981 416 2029 εἰς
438 1977 511 2033 τὴν
536 1977 772 2040 Λιμυρικὴν
796 1978 920 2024 πάλιν
952 1977 1019 2024 διὰ
1038 1983 1107 2024 τοῦ
1139 1979 1305 2040 Γάγγου

72 2155 126 2196 de
143 2156 220 2196 hac
241 2163 359 2209 gente
377 2154 391 2210 (
410 2154 572 2196 Cirdtas
587 2155 631 2195 in
657 2155 863 2196 Indorum
880 2155 996 2196 libris
1016 2156 1030 2211 )
1052 2164 1092 2196 et
1115 2156 1316 2196 similibus

76 2232 114 2258 v.
150 2219 195 2258 in
227 2226 315 2273 not:
348 2216 401 2258 ad
420 2218 585 2270 Fragm.
608 2218 766 2258 Histor.
801 2226 902 2257 tom.
924 2219 992 2267 H,
1030 2232 1074 2271 p.
1097 2217 1194 2266 425.
1219 2219 1234 2271 Η
1261 2242 1316 2249 -—

79 2292 116 2319 1.
144 2280 173 2319 B
186 2295 270 2334 αργ
283 2279 437 2333 ύσων]
473 2279 592 2318 Hanc
613 2280 862 2319 continentis
885 2287 1049 2332 gentem
1071 2279 1315 2320 Ptolemaeus

75 2355 161 2381 non
181 2341 319 2390 habet,
344 2349 549 2380 memorat
577 2349 716 2380 autem
742 2341 936 2395 Βαρούσας
958 2341 1108 2381 insulas
1132 2342 1316 2395 quinque

75 2403 511 2458 anthropophagorum
534 2401 547 2457 (
566 2403 664 2452 VH,
690 2416 731 2452 2,
746 2405 798 2444 28
817 2405 850 2456 ).

131 2468 153 2518 §
176 2470 245 2516 63,
261 2465 290 2505 l.
309 2468 350 2513 4.
371 2464 570 2506 πλεόντων
588 2465 723 2519 suppl.
746 2465 973 2505 Fabricius.
998 2467 1013 2518 ΙΙ
1033 2489 1090 2496 —-
1110 2478 1175 2506 ιο.
1199 2463 1314 2505 ἀνά-

76 2527 215 2567 δασιν
230 2559 238 2567 .
254 2558 264 2567 .
283 2526 480 2582 Νείλῳ]
508 2525 571 2566 Cf.
596 2526 743 2567 AElian.
767 2529 850 2568 An.
866 2528 919 2567 N.
937 2528 1035 2577 ΧΠ,
1062 2529 1112 2575 41
1139 2526 1315 2567 ;πλατῦ-

77 2602 180 2628 νεται
213 2588 254 2628 δὲ
280 2588 346 2628 καὶ
373 2587 641 2642 ὓπερεκχεῒται
678 2587 728 2635 εἷς
754 2588 928 2635 σταδίους
950 2588 1227 2643 τετρακοσίους.
1254 2591 1316 2629 De

75 2650 222 2691 annuis
243 2650 359 2690 fluvii
391 2650 656 2690 incrementis
679 2664 729 2689 ex
748 2652 787 2690 vi
810 2665 936 2704 quam
954 2651 1088 2691 etesiae
1104 2652 1147 2690 in
1175 2665 1316 2705 aequor

75 2712 338 2766 Bengalicum
349 2720 556 2762 exercent,
574 2711 826 2766 explicandis
837 2727 875 2752 v.
891 2714 1038 2752 Ritter.
1053 2714 1129 2762 VI,
1144 2727 1187 2767 p.
1210 2713 1313 2753 1215

76 2775 176 2829 ibiq.
191 2773 360 2815 laudati.
378 2774 457 2828 ss—
472 2786 536 2814 12.
552 2772 762 2828 Γαγγιτικὴ
776 2773 870 2814 cod.
885 2774 928 2814 h.
940 2774 968 2814 l.
983 2782 1023 2814 et
1035 2788 1130 2814 mox
1144 2775 1311 2815 iterum.

83 2838 254 2891 {1—19..
272 2836 471 2891 ὁΓάγγη
484 2837 515 2891 ς]
532 2835 595 2877 Cf.
614 2836 834 2886 Ptol.VII,
858 2850 895 2886 1,
914 2838 963 2878 81
984 2850 993 2877 ε
1016 2834 1094 2887 Τὴν
1112 2836 1152 2877 δὲ
1167 2837 1253 2892 περὶ
1268 2837 1339 2878 τα

78 2901 250 2955 στόματα
268 2902 336 2940 τοῦ
357 2899 511 2954 Γάγγου
544 2900 669 2940 πᾶσαν
700 2899 906 2953 κατέχουσι
920 2899 1176 2955 Γαγγαρῖδαι,
1201 2899 1239 2941 ἐν
1260 2900 1317 2949 οἷς

76 2963 185 3010 πόλις
202 2963 269 3014 ἥδε
284 2979 292 2986 ·
329 2963 460 3017 Γάγγη
486 2961 695 3016 βασίλειον,
722 2976 848 3015 quam
878 2962 1026 3002 urbem
1062 2961 1113 3017 ad
1147 2963 1315 3003 tertium

77 3039 197 3065 suum
215 3025 329 3065 ssuvii
351 3025 503 3064 ostium
521 3023 706 3064 collocat.
725 3024 896 3078 Gangen
910 3024 1057 3064 urbem
1073 3022 1315 3065 mediterra-

79 3100 196 3127 neam
218 3101 267 3127 ex
283 3085 549 3127 Artemidoro
565 3094 769 3126 memorat
787 3087 847 3127 Sta·
856 3086 935 3126 abo
949 3100 991 3141 p.
1010 3090 1107 3140 719',
1122 3087 1314 3127 Nostram

79 3147 130 3188 ab
149 3149 304 3188 oriente
325 3147 536 3189 hodiernae
550 3148 765 3204 Duliapur
781 3163 814 3189 s.
847 3149 1055 3204 Dalispur
1079 3148 1203 3189 fuisse
1220 3164 1315 3190 cen-

80 3217 139 3249 set
156 3212 362 3251 Mannert.
378 3212 434 3261 V,
460 3224 497 3261 1,
521 3225 564 3265 p.
587 3225 678 3252 110.
704 3214 796 3266 11-
814 3215 880 3252 16.
899 3212 1100 3267 κάλτις]
1120 3211 1220 3266 Ejus
1239 3227 1315 3252 no-

81 3272 203 3311 minis
221 3286 396 3313 numum
411 3274 535 3313 etiam
546 3288 658 3313 nunc
682 3275 726 3314 in
739 3275 929 3328 Bengalia
944 3289 1031 3315 esse
1053 3284 1195 3316 monet
1212 3276 1316 3315 Vin-

81 3340 238 3373 centuS.
250 3333 420 3374 Subesse
428 3349 571 3374 vocem
581 3337 765 3375 sanserit.
780 3335 972 3384 Kaliea‚i.
985 3351 1021 3376 e.
1033 3345 1312 3388 numeratum,

82 3394 283 3449 Benseyus
294 3409 337 3450 p.
357 3397 435 3450 309
449 3405 601 3437 censet.
620 3398 709 3451 11—
728 3412 793 3450 19.
812 3399 902 3438 καλ
914 3414 963 3438 ου
979 3400 1063 3453 μέν
1076 3399 1314 3455 η]’κλειομέ-

83 3474 128 3510 νη
149 3457 262 3509 cod.;
281 3472 360 3498 em.
382 3459 505 3499 Salm.
525 3459 548 3512 ΙΙ
562 3483 618 3490 -
644 3473 709 3512 19.
723 3460 756 3500 X
769 3462 913 3515 ρυσῆ]
935 3461 1091 3502 Ultima
1109 3470 1313 3504 terrarum

81 3522 230 3561 Noster
245 3519 392 3560 eodem
410 3520 493 3561 fere
521 3521 648 3561 modo
671 3522 749 3562 sibi
769 3522 1017 3573 efformavit,
1032 3538 1116 3578 quo
1138 3524 1314 3566 Alexan-

80 3584 191 3624 drini
209 3583 443 3638 geographi,
456 3584 527 3637 qui
541 3591 677 3624 tamen
689 3585 875 3639 Chrysen
890 3585 1079 3626 nondum
1095 3597 1308 3629 noverant.

82 3650 144 3688 Eo
161 3646 328 3686 nomine
348 3645 454 3685 sama
468 3646 690 3686 involvitur
701 3660 794 3700 quae
810 3646 862 3687 de
877 3647 1030 3688 ultimae
1045 3647 1168 3702 hujus
1183 3651 1313 3703 regio-

82 3711 145 3749 nis
167 3708 320 3748 divitiis
342 3706 395 3747 ad
422 3707 587 3747 Graecos
609 3707 842 3749 devenerat.
871 3710 1001 3750 Situm
1018 3724 1095 3764 pro
1113 3713 1312 3765 cognitio-

82 3773 145 3811 nis
170 3769 447 3824 geographicae
462 3783 681 3823 progressu
698 3770 762 3810 alii
779 3771 894 3811 aliter
912 3770 1176 3814 definiebant.
1195 3776 1312 3816 Anti—

82 3833 321 3886 quissimam
356 3831 530 3885 Chryses
566 3830 718 3871 samam
757 3846 918 3873 servare
957 3834 1121 3875 videtur
1157 3836 1312 3877 Plinius

81 3895 157 3943 VI,
181 3894 248 3943 23,
265 3895 331 3943 80,
355 3892 428 3932 ubi
446 3905 455 3932 ε
481 3895 618 3932 Extra
639 3893 790 3933 ostium
809 3894 910 3935 Indi
929 3895 1069 3950 Chryse
1083 3907 1121 3937 et
1143 3901 1312 3952 Ανὲγνε,

72 3956 237 4010 fertiles
254 3954 445 4003 metallis,
467 3963 512 3994 ut
526 3954 666 4004 cre(l0‚·
691 3970 786 3996 nam
805 3956 915 4011 quod
936 3957 1069 4013 aliqui
1095 3959 1313 4009 tradidere,

900 149 1193 198 PERIPLUS
1229 153 1416 200 MARlS
1452 157 1801 205 ERYTHRAEL

2526 184 2612 224 303

1387 273 1427 304 et
1453 266 1883 324 Hippioprosoporum
1902 269 2024 326 (sive)
2039 272 2454 329 Macroprosoporum
2481 280 2619 336 (equi.

1388 346 1490 373 num
1514 334 1578 375 vel
1605 335 1776 390 longum
1795 337 1957 378 vultum
1970 337 2209 380 habentium
2228 343 2268 395 ),
2294 344 2363 396 qui
2393 347 2616 403 anthropo-

1385 401 1509 455 phagi
1527 417 1613 445 esse
1632 405 1838 448 seruntur.

1443 469 1511 510 63.
1550 473 1648 512 Post
1679 473 1767 514 haec
1793 488 1933 515 versus
1957 476 2104 516 'ortum
2139 476 2323 519 tendenti
2347 489 2386 521 et
2410 484 2617 528 Oceanum

1385 542 1552 585 habenti
1570 560 1594 585 a
1616 546 1760 588 dextra
1781 556 1822 589 et
1844 563 1976 599 oram,
1999 564 2090 604 quae
2113 551 2165 591 ad
2194 553 2399 595 sinistram
2419 560 2616 611 sequitur,

1385 631 1435 656 ex
1458 617 1540 657 alto
1565 619 2059 675 praetervehenti'Ganges
2082 626 2277 676 occurrit,
2309 641 2356 668 ac
2377 642 2506 684 prope
2523 646 2618 674 eum

1384 688 1530 729 ultima
1552 690 1733 730 Orientis
1751 692 1880 745 regio,
1906 692 2060 748 Chryse
2082 696 2165 736 sive
2188 700 2337 740 Aurea.
2397 701 2520 743 Circa
2529 718 2619 746 eam

1385 769 1446 801 est
1477 762 1638 815 Ganges
1676 763 1825 803 fluvius
1859 765 2047 805 omnium
2081 767 2123 807 in
2151 769 2270 810 India
2292 773 2522 825 maximus,
2547 778 2618 830 qui

1384 832 1530 874 eodem
1564 848 1647 888 quo
1668 834 1785 875 Nilus
1806 835 1932 876 modo
1952 852 2132 879 crescere
2162 849 2201 880 et
2231 841 2463 886 decrescere
2498 848 2614 890 solet.

1385 906 1556 968 Adjacet
1571 907 1607 948 ei
1626 909 1875 963 emporium,
1897 910 2011 964 quod
2027 911 2171 953 eodem
2188 928 2270 968 quo
2288 916 2436 958 fluvius
2450 907 2619 963 nomine

1385 979 1547 1032 Ganges
1576 988 1761 1021 vocatur.
1820 982 1900 1021 Per
1929 981 1972 1021 id
2000 983 2300 1026 malabathrum
2333 996 2372 1028 et
2397 990 2618 1045 Gangetica

1385 1052 1538 1093 nardus
1553 1061 1592 1093 et
1602 1054 1721 1108 piper
1742 1062 1782 1094 et
1796 1056 2135 1110 praestantissimae
2154 1058 2345 1100 sindones
2358 1092 2370 1111 ,
2388 1063 2619 1118 Gangeticae

1384 1126 1503 1167 dictae
1518 1158 1528 1176 ‚
1554 1135 1838 1182 exportantur.
1897 1130 2097 1170 Praeterea
2115 1131 2365 1174 aurifodinas
2380 1135 2423 1175 in
2439 1136 2503 1178 his
2520 1137 2619 1180 locis

1385 1215 1471 1241 esse
1496 1200 1648 1251 ferunt,
1675 1209 1797 1256 atque
1820 1203 2024 1242 nomisma
2050 1218 2220 1245 aureum
2235 1237 2246 1254 ,
2272 1207 2384 1260 quod
2405 1210 2527 1250 Caltis
2549 1226 2620 1252 vo-

1384 1282 1514 1314 catur.
1576 1273 1643 1315 Ad
1659 1273 1771 1314 hunc
1787 1288 1914 1329 porro
1929 1274 2101 1315 fluvium
2114 1276 2157 1315 in
2173 1279 2337 1318 Oceano
2350 1280 2480 1320 insula
2494 1281 2616 1334 jacet,

1384 1348 1555 1390 habitati
1578 1348 1690 1389 orbis
1712 1363 1806 1404 pars
1841 1364 1980 1390 versus
2005 1358 2144 1390 ortum
2178 1351 2346 1403 ultima,
2384 1354 2460 1393 sub
2486 1356 2620 1409 ipsum

1384 1424 1460 1464 sita
1491 1423 1620 1464 solem
1646 1424 1869 1474 orientem
1899 1424 2055 1479 Chryse
2090 1425 2340 1480 appellatur;
2372 1427 2622 1469 testudinem

1383 1496 1507 1538 habet
1524 1498 1712 1537 omnium
1738 1512 1829 1551 quae
1850 1512 1924 1552 per
1942 1498 2032 1539 loca
2051 1500 2175 1539 maris
2191 1500 2392 1554 Erythraei
2408 1502 2621 1556 reperiun-

1383 1579 1452 1611 tur
1469 1570 1859 1625 praestantissimam.

1441 1645 1510 1690 64.
1541 1644 1639 1682 Post
1660 1642 1769 1682 hanc
1789 1641 2001 1694 regionem
2024 1642 2100 1682 sub
2128 1643 2264 1697 ipsum
2290 1643 2484 1694 boream,
2517 1645 2621 1684 mari

1385 1710 1636 1749 extrinsecus
1666 1710 1709 1748 in
1739 1709 1886 1749 Thinis
1907 1709 2045 1750 locum
2074 1710 2282 1764 quendam
2306 1711 2539 1762 desinente,
2576 1713 2618 1753 in

1384 1775 1686 1816 mediterraneo
1696 1775 1842 1815 Thinis
1853 1784 1987 1816 tractu
1998 1778 2074 1816 sita
2085 1786 2145 1817 est
2158 1778 2258 1818 urbs
2270 1779 2464 1828 maxima,
2474 1779 2620 1820 Thinae

1384 1844 1493 1885 dicta
1505 1874 1517 1894 ,
1539 1859 1590 1883 ex
1608 1858 1690 1898 qua
1716 1843 1840 1896 lana(
1861 1844 2008 1896 lanugo
2026 1845 2186 1886 arboris
2210 1846 2423 1902 Inniferae)
2448 1855 2489 1888 et
2506 1847 2621 1889 filum

1382 1921 1423 1952 ct
1451 1912 1670 1952 othonium
1689 1911 1875 1952 Sericum
1895 1914 2099 1967 Barygaza
2118 1927 2193 1968 per
2216 1915 2419 1954 Bactriam
2440 1917 2621 1957 terrestri

1382 1981 1528 2021 itinere
1543 2011 1554 2029 ,
1590 1988 1630 2020 et
1665 1993 1739 2033 per
1774 1980 1961 2033 Gangem
1994 1981 2166 2020 fluvium
2204 1982 2246 2021 in
2284 1976 2518 2037 Limyricen
2554 1999 2622 2025 ex-

1382 2171 1550 2195 nnreum
1561 2165 1868 2210 argenteamque
1886 2156 1939 2196 iis
1957 2157 2088 2196 solum
2105 2157 2220 2196 leand
2219 2157 2355 2209 facile
2366 2158 2606 2199 crediderim

1382 2218 1490 2258 Mela
1521 2219 1607 2268 III,
1640 2232 1663 2271 7
1683 2218 1740 2257 ita
1762 2230 1771 2257 z
1801 2217 1875 2257 Ad
1910 2221 2081 2258 Tamum
2117 2218 2220 2272 (aut
2245 2219 2392 2259 Tabin.
2425 2220 2488 2260 Cf.
2510 2221 2616 2262 Plin.

1382 2278 1458 2327 VI,
1485 2279 1569 2330 20)
1603 2276 1738 2317 insula
1760 2287 1820 2316 est
1842 2278 1997 2330 Chryse,
2030 2278 2089 2318 acl
2105 2282 2271 2330 Gangen
2302 2283 2471 2333 Argyre.
2497 2281 2619 2322 Tabis

1382 2348 1519 2379 autem
1536 2339 1654 2379 Melae
1675 2347 1735 2378 est
1755 2340 1879 2378 Tauri
1897 2341 2233 2393 promontorium
2252 2341 2459 2381 ultimum.
2485 2343 2619 2394 Igitur

1382 2402 1567 2456 Chrysen
1606 2401 1781 2441 insulam
1825 2402 1944 2455 ponit
1999 2402 2070 2441 ubi
2113 2402 2402 2443 Eratosthenes
2450 2404 2620 2446 collocat

1381 2465 1551 2513 Thinas,
1574 2478 1598 2503 a
1616 2463 1743 2503 borea
1760 2464 1929 2517 Gangis,
1955 2464 1998 2504 in
2031 2465 2219 2505 confiniis
2253 2467 2407 2506 Oceani
2425 2466 2558 2508 Indici
2578 2478 2619 2510 et

1382 2527 1574 2581 Scythici.
1610 2526 1758 2566 Noster
1787 2525 1971 2580 Chrysen
1991 2526 2114 2566 habet
2140 2526 2315 2567 insulam
2348 2541 2477 2582 prope
2509 2530 2619 2570 Gan-

1382 2604 1475 2643 gem
1511 2590 1555 2629 in
1578 2588 1660 2629 alto
1691 2590 1826 2628 sitam.
1854 2588 2060 2628 Ptolemaei
2092 2604 2178 2630 aevo
2209 2589 2375 2630 dilatata
2409 2599 2614 2633 terrarum

1382 2651 1799 2704 transgangeticarum
1821 2651 2078 2703 cognitione,
2112 2651 2269 2706 Chryse
2292 2659 2352 2691 est
2370 2659 2469 2705 nota
2486 2655 2618 2693 omni·

1382 2714 1459 2754 bus
1476 2712 1703 2769 peninsula.
1728 2711 1792 2753 Cf.
1809 2713 2009 2753 Marcian.
2030 2727 2074 2768 p.
2098 2716 2147 2762 14
2170 2712 2306 2754 Huds.

1439 2779 1461 2828 §
1485 2780 1554 2826 64,
1576 2775 1604 2815 l.
1624 2788 1692 2815 22.
1712 2774 1743 2814 Θ
1759 2774 1862 2821 ινὸς
1883 2776 1897 2829 ]
1925 2774 2083 2815 Eadem
2110 2775 2243 2816 forma
2265 2776 2308 2815 in
2341 2789 2431 2829 sqq.
2465 2775 2527 2816 bis
2558 2790 2624 2817 re-

1383 2839 1527 2888 currit,
1549 2852 1674 2892 quam
1686 2845 1839 2877 temere
1854 2837 1897 2876 in
1915 2837 2037 2878 Σινῶν
2062 2839 2215 2878 mutari
2233 2837 2362 2878 voluit
2384 2837 2616 2879 Salmasius.

1388 2902 1403 2955 ΙΙ
1434 2924 1490 2932 ——
1525 2904 1595 2949 24.
1622 2899 1722 2940 Θῖνα
1747 2899 1893 2940 codex.
1923 2899 2037 2940 Θῖναι
2060 2900 2160 2941 urbs
2189 2893 2362 2941 vocatur
2388 2901 2622 2941 Eratosthe-

1382 2963 1425 3002 ni
1444 2976 1510 3017 ap.
1530 2962 1723 3002 Strabon.
1742 2963 1778 3011 Ι,
1798 2976 1841 3016 p.
1866 2964 1917 3011 64
1937 2970 1977 3002 et
1995 2964 2063 3012 68,
2082 2963 2159 3002 sita
2177 2961 2230 3002 ad
2245 2969 2476 3002 extremum
2494 2963 2619 3003 Emo-

1382 3024 1484 3065 dum
1506 3033 1693 3064 montem
1722 3023 1799 3063 sub
1822 3023 1969 3064 eodem
1995 3038 2078 3078 quo
2104 3023 2275 3064 Rhodus
2295 3022 2500 3076 parallelo.
2523 3024 2620 3062 Haec

1382 3078 1479 3127 cum
1495 3087 1655 3127 Nostris
1673 3086 1912 3126 concinunt.
1930 3085 2172 3126 Ptolemaeus
2187 3085 2285 3134 VII,
2301 3084 2341 3133 3,
2363 3087 2386 3123 6
2406 3082 2551 3123 urbem
2565 3082 2618 3123 ad

1382 3150 1446 3190 sui
1478 3150 1591 3190 orbis
1623 3148 1923 3189 extremitatem
1953 3147 2201 3188 transferens
2225 3147 2268 3187 in
2291 3146 2481 3186 Sinarum
2510 3153 2617 3186 terra

1381 3213 1500 3267 ponit
1537 3212 1582 3252 3⁰
1611 3210 1714 3250 latit.
1750 3208 1966 3249 australis:
1992 3207 2016 3259 ἥ
2050 3207 2283 3262 μητρόπολις
2316 3204 2425 3262 (τῶν
2459 3206 2618 3260 Σινῶν)

1381 3274 1533 3325 Σῖναιῆ
1555 3273 1668 3314 Θῖναι
1682 3288 1690 3296 ·
1712 3270 1797 3311 οὔτε
1821 3271 1949 3325 μέντοι
1967 3269 2100 3324 χαλκᾶ
2114 3269 2224 3323 τείχη
2246 3268 2358 3323 φασὶν
2377 3265 2493 3317 αὐτὴν
2513 3267 2618 3321 ἔχειν

1383 3337 1469 3378 οὔτε
1489 3336 1589 3376 ἄλλο
1608 3351 1645 3375 τι
1673 3333 1892 3387 ἀξιόλογον.
1917 3332 1980 3373 Cf.
2012 3332 2212 3372 Marcian.
2233 3345 2277 3385 p.
2315 3333 2362 3379 14
2379 3329 2513 3370 Huds.
2543 3331 2618 3370 Ce-

1383 3408 1520 3440 terum
1550 3404 1751 3451 quatenus
1773 3409 1878 3435 verae
1911 3394 2026 3434 urbis
2062 3393 2262 3433 memoria
2296 3393 2451 3442 subest,
2494 3393 2619 3432 situm

1384 3461 1547 3516 qualem
1565 3458 1815 3512 antiquiores
1834 3456 2055 3510 geographi
2081 3455 2292 3505 exhibent,
2316 3453 2369 3495 ad
2395 3453 2619 3509 probabili-

1385 3533 1508 3564 tatem
1531 3521 1660 3563 multo
1687 3519 1857 3574 propius
1880 3517 2074 3559 accedere
2095 3525 2206 3558 recte
2220 3517 2298 3558 viri
2317 3516 2429 3557 docti
2448 3530 2619 3569 monue-

1385 3595 1496 3628 runt.
1533 3585 1758 3625 Heerenius
1786 3581 1908 3622 Idem
1938 3584 1980 3631 I,
2011 3594 2057 3630 2,
2079 3595 2121 3636 p.
2150 3582 2228 3622 668
2253 3580 2305 3620 de
2340 3579 2444 3619 urbe
2466 3579 2623 3630 Peking

1384 3648 1590 3702 cogitavit,
1611 3647 1803 3686 Manncrt
1817 3645 1872 3692 V,
1892 3651 1909 3683 '1
1931 3657 1974 3697 p.
1998 3645 2078 3691 204
2095 3641 2146 3682 de
2164 3642 2370 3682 Schunnin
2385 3642 2428 3681 in
2445 3644 2620 3682 Gummn

1383 3710 1609 3767 provincia,
1632 3708 1697 3747 alii
1718 3706 1770 3746 de
1796 3705 2002 3758 Nanking,
2023 3705 2086 3745 vel
2109 3704 2163 3745 ob
2182 3705 2363 3744 nominis
2385 3701 2617 3743 similitudi-

1384 3788 1481 3814 nem
1514 3771 1565 3811 de
1592 3770 1695 3810 urbe
1723 3767 1823 3810 Tsin
1845 3770 1887 3808 in
1910 3769 2124 3823 provincia
2143 3766 2318 3813 Sthensi,
2355 3765 2426 3805 ubi
2454 3763 2525 3803 Sin
2547 3776 2619 3802 seu

1387 3835 1512 3877 Cleina
1531 3846 1702 3885 regnum
1732 3839 1876 3871 octavo
1895 3839 1989 3871 ante
2012 3830 2222 3870 Christum
2245 3827 2380 3868 seculo
2404 3823 2619 3865 conditum

1388 3911 1472 3937 esse
1512 3894 1675 3935 Chinesi
1706 3902 1874 3934 narrant
1911 3893 1998 3950 (V.
2021 3893 2167 3933 Ritter.
2202 3892 2264 3940 ΙΙ,
2299 3904 2341 3945 p.
2373 3902 2449 3941 199
2474 3885 2505 3941 ).
2527 3886 2619 3938 11--

1389 3959 1457 3999 25.
1476 3957 1699 4011 Βαρΰγαζαν
1719 3955 1813 3997 cod.
