2808 4342
487 22 539 83 Ο
703 112 748 156 ο
798 76 806 79 ,.

225 223 314 265 884
458 246 466 250 -
520 256 566 299 0

286 331 342 364 19.
378 313 479 361 Ἀπὸ
503 306 546 360 δῖ
567 310 816 374 Ἡρακλείας
833 308 902 354 ἐπὶ
918 307 994 367 μὲν
1014 306 1062 352 τὸ
1081 307 1288 369 Μητρῷον
1306 306 1456 353 καλού-

220 402 341 443 μενον
362 383 522 429 στάδιοι
557 379 824 440 ὀγδοήκοντα.
890 375 1038 423 Ἔνθεν
1071 375 1115 420 δὲ
1143 377 1201 427 εἰς
1219 374 1268 421 τὸ
1299 375 1454 423 flocti-

221 454 326 499 δειον
347 450 654 513 τεσσαράκοντα
670 465 681 476 ·
720 446 791 491 καὶ
824 443 935 490 ἔνθεν
966 445 1023 496 είς
1039 443 1301 507 Τυνδαρίδας
1330 445 1453 491 πέντε

218 521 290 567 καὶ
318 520 645 581 τεσσαράκοντα.
715 512 847 561 Πέντε
870 512 914 559 δὲ
941 513 1015 558 καὶ
1045 511 1144 558 δέκα
1167 512 1277 559 ἔνθεν
1306 513 1375 559 ἰπὶ
1407 513 1454 560 τὸ

150 602 199 631 .ι
220 591 452 654 Νυμφαῖον·
484 586 554 632 καὶ
581 584 664 630 ἀπὸ
695 586 767 630 τοῦ
802 582 1025 646 Νυμφαίου
1061 582 1131 628 ἐπὶ
1154 582 1224 629 τὸν
1261 581 1450 638 Ὀξιίναν

216 659 400 717 ποταμὸν
435 654 672 715 τριάκοντα.
742 652 825 700 Καὶ
865 651 946 698 ἀπὸ
970 650 1154 706 Ὀξιίνου
1189 653 1246 706 είς
1285 653 1451 700 Σανδα.

213 866 300 900 rate
318 854 543 913 :oppidum
561 853 762 896 Heraclea
786 852 1071 908 Lycoflumini
1083 852 1339 909 appositum.
1360 853 1450 895 Sec.

213 920 318 962 Tab.
343 921 391 961 P.
413 933 438 960 a
457 917 653 960 Heraclea
682 915 806 958 distat
831 919 855 966 4
877 915 1015 957 millia.
1042 915 1238 970 Xenoph.
1264 918 1346 957 An.
1365 917 1450 967 VI,

211 996 253 1033 a,
276 983 299 1023 3
321 995 331 1023 ι
356 980 522 1023 ἐνταῦθα
545 977 616 1033 (ad
638 977 896 1030 Heracleam)
926 976 990 1017 διὰ
1013 980 1082 1018 τοῦ
1101 977 1232 1019 πεδίου
1253 975 1317 1031 ῥεῖ’
1332 991 1453 1018 ποτα-

212 1045 283 1102 μὸς
298 1043 418 1092 Λύκος
427 1043 570 1099 ὄνομα,
590 1036 758 1096 εὗροςῶς
772 1040 841 1080 δύο
856 1039 1046 1095 πλέθρων.
1057 1040 1181 1080 Nunc
1192 1038 1450 1081 Kilidclo-Su.

266 1110 290 1162 S
323 1111 389 1157 19,
410 1105 439 1147 l.
471 1119 507 1146 1.
533 1103 805 1159 Μητρῷον]
838 1102 916 1143 Hic
942 1102 1056 1143 locus
1074 1116 1098 1142 a
1126 1101 1340 1142 Marciano
1366 1115 1452 1142 non

209 1177 461 1212 memoratus
488 1167 540 1208 ab
571 1169 794 1221 Anonymo
821 1163 976 1206 dicitur
1004 1164 1049 1206 τὸ
1076 1164 1273 1220 Μητρῷον
1306 1162 1352 1205 τὸ
1384 1166 1451 1204 νῦν

208 1232 449 1287 καλούμενον
484 1228 621 1270 Αὖλία.
654 1230 717 1269 De
761 1229 926 1268 Metroo
958 1225 1125 1268 aliunde
1161 1240 1245 1267 non
1275 1233 1450 1267 constat.

208 1296 370 1336 Nomen
397 1292 598 1348 acceperit
619 1305 643 1332 a
662 1289 816 1346 templo
843 1289 989 1331 Matris
1012 1287 1212 1340 deorum;
1236 1288 1305 1331 cui
1321 1302 1452 1344 quum

210 1358 253 1399 in
279 1356 392 1399 cultu
415 1355 596 1397 Asiatico
603 1366 723 1408 jungi
738 1351 866 1393 soleat
884 1350 1084 1402 Bacchus,
1102 1351 1359 1406 alterumque
1373 1350 1453 1392 loci

210 1434 363 1462 nomen
386 1416 529 1459 Αὖλίαν
551 1414 734 1472 proferat
756 1416 1019 1470 Anonymus,
1044 1415 1183 1455 nascio
1201 1428 1253 1455 an
1271 1413 1324 1455 ad
1353 1427 1454 1454 eun·

198 1482 304 1525 ·dem
327 1481 466 1523 locum
481 1478 727 1535 pertinuerit
741 1477 988 1518 Bacchicum
1004 1476 1143 1531 ἄντρον
1160 1474 1317 1527 Αὔλιον,
1335 1474 1453 1530 cujus

210 1546 400 1587 meminit
420 1542 662 1598 Apollonius
675 1540 867 1583 Rhodius
879 1542 936 1590 11,
955 1553 1051 1594 910.
1071 1542 1336 1594 Quamquam
1357 1547 1453 1580 sunt

209 1622 302 1664 quae
313 1605 616 1647 dubitationem
633 1601 832 1658 injiciant.
851 1602 1016 1643 Etenim
1030 1602 1109 1642 iter
1119 1604 1453 1655 Argonautarum

207 1671 265 1712 ita
306 1668 429 1711 habet
454 1680 464 1708 ε
495 1669 654 1722 Lycum
697 1665 870 1706 fluvium
899 1673 941 1705 et
976 1662 1260 1719 Ἀνθεμοεισίδα
1308 1662 1452 1719 λίμνην

211 1731 225 1787 (
242 1733 299 1781 11,
322 1733 400 1786 724
420 1729 433 1786 )
458 1728 713 1785 praetervecti
738 1727 909 1768 veniunt
925 1725 978 1768 ad
994 1727 1115 1783 ὅρμον
1138 1725 1255 1782 ἄκρης
1275 1724 1453 1781 Ἀχερου-

209 1793 333 1844 σίδος,
362 1791 638 1848 promontorii
671 1789 787 1831 celsis
811 1790 1032 1849 eminentis
1059 1788 1312 1844 praecipitiis,
1338 1787 1453 1843 quod

208 1858 252 1898 in
270 1869 383 1896 mare
403 1861 590 1909 spectans
620 1851 886 1906 Bithynicum
910 1851 952 1891 in
972 1865 1137 1891 summo
1153 1852 1303 1891 vertice
1325 1850 1453 1906 plata·

208 1917 275 1959 nis
297 1917 401 1957 viret
425 1913 552 1968 (hod.
580 1916 663 1969 Cap
689 1912 853 1965 Baba).
888 1912 1045 1952 Versus
1080 1910 1379 1953 mediterranea
1401 1911 1453 1953 ab

210 1993 263 2021 eo
281 1976 494 2019 descendit
516 1990 614 2016 cava
633 1974 828 2016 convallis
843 2005 854 2023 ‚
881 1975 922 2015 in
949 1988 1032 2029 qua
1057 1975 1155 2015 Orci
1175 1983 1237 2015 est
1258 1983 1423 2016 antrum
1436 2006 1447 2026 ,

209 2041 310 2094 silva
323 2041 512 2096 saxisque
521 2052 714 2095 opacum,
728 2037 1004 2093 exhalansque
1013 2051 1183 2092 vaporae
1199 2036 1385 2092 frigidos.
1403 2039 1451 2079 In

210 2117 326 2145 mare
339 2111 477 2144 autem
493 2116 543 2142 ex
559 2100 848 2157 promontorio
863 2098 943 2153 (cs.
961 2101 1017 2150 11,
1037 2098 1141 2155 355)
1159 2100 1242 2140 exit
1258 2099 1451 2141 Acheron

210 2166 361 2208 fluvius
389 2180 412 2206 e
443 2162 663 2220 profundis
699 2161 892 2203 delabens
926 2161 1134 2213 saucibus,
1166 2175 1289 2217 quem
1313 2170 1455 2217 postea

209 2228 333 2270 N‘naei
364 2228 626 2281 Megarensoe
639 2255 651 2275 ,
677 2223 884 2265 nemetae
917 2222 1169 2274 conditores,
1196 2223 1455 2278 appellarunt

207 2293 449 2337 Soonauten,
490 2287 620 2329 Σοων
635 2286 754 2338 αὕτη
765 2300 800 2325 ν.
834 2286 958 2326 Hunc
992 2284 1164 2326 fluvium
1204 2288 1454 2340 Argonautae

209 2352 380 2408 ingressi
396 2352 521 2405 sunt(
542 2364 617 2407 per
640 2349 824 2405 quinque
847 2346 978 2390 stadia
996 2361 1161 2390 sursum
1187 2349 1451 2403 navigantes,

210 2423 259 2457 ut
278 2413 523 2457 Herodorus
545 2414 602 2454 ait
623 2426 689 2468 ap.
712 2411 841 2453 schol.
874 2411 925 2453 ad
955 2413 1018 2462 11,
1041 2425 1117 2466 901
1146 2412 1178 2468 ).
1214 2412 1375 2453 Deinde
1401 2429 1451 2454 ex

208 2478 445 2521 Acheronte
470 2475 644 2533 profecti
682 2489 779 2515 mox
809 2474 1168 2530 praetervehuntur
1194 2474 1454 2530 Καλλιχό-

209 2556 264 2597 ρο
279 2556 320 2582 ιο
343 2539 518 2596 προχοὰς
546 2540 764 2595 ηοταμοῖο,
795 2537 867 2579 ubi
894 2537 1081 2579 Bacchus
1105 2552 1154 2579 ex
1173 2537 1294 2579 India
1319 2538 1452 2580 redux

209 2603 340 2645 fertur
373 2602 553 2659 ὀργιάσαι
583 2600 723 2654 στῆσαί
755 2615 795 2641 τε
822 2599 965 2655 χοροὺς
995 2600 1150 2656 ἄντροιο
1188 2601 1387 2656 πάροιθεν,
1419 2598 1453 2658 ᾧ

211 2665 251 2707 ἐν
277 2665 505 2721 ἀμειδήτους
540 2664 651 2719 ἁγίας
675 2662 854 2711 εὐνάζετο
885 2662 1043 2712 νύκτας·
1071 2662 1110 2711 ἐξ
1130 2661 1174 2704 οὗ
1194 2662 1453 2718 Καλλίχο-

208 2743 230 2782 ρ
244 2743 265 2768 ο
279 2744 298 2768 ν
329 2729 504 2784 ποταμὸν
525 2728 852 2784 περιναιετάοντες
879 2724 947 2778 ἠδὲ
970 2726 1035 2767 καὶ
1049 2725 1230 2767 Αὔλιον
1276 2726 1453 2782 ἄντρον

211 2789 430 2845 ἐπωνυμίην
456 2790 675 2831 καλέουσιν.
710 2787 893 2830 Hincad
916 2788 1095 2830 Stheneli
1129 2788 1364 2844 sepulcrum
1389 2803 1455 2830 ve-

212 2852 348 2901 niunt,
370 2851 421 2892 ad
445 2851 557 2905 quod
581 2851 759 2906 Apollini
781 2851 973 2906 νηοσσόῳ,
994 2852 1159 2893 navium
1174 2852 1319 2902 tutori,
1341 2866 1454 2893 aram

210 2921 396 2962 struunt,
417 2913 630 2967 lyramque
651 2914 691 2952 in
708 2927 754 2952 ca
777 2912 940 2952 dedicat
962 2914 1170 2967 Orpheus,
1195 2913 1307 2954 unde
1326 2914 1387 2954 Λὺ
1401 2929 1454 2969 ρα

211 2974 325 3018 locus
345 2983 529 3015 vocatur.
552 2973 714 3014 Deinde
728 2972 779 3013 ad
799 2973 1066 3014 Parthenium
1088 2974 1130 3014 ss.
1150 2975 1337 3016 veniunt.
1357 2978 1454 3018 Hice

212 3037 471 3094 Apollonius.
509 3034 573 3078 Cl'.
612 3035 823 3078 Ammian.
848 3048 919 3086 22,
941 3037 982 3083 8,
1008 3048 1061 3076 22
1092 3049 1100 3076 :
1130 3050 1171 3091 p.
1207 3037 1304 3077 251.
1332 3039 1455 3080 Brevi

211 3099 353 3157 spatio
369 3099 535 3142 distant
560 3098 746 3140 virorum
767 3106 1025 3139 monumenta
1050 3098 1266 3148 nobilium,
1292 3099 1334 3139 in
1363 3102 1454 3156 qui-

213 3162 289 3203 bus
310 3155 519 3203 Sthenelus
540 3169 602 3203 est
618 3160 812 3202 humatus
833 3169 872 3201 et
893 3158 1040 3202 Idmon
1069 3168 1108 3200 et
1132 3159 1320 3217 Tiphys..
1341 3165 1451 3202 I'roe-

212 3225 407 3268 tet-cursis
430 3224 631 3283 partibus
663 3223 918 3273 memoratis,
946 3222 1101 3265 Aulion
1122 3231 1289 3264 antrum
1314 3234 1388 3272 est,
1416 3234 1454 3264 ee

203 3289 367 3343 fluenta
385 3287 605 3329 (allichori
620 3302 672 3329 ex
682 3287 807 3341 sacto
826 3284 1117 3339 cognominati,
1141 3284 1264 3342 quod,
1285 3300 1453 3342 supera·

214 3351 271 3393 tis
282 3359 382 3409 post
403 3350 623 3392 triennium
647 3349 810 3392 Indicis
833 3348 1095 3399 nationibus,
1126 3346 1187 3389 ad
1212 3362 1277 3389 eos
1293 3356 1452 3389 tractus

214 3413 338 3456 Liber
354 3428 512 3465 versus,
533 3414 646 3455 circu
665 3413 788 3469 hujus
807 3412 925 3470 ripas
946 3410 1102 3454 virides
1117 3420 1157 3452 et
1169 3423 1323 3469 opacus
1337 3411 1454 3462 orgia

213 3477 400 3532 pristina
422 3477 636 3534 reparavit
659 3485 698 3517 et
712 3475 854 3518 choros
870 3492 885 3517 .·
904 3473 1112 3516 trieterica
1133 3471 1370 3529 hujusmodi
1386 3487 1455 3514 sa-

214 3553 286 3579 cra
298 3539 467 3594 quidum
484 3539 729 3580 existimant
746 3536 968 3595 appellari.
982 3539 1074 3578 Jam
1091 3549 1188 3577 vero
1202 3535 1236 3576 si
1252 3533 1454 3576 Callicho·

213 3612 287 3640 rus
308 3600 369 3648 n.,
396 3615 518 3654 quem
552 3600 694 3657 Scylax
727 3599 1014 3656 Paphlagonia!
1032 3605 1236 3648 accenset,
1259 3595 1368 3638 idem
1394 3604 1456 3638 est

218 3674 315 3703 cum
337 3662 472 3703 Oxina
489 3663 631 3713 fluvio,
646 3664 705 3704 uti
727 3661 853 3703 tradit
867 3661 996 3703 schol.
1020 3660 1156 3717 Apoll.
1173 3661 1237 3711 11,
1252 3661 1350 3715 904,
1366 3659 1453 3701 lieri

217 3722 363 3779 nequit
374 3731 422 3764 ut
435 3724 644 3764 Men-oum
666 3725 751 3765 sive
771 3724 891 3765 Λῦλία
905 3723 958 3766 ad
977 3724 1089 3777 hunc
1108 3722 1281 3765 fluvium
1299 3735 1453 3778 ponen-

219 3782 322 3826 dum
343 3785 412 3835 sit,
435 3798 531 3826 nam
560 3799 626 3840 ap.
661 3787 883 3827 Arrianum
922 3787 1077 3827 Oxinas
1103 3794 1269 3827 eentum
1292 3784 1454 3839 triginta

221 3843 363 3887 stadiis
384 3860 408 3887 a
426 3846 591 3888 Metroo
615 3845 781 3887 dissitus
802 3857 877 3889 cst.
895 3849 1035 3901 Quaeri
1049 3856 1185 3889 tamen
1203 3854 1336 3904 potest
1355 3860 1455 3888 num

223 3922 274 3949 ex
288 3907 436 3950 ordine
457 3909 729 3965 geographico
746 3910 987 3965 Apollonius
1003 3910 1090 3952 loca
1110 3910 1375 3952 recensuerit.
1392 3909 1458 3950 Sic

227 3984 266 4011 v.
286 3985 324 4012 c.
342 3970 394 4012 de
408 3972 611 4013 Saonaute
626 3972 768 4022 fluvio,
785 3987 906 4027 quem
920 3973 1096 4015 eundem
1113 3988 1208 4015 cum
1226 3972 1458 4015 Acheronte

229 4033 470 4089 Apollonius
494 4033 610 4086 dicit,
637 4034 752 4077 aliter
774 4049 943 4091 promus
962 4037 1100 4078 statuit
1129 4037 1285 4078 Plinius
1313 4035 1390 4085 Vt,
1419 4047 1455 4085 ι,

1357 163 1611 255 anunm
1839 198 1844 202 ’
1975 256 1981 260 ,
2670 192 2724 275 (“

2696 124 2730 157 εἰ,
2746 136 2747 139 ¹

2707 156 2753 192 ,λλ-πί
2762 163 2778 189 *l-

1585 316 1652 371 ις.
1683 315 1752 360 Ab
1785 317 1982 361 nancte·
2019 317 2074 366 d
2109 322 2319 364 Meu-oum
2358 322 2568 376 octoginta
2612 322 2762 378 sta-²2„

1523 382 1630 426 Inde
1654 384 1709 428 ad
1727 385 1941 428 Posidium
1961 385 2247 444 quadraginta.
2307 389 2411 432 Inde
2428 388 2481 432 ad
2502 387 2730 448 Tyndari
2747 394 2754 399 ''

1524 450 1795 506 quadraginta
1835 453 2037 508 quinque.
2093 453 2201 497 Inda
2239 454 2293 498 ad
2322 457 2601 515 Nymphaeum

1524 517 1686 570 decim
1711 528 1752 561 et
1780 534 1803 560 a
1824 520 2054 576 Nymphaeo
2090 519 2145 561 ad
2173 522 2354 564 Oxinam
2380 524 2554 567 fluvium
2578 526 2701 579 trigin
2720 530 2745 582 g

1523 586 1590 629 Ab
1599 587 1736 629 Oxina
1752 587 1804 629 ad
1821 586 2095 629 sandaracam
2111 589 2335 643 nonaginta
2348 588 2483 633 ‘stadia
2501 605 2512 635 ι
2532 590 2740 635 8ιυὼη’
2769 609 2775 612 ·

1522 654 1642 696 statio
1657 662 1717 696 at
1731 656 1867 711 parvis
1880 654 2069 696 navibus.
2130 654 2234 697 Inde
2247 654 2300 696 ad
2314 656 2513 700 Ci'enidas
2524 661 2759 715 saxagintag
2778 684 2787 693 =

1525 854 1597 895 ubi
1620 855 1702 896 sic:
1734 854 2022 912 Oppidumque
2053 855 2253 897 Heraclea
2278 860 2382 911 Lyco
2397 857 2571 910 flumini
2593 857 2744 918 upppii

1526 925 1628 965 tum,
1649 925 1801 973 portus
1814 921 1966 966 Acone,
1984 931 2134 959 veneno
2147 918 2311 959 aconito
2324 918 2457 966 dirus,
2476 933 2621 976 specus
2635 923 2678 962 A

1524 978 1655 1019 rusia.
1679 979 1874 1020 Fluneina
1906 978 2150 1036 Poedopides
2174 981 2259 1035 (an
2289 981 2554 1035 Παιδοπίπηςῗ
2577 982 2608 1038 ),
2640 981 2746 1025 Calli

1523 1040 1684 1087 chorus,
1704 1044 1914 1081 Sonautes.
1933 1040 2145 1097 Oppidum
2165 1042 2299 1092 Tium,
2314 1043 2368 1085 ab
2378 1044 2576 1085 Heraclea
2590 1045 2642 1086 38
2654 1044 2748 1087 mit!

1516 1116 1638 1159 pass.
1658 1102 1835 1144 Flavius
1858 1102 1996 1144 Billis.
2024 1105 2073 1143 In
2096 1103 2160 1143 his
2180 1105 2291 1145 enim
2321 1105 2520 1148 Sonautes
2538 1121 2625 1148 csse
2640 1106 2761 1148 debe

1523 1164 1625 1206 hod.
1666 1164 1973 1214 Tsclturukssu,
1999 1166 2071 1220 qui
2107 1166 2295 1221 sequitur
2314 1175 2409 1223 post
2428 1170 2607 1211 Oxinam
2645 1170 2687 1211 ss.
2723 1177 2770 1211 ei.

1502 1241 1748 1287 'excunens
1778 1228 1821 1268 in
1860 1241 1972 1269 mare
2001 1226 2180 1282 ideoque
2220 1227 2496 1283 periculosum
2522 1238 2746 1286 promonto

1522 1287 1647 1328 rium.
1678 1286 1744 1329 Ad
1764 1287 1938 1330 eandem
1968 1289 2179 1347 regionem
2201 1289 2354 1332 referre
2372 1290 2467 1333 licet
2496 1305 2610 1335 aram
2636 1293 2742 1350 Apol
2765 1320 2766 1324 =

1523 1348 1618 1390 linis
1645 1351 1836 1402 νηοσσόου
1855 1359 1896 1392 et
1917 1350 2042 1406 Λύραν
2066 1351 2202 1393 locum
2217 1383 2228 1402 ,
2245 1351 2298 1393 de
2325 1352 2477 1408 quibus
2505 1367 2630 1411 supra
2659 1354 2741 1397 vidi

1525 1425 1632 1453 mus.
1656 1414 1672 1466 ΙΙ
1692 1437 1750 1444 —
1764 1426 1804 1454 2.
1825 1414 1951 1454 Ποσε
1964 1413 2008 1454 ίδ
2022 1429 2037 1455 ε
2050 1429 2120 1455 ιον
2133 1415 2369 1471 ]”Ποσίδειον
2384 1414 2538 1467 codem
2557 1415 2608 1466 εἰς
2625 1416 2743 1459 Ποσεί

1523 1473 1626 1515 δειον
1642 1474 1687 1516 τὸ
1704 1478 1770 1516 νῦν
1785 1475 2001 1531 λεγόμενον
2021 1477 2208 1518 Ποτίστεα
2220 1480 2479 1535 Anonymus.
2494 1479 2583 1520 Sec.
2601 1479 2743 1535 Menip
2758 1483 2760 1487 '

1523 1548 1625 1589 pum
1636 1537 1837 1578 Marciani
1852 1538 1905 1579 ab
1921 1539 2115 1580 Heraclea
2128 1539 2180 1580 ad
2194 1538 2404 1582 Posidium
2413 1548 2511 1582 sunt
2525 1538 2654 1582 stadia
2669 1554 2746 1584 too

1523 1611 1604 1638 sec.
1630 1601 1796 1640 Arrian.
1819 1608 1859 1640 et
1876 1603 2085 1655 Anonym.
2107 1601 2235 1642 stadia
2257 1614 2349 1643 120.
2363 1603 2462 1644 Esse
2485 1604 2622 1658 itaque
2641 1601 2746 1644 debe

1525 1659 1775 1702 hodiernum
1813 1676 1949 1717 prom.
1993 1663 2179 1704 Tchuucle
2211 1663 2395 1718 Λεὼ-εἰ,
2445 1666 2504 1706 uti
2540 1673 2649 1706 recte
2675 1665 2761 1720 jam

1522 1722 1767 1763 Mannertus
1796 1724 1872 1774 VI,
1906 1725 1929 1765 3
1960 1738 2002 1780 p.
2043 1729 2121 1774 614
2163 1726 2347 1776 monuit,
2373 1740 2458 1768 non
2485 1729 2621 1781 vero(
2645 1728 2703 1769 uti
2721 1728 2761 1770 in

1523 1786 1683 1841 mappis
1703 1785 1907 1841 plerisque
1928 1788 2141 1843 pingitur)
2173 1787 2273 1829 hod.
2302 1788 2415 1832 Baba
2438 1792 2593 1839 Burun,
2618 1804 2763 1847 quam-

1523 1860 1647 1902 quam
1668 1847 1748 1889 hoe
1769 1849 1907 1903 potius
1938 1851 2272 1905 promontorium
2302 1851 2315 1906 (
2338 1848 2613 1893 Acherusium
2640 1851 2777 1909 Apol·

1523 1907 1676 1965 lonii),
1709 1917 1753 1951 ut
1774 1911 1901 1964 magis
1923 1912 2216 1967 conspicuum,
2243 1911 2472 1954 notandum
2504 1912 2626 1954 fuisse
2650 1909 2782 1956 dixe-

1523 1970 1596 2011 ris.
1618 1971 1633 2023 ΙΙ
1661 1971 1769 2011 -3,
1787 1970 1882 2011 Τυν
1897 1972 2098 2027 δαρίδας
2120 1974 2133 2027 ]
2154 1976 2398 2029 Anonymus
2416 1987 2427 2015 ε
2443 1974 2692 2030 Τυνδαρίδας,
2738 1973 2773 2010 ⁸.

1525 2036 1591 2073 νῦν
1616 2032 1832 2089 λεγόμενον
1855 2034 2059 2089 liupo-2224.
2080 2037 2315 2078 Marcianus
2341 2037 2475 2078 locum
2494 2052 2578 2079 non
2606 2052 2794 2082 memo·

1523 2103 1601 2137 rat.
1625 2096 1746 2137 Haud
1762 2097 1889 2138 dubie
1912 2099 2110 2139 memoria
2129 2097 2216 2154 ejus
2232 2099 2529 2142 obversabatur
2543 2100 2792 2158 Apollonio‘

1524 2158 1661 2199 Rhod.
1688 2161 1743 2208 11,
1770 2161 1867 2209 806,
1892 2159 1964 2200 ubi
1982 2162 2116 2216 Lycus
2132 2175 2204 2203 rex
2223 2161 2588 2219 Mariandynorum
2608 2162 2789 2219 dieitaegy

1521 2220 1773 2275 Tyndaridis
1792 2222 1877 2261 sive
1900 2222 2112 2263 Dioscuris
2130 2222 2187 2264 ob
2209 2223 2472 2267 intersectum
2491 2240 2516 2268 a
2533 2225 2779 2282 Polydeuoe

1525 2285 1729 2337 Amycum
1765 2282 1989 2338 Bebrycem
2019 2284 2219 2341 templum
2251 2294 2558 2329 exstructurum
2597 2302 2685 2331 etse
2721 2290 2764 2332 in
2794 2292 2797 2343 ξ

1525 2344 1754 2387 Acherusio
1769 2347 2058 2401 promontorio
2084 2361 2094 2389 ι
2115 2347 2363 2404 Τυνδαρίδαις
2394 2347 2654 2406 Ἀχερουσίδος
2673 2349 2765 2407 ὅψο-
2790 2361 2796 2408 j

1527 2409 1589 2448 θεν
1615 2408 1731 2463 ἄκρης
1750 2408 1920 2465 Εἵσομαι
1938 2409 2040 2465 ἱερὸν
2068 2409 2171 2452 αἰπύ·
2195 2411 2240 2451 τὶ)
2261 2410 2328 2466 μὲν
2350 2410 2456 2467 μάλα
2478 2411 2616 2464 τηλόθι
2628 2412 2704 2454 πάν
2737 2403 2739 2406 ’
2767 2408 2797 2442 Β

1527 2470 1779 2526 Ναυτίλοιᾶμ
1797 2471 1965 2528 πέλαγος
1981 2473 2183 2528 θηεύμενοι
2199 2472 2408 2522 ἱλάξονται·
2431 2473 2503 2515 Καί
2517 2474 2655 2530 κίσφιν
2672 2479 2775 2532 μετ-η
2796 2503 2797 2507 =

1526 2535 1655 2575 ἔπειτα
1691 2533 1763 2590 πρὸ
1804 2534 1939 2584 ἄστεος
1976 2533 2041 2575 οἶα
2076 2536 2220 2577 θεοῖσιν
2254 2536 2396 2584 Πίονας
2433 2534 2628 2591 εὐαρότοιο
2670 2536 2732 2593 γῦ
2764 2569 2773 2577 ..

1525 2597 1671 2638 πεδίοιο
1690 2597 1903 2653 ταμοίμην.
1917 2597 2079 2651 Quodsi
2093 2598 2337 2654 Apollonius
2350 2596 2625 2653 Tyndaridas,
2642 2599 2733 2641 sicu
2760 2603 2771 2634 ἰ’

1523 2661 1760 2701 Soonauten
1785 2660 1957 2701 lluvium
1974 2659 2027 2701 ad
2057 2660 2378 2702 Acherusiadem
2393 2674 2529 2702 acram
2550 2659 2690 2711 refert,
2721 2661 2767 2703 i

1523 2730 1653 2778 poetae
1684 2721 1859 2763 licentiae
1880 2721 2205 2764 condonandum
2249 2731 2334 2773 est,
2376 2723 2453 2764 nisi
2489 2722 2593 2764 sorte
2619 2722 2732 2765 latio!
2758 2768 2764 2778 ,Ι

1523 2798 1646 2826 sensu
1669 2792 1804 2826 totum
1822 2784 1936 2826 illum
1970 2793 2148 2826 tractum
2171 2786 2241 2840 qui
2267 2786 2374 2826 inter
2397 2787 2556 2841 Lycum
2586 2793 2626 2827 et
2644 2783 2750 2835 okst

1525 2861 1619 2888 nam
1640 2846 1788 2888 fluvios
1809 2848 2035 2902 procurrit,
2056 2845 2376 2889 Acherusiadem
2399 2861 2536 2889 acram
2559 2849 2575 2900 (
2594 2845 2695 2903 Ἀχε
2709 2869 2726 2880 ··
2769 2851 2772 2853 ’

1525 2910 1638 2950 σιάδα
1658 2910 1897 2964 χερρόνησον
1916 2908 2111 2964 Xenoph.
2131 2912 2212 2951 An.
2230 2910 2306 2959 vl,
2336 2922 2376 2959 α,
2395 2908 2446 2966 2)
2465 2908 2639 2951 vocavit.
2667 2910 2685 2965 ss
2762 2940 2766 2962 ,ψ

1527 2972 1565 3013 5.
1587 2971 1651 3013 Νυ
1666 2987 1728 3028 μφ
1742 2972 1881 3027 αῖον]
1907 2972 2000 3012 Νοη
2019 2979 2220 3013 memorat
2234 2972 2470 3013 Marcianus
2487 2986 2499 3022 ;
2518 2974 2742 3027 Anonym
2762 2969 2766 2971 ’

1525 3048 1622 3075 vero
1645 3034 1780 3075 locum
1817 3049 1840 3075 a
1867 3033 2119 3090 Tyndaridis
2154 3033 2306 3075 distare
2339 3032 2441 3075 dicit
2471 3046 2553 3074 non
2587 3032 2653 3083 ¹5,
2695 3052 2766 3078 -··¹;

1525 3098 1575 3145 45
1600 3096 1744 3149 stadia,
1768 3097 1866 3138 salso
1886 3097 2044 3151 ntique.
2066 3098 2172 3137 Cum
2196 3097 2374 3138 Arriano
2401 3095 2496 3136 facit
2510 3095 2745 3136 Marctanus

1524 3159 1593 3212 qui
1618 3173 1639 3197 a
1658 3157 1908 3212 Tyndaridis
1932 3171 2060 3211 usque
2075 3156 2125 3197 ad
2151 3158 2330 3198 Oxinam
2353 3155 2482 3196 stadia
2500 3169 2554 3210 90
2571 3163 2758 3211 exputat,

1524 3228 1624 3274 quot
1634 3221 1755 3260 etiam
1765 3234 1813 3259 cx
1827 3220 1988 3260 Arriani
2001 3220 2182 3259 numeris
2193 3218 2456 3272 colliguntur.
2473 3219 2490 3272 ΙΙ
2501 3214 2726 3266 -5.Ὀξι
2745 3245 2747 3249 -

1525 3297 1614 3322 ναν
1636 3297 1734 3323 ποτ.
1759 3283 1772 3337 ]
1816 3280 1967 3328 Ὀξίναν
2005 3284 2176 3332 Anom.;
2215 3279 2367 3333 Ὀξίνην
2395 3279 2595 3322 Marciau.
2622 3277 2733 3321 Sch-v

1525 3343 1659 3399 Apoll.
1680 3345 1756 3384 m».
1787 3345 1840 3392 ΙΙ,
1859 3346 1937 3397 904
1966 3341 2018 3383 de
2043 3342 2273 3383 Callichoro
2296 3341 2503 3398 Apollonii
2519 3342 2575 3383 ait
2597 3354 2608 3383 :
2633 3340 2693 3382 no
2723 3367 2726 3371 ,

1526 3406 1594 3460 μὸς
1618 3405 1889 3461 Παφλαγονίας
1912 3407 1927 3457 (
1952 3413 1997 3446 ιιι
2030 3419 2095 3460 ap.
2132 3403 2338 3461 Scylacem
2364 3404 2378 3461 )
2399 3402 2486 3459 περὶ
2510 3401 2679 3459 Ἠράκλε
2702 3428 2706 3433 ·
2737 3399 2761 3449 j

1524 3464 1569 3508 οὗ
1596 3469 1784 3523 μέμνηται
1812 3468 1877 3508 καὶ
1906 3467 2174 3523 Καλλίμαχος.
2217 3467 2360 3515 ’Ίίξεισι
2389 3465 2430 3508 Sl
2461 3465 2524 3507 διὰ
2556 3466 2683 3522 στομά
2714 3493 2729 3498 υ

1524 3532 1681 3572 δισσῶν.
1723 3532 1870 3572 Τοῦτον
1895 3530 1934 3572 δὲ
1964 3531 2079 3572 πάλιν
2117 3529 2379 3579 Ὀξῦνοντα
2411 3532 2429 3583 (
2453 3530 2512 3571 sic
2536 3527 2551 3586 )
2580 3525 2721 3571 luston
2746 3584 2750 3588 ,

1524 3594 1594 3635 ubi
1617 3594 1712 3635 sort.
1736 3595 1811 3649 leg.
1837 3593 1999 3642 ’Όξυνον
2024 3594 2175 3647 (sicuti
2195 3591 2379 3648 ejusdem
2398 3593 2511 3634 vocis
2532 3590 2675 3634 sormae
2728 3622 2737 3638 -.

1526 3658 1745 3713 periuntur
1773 3657 1912 3709 ὀξίνης,
1940 3656 2061 3705 ὅξινος
2090 3664 2131 3698 ct
2153 3654 2295 3704 ὄξυνος.
2326 3656 2383 3696 V.
2416 3653 2557 3710 Steph.
2578 3650 2744 3711 Thes.)

1527 3722 1659 3762 Etiam
1679 3734 1789 3762 nunc
1807 3720 1956 3761 fluvius
1970 3726 2139 3761 vocatur
2154 3715 2482 3759 Kosch-Oksina.
2495 3714 2666 3771 Indeab
2727 3745 2732 3749 -
2806 3713 2808 3727 '

1527 3784 1655 3825 rai-loa
1673 3784 1723 3825 ad
1741 3785 1918 3825 Oxinam
1936 3797 2018 3824 sec..
2037 3781 2203 3824 Arrian.
2218 3789 2315 3822 sunt
2331 3793 2426 3830 ατο,
2444 3794 2525 3821 see.
2548 3781 2670 3821 Anon
2736 3824 2738 3826 ,
2757 3791 2770 3802 s
2807 3777 2808 3780 ’

1529 3846 1626 3895 245,
1645 3861 1725 3887 sec.
1748 3846 1946 3887 Marcian.
1980 3857 2058 3898 ¹90
2076 3842 2182 3885 stad.
2212 3843 2387 3884 Minima
2410 3841 2602 3883 distantia
2620 3853 2728 3882 arv-1·
2789 3888 2795 3897 x

1529 3908 1699 3962 propius
1718 3907 1845 3948 abest.
1868 3905 1933 3948 Ab
1956 3905 2092 3947 Oxina
2109 3913 2244 3946 autem
2267 3917 2398 3959 usque
2412 3902 2463 3944 ad
2480 3901 2661 3943 Billaeum
2681 3899 2708 3943 fl
2723 3912 2742 3963 ³⁴

1531 3970 1657 4020 sium,
1680 3985 1808 4025 quum
1826 3969 2026 4011 Arrianus
2045 3975 2235 4009 numeret
2249 3965 2379 4007 stadia
2394 3979 2477 4020 290
2489 3995 2500 4015 ,
2519 3967 2758 4022 Anonyny

1530 4033 1634 4073 stad.
1657 4047 1754 4083 200,
1770 4031 2002 4073 Marcianus
2017 4028 2120 4072 stad.
2146 4031 2238 4081 180,
2256 4029 2435 4071 maxima
2443 4027 2589 4070 harum
2605 4024 2709 4068 dista
