2808 4342
34 121 37 165 ³
77 155 235 216 (ms.)

23 284 26 286 -
71 257 172 317 πρὸς
195 261 246 318 τῇ
272 257 445 320 Ἐρήμῳ
463 257 638 320 πέρατος
661 266 730 306 τοῦ
754 263 960 324 Περσικοῦ
980 265 1225 313 κόλπουκαὶ
1243 267 1302 314 ἔτι

70 329 151 370 τῶν
171 327 351 371 ἐκὸολῶν
368 330 438 371 τοῦ
460 327 648 388 Τίγριδος
669 336 858 390 ποταμοῦ
883 338 954 378 τοῦ
978 335 1178 394 περίπλου
1198 356 1298 381 παν·

68 394 135 445 τὸς
167 399 239 450 τῆς
260 394 466 456 παραλίας
501 401 572 453 τῆς
601 401 680 443 τῶν
714 401 983 461 Εὐδαιμόνων
1019 403 1202 467 Ἀράὸων
1229 410 1302 467 γῆς

31 511 32 514 ¹
65 464 145 520 ,εἶσι
167 461 321 508 στάδιοι
344 463 516 525 ,Αγίηρνᾞ
646 465 649 472 ί

347 592 623 628 ΣΟΥΣΙΑΝΗΣ
655 591 986 640 [ΠΕΡῙΠΑΟΥΣ.
1008 593 1023 644 ]

127 703 184 734 20.
217 687 268 734 ‘H
299 690 505 746 Σουσιανὴ
531 698 662 736 κεῖται
682 691 755 750 μὲν
776 695 816 737 ἐν
837 697 896 756 τῷ
919 697 1110 758 Περσικῷ
1143 698 1297 760 κόλπῳ·

35 762 38 764 ’
65 757 338 819 περιορίζεται
353 757 395 804 δὲ
414 759 495 804 ἀπὸ
506 758 579 817 μὲν
597 759 758 821 ἄρκτων
773 766 823 821 τῇ
839 762 1141 828 Ἀσσυρία,ἀπὸ
1157 766 1197 810 δὲ
1222 768 1296 812 δύ-

27 875 37 883 Ἴ
64 843 167 877 σεως
182 831 232 888 τῇ
257 828 532 888 προειρημένῃ
555 828 801 891 Βαὸυλωνίᾳ
820 832 934 893 παρὰ
956 833 1001 878 τὸ
1021 838 1090 878 τοῦ
1111 834 1298 897 Τίγριδος

26 914 35 941 ”.
63 899 252 953 ποταμοῦ
281 895 401 957 μέρος
435 897 481 941 τὸ
506 897 628 959 μέχρι
665 899 894 956 θαλάσσης,
927 901 1007 946 ἀπὸ
1032 903 1072 947 δὲ
1098 905 1298 959 ἀνατολῆς

61 959 113 1017 τῇ
149 956 347 1017 Περσίδι,
374 958 455 1002 ἀπὸ
486 958 527 1004 δὲ
561 960 823 1023 μεσημὸρίας
855 966 914 1024 τῷ
943 966 1132 1027 Περσικῷ
1156 967 1297 1029 κόλπῳ

29 1020 45 1051 .'
65 1024 148 1070 ἀπὸ
182 1029 263 1071 τῶν
286 1027 467 1072 ἐκὸολῶν
505 1033 577 1073 τοῦ
614 1030 806 1092 Τίγριδος
831 1039 1021 1091 ποταμοῦ
1061 1037 1182 1096 μέχρι
1215 1040 1295 1081 τῶν

7 1132 41 1155 ·›..
61 1092 244 1139 ἕκὸολῶν
268 1097 347 1139 τῶν
385 1097 441 1147 εἷς
463 1095 531 1141 τὸν
566 1099 773 1159 Περσικὸν
797 1100 948 1145 κόλπον
982 1106 1053 1157 τοῦ
1084 1101 1296 1163 Ὀροάτιος

37 1177 42 1182 ·
60 1166 263 1220 ποταμοῦ.
334 1163 417 1210 Καὶ
469 1168 514 1219 ἡ
544 1164 618 1224 μὲν
659 1165 734 1223 ὅλη
775 1171 848 1222 τῆς
886 1168 1023 1230 χώρας
1061 1171 1292 1233 περιγραφὴ

27 1232 245 1287 ’τοιαύτη
269 1236 290 1278 ὃ
314 1231 355 1277 δὲ
379 1233 486 1279 κατὰ
512 1233 634 1296 μέρος
667 1237 908 1299 παράπλους
931 1238 1037 1283 οὕτω
1064 1257 1151 1290 πως
1167 1253 1169 1255 ’
1187 1239 1290 1301 ἔχει.

59 1317 63 1320 ’
121 1316 174 1345 21.
212 1300 310 1345 Ἀπὸ
332 1306 402 1346 τοῦ
428 1304 670 1349 ἀνατολικοῦ
692 1304 894 1365 στόματος
916 1311 985 1351 τοῦ
1010 1306 1198 1369 Τίγριδος
1220 1327 1294 1353 πο-

22 1418 41 1430 ,-
58 1374 191 1429 ταμοῦ
212 1369 281 1414 ἐπὶ
304 1370 486 1431 Χάραιωι
512 1374 696 1419 Πασίνου
721 1376 879 1421 στάδιοι
904 1375 961 1422 π’.
1034 1376 1153 1422 Κατὰ
1175 1382 1293 1423 τοῦτο

31 1437 103 1487 ἶτὸ
126 1437 247 1501 μέρος
282 1443 404 1495 νῆσος
427 1447 560 1485 κεῖται
594 1441 779 1505 Ἀπφάνα
818 1443 1034 1504 λεγομένη·
1060 1444 1214 1501 ταύτην
1251 1447 1294 1491 δέ

29 1525 160 1570 ῥῚΙΔΥ’τινες
186 1510 244 1570 τῷ
274 1509 463 1572 περίπλῳ
491 1514 562 1565 τῆς
602 1511 855 1573 Εὐδαίμονος
889 1513 1083 1574 Ἀραὸίας
1116 1512 1293 1575 προσνέ-

5 1632 9 1634 -
32 1570 40 1605 3³
58 1594 227 1635 μουσιν,
252 1579 293 1622 ἐν
316 1585 405 1629 ταῖς
428 1578 488 1622 λε’
517 1579 654 1634 νήσοις
688 1583 981 1643 ἀριθμοῦντες.4
1036 1582 1133 1628 Ἀπὸ
1158 1582 1199 1627 δὲ
1221 1588 1292 1628 τοῦ

7 1671 9 1673 ·
36 1645 252 1709 “Χοίρακος
273 1648 456 1694 Πασίνου
481 1648 550 1694 ἐπὶ
572 1651 772 1710 Μωγαίου
792 1655 980 1710 ποταμοῦ
1006 1651 1178 1702 ἐκὸολὰς
1199 1653 1294 1696 στοί-

38 1716 131 1761 εδιοι
150 1716 212 1779 ψ’.
281 1717 380 1764 Ἀπὸ
405 1718 446 1762 δὲ
470 1718 673 1778 Μωγαίου
695 1725 884 1778 ποταμοῦ
907 1719 972 1763 ἐπὶ
998 1719 1183 1774 Πηλώδη
1203 1721 1294 1765 κόλ-

5 1799 7 1801 ’
37 1803 129 1841 -πον
153 1786 371 1846 λεγόμενον
395 1787 553 1831 στάδιοι
573 1787 628 1833 υ’.
701 1790 956 1848 Παροικοῦσι
980 1787 1023 1832 δὲ
1047 1788 1115 1832 τὸν
1137 1789 1291 1834 κόλπον

34 1879 38 1889 2
52 1859 193 1899 τοῦτον
227 1855 299 1899 καὶ
332 1853 424 1905 τοὺς
455 1853 550 1916 περὶ
591 1853 712 1899 αὐτὸν
747 1855 895 1907 τόπους
933 1856 1179 1916 Ἔλυμαῖοι,
1221 1861 1293 1914 τῆς

8 1906 292 1978 Σουσιανῆςι
304 1922 416 1975 ὄντες
440 1922 596 1984 χώρας.
667 1925 794 1970 Κατὰ
819 1925 860 1969 δὲ
880 1925 947 1970 τὸν
972 1925 1124 1971 κόλπον
1149 1930 1289 1972 τοῦτον

27 1990 31 1993 “
52 1996 173 2046 νῆσος
190 2000 343 2048 κεῖται,
369 1993 556 2045 Ταξίανα
575 1991 794 2054 λεγομένη.
860 1994 960 2039 Ἀπὸ
981 1995 1021 2040 δὲ
1042 2000 1113 2040 τοῦ
1135 1995 1290 2041 κόλπου

49 2061 122 2106 ἐπὶ
156 2060 229 2113 τὰς
262 2066 332 2106 τοῦ
368 2061 549 2107 Εὐλαίου
578 2067 768 2122 ποταμοῦ
807 2063 989 2114 ἐκὸολὰς
1014 2064 1171 2108 στάδιοι
1204 2064 1287 2125 χέ’.

23 2130 177 2182 &Ka-„az
197 2135 338 2176 τοῦτον
361 2130 428 2175 τὸν
452 2131 640 2190 ποταμὸν
664 2133 705 2176 ἓν
730 2135 780 2192 τῇ
810 2132 1005 2194 μεσογείᾳ
1027 2133 1142 2183 πόλις
1162 2134 1292 2177 κεῖται

0 2202 126 2254 ιτῆς
160 2201 391 2255 Σουσιανῆς
415 2201 669 2261 μητρόπολις
703 2199 753 2243 τὰ
787 2203 944 2246 Σοῦσα.
1016 2201 1114 2247 Ἀπὸ
1149 2200 1190 2245 δὲ
1221 2206 1289 2245 τοῦ

54 2269 237 2314 Εὖλαίου
278 2273 466 2327 ποταμοῦ
491 2271 546 2320 εἷς
568 2268 749 2328 Τέναγος
783 2269 1013 2329 [ἀμμῶδες
1038 2269 1196 2314 στάδιοι
1225 2269 1289 2331 ρι’.

2 2358 10 2396 ².
52 2337 153 2383 Ἀπὸ
191 2337 232 2382 δὲ
262 2337 507 2398 Τενάγους]
533 2338 754 2397 ἁμμώδους
779 2337 846 2383 ἐπὶ
881 2338 952 2390 τὰς
974 2343 1042 2383 τοῦ
1078 2338 1291 2400 Ὀροάτιος

0 2412 7 2447 ἶ
37 2410 239 2467 ’ποταμοῦ
261 2400 434 2457 ἓκὸολὰς
456 2406 613 2451 στάδιοι
633 2406 753 2468 ,αυν’.

761 206 764 209 .
806 127 1098 211 PERu‘LUs
1132 166 1319 214 MARIS
1351 169 1593 217 EXTERI.
1631 172 1810 221 LIBER
1844 176 1883 221 t.

2518 195 2613 236 52⁹9

1376 277 1550 320 Arabico
1587 295 1717 336 usque
1752 282 1804 323 ad
1827 284 1963 325 sinum
1994 287 2246 330 Maesanitem
2270 298 2312 331 et
2332 295 2609 337 extremitates

1375 347 1526 389 Persici
1548 351 1662 391 sinus
1696 366 1837 393 versus
1864 354 2054 396 Arabiam
2093 359 2305 400 Desertam
2338 370 2460 416 atque
2483 365 2607 406 etiam

1375 415 1477 456 ostia
1493 417 1672 481 Tigridis
1694 419 1823 470 fluvii,
1846 421 1975 478 stadia
1994 424 2183 466 universa
2201 427 2298 467 s‘unt
2320 428 2490 479 38‚150.

1747 615 1958 649 SUSIANAE
2002 620 2255 654 PBBIPLUS.
2296 660 2300 664 .

1425 724 1492 752 20.
1525 713 1694 755 Susiana
1706 714 1813 769 jacet
1834 718 1886 758 ad
1901 721 2111 762 Persicum
2142 723 2278 764 sinum
2290 740 2300 774 ;
2320 727 2565 769 terminatur
2578 744 2602 770 a

1371 789 1718 843 septentrionibus
1730 794 1893 848 Assyria
1908 826 1919 845 ,
1941 795 1993 836 ab
2005 811 2151 838 occasu
2168 799 2362 853 praedicta
2379 803 2602 858 Babylonia

1365 861 1669 918 juxtaTigridis
1685 867 1797 907 fluvii
1814 878 1970 923 partem
1986 886 2074 912 eam
2091 887 2182 927 quae
2201 874 2252 915 ad
2268 890 2380 917 mare
2395 873 2573 932 pertinet
2586 912 2599 929 ‚

1371 936 1422 976 ab
1443 939 1602 979 oriente
1623 948 1759 980 autem
1777 943 1957 993 Perside,
1983 959 2006 984 a
2026 946 2196 987 meridie
2218 951 2382 990 Persico
2397 952 2489 992 sinu
2505 953 2601 994 inde

1369 1012 1421 1052 ab
1453 1015 1566 1054 ostiis
1585 1015 1764 1069 Tigridis
1790 1018 1904 1058 ssuvii
1925 1034 2053 1075 usquc
2077 1021 2134 1062 ad·
2159 1024 2262 1065 ostia
2280 1026 2430 1079 quibus
2450 1029 2535 1069 exit
2557 1030 2600 1070 in

1369 1088 1505 1128 sinum
1531 1091 1740 1131 Persicum
1762 1095 1924 1134 Oroatis
1956 1098 2103 1137 amnis.
2166 1101 2300 1154 Atque
2328 1102 2599 1158 haec,quidem

1369 1167 1567 1208 universae
1599 1172 1778 1224 regionis
1814 1174 2140 1230 circumscriptio
2155 1209 2165 1228 ,
2209 1180 2458 1232 singularum
2501 1198 2600 1225 vero

1367 1247 1546 1300 partium
1571 1253 1923 1305 praeternavigatio
1946 1255 1988 1294 in
2011 1255 2121 1295 hunc
2140 1257 2223 1298 scre
2245 1260 2417 1302 modum
2439 1263 2578 1305 habet.

1425 1341 1492 1367 21.
1523 1327 1588 1368 Ab
1611 1331 1797 1371 orientali
1818 1334 1923 1372 ostio
1939 1335 2118 1387 Tigridis
2137 1337 2251 1378 ssuvii
2267 1339 2319 1379 ad
2340 1341 2503 1383 Vallum
2523 1347 2600 1385 Pa-

1368 1408 1445 1447 sini
1470 1407 1600 1449 stadia
1634 1412 1701 1451 80.
1761 1412 1796 1451 Ε
1819 1412 1985 1466 regione
2008 1413 2130 1468 hujus
2153 1424 2305 1458 tractus
2338 1420 2469 1461 insula
2491 1421 2600 1476 jacet

1368 1487 1570 1541 Apphana
1585 1488 1709 1539 dicta,
1729 1504 1852 1544 quam
1869 1493 2055 1534 nonnulli
2071 1496 2302 1538 attribuunt
2322 1500 2480 1555 periplo
2496 1505 2594 1543 Ara‘

1368 1567 1445 1608 biae
1472 1570 1639 1620 Felicis,
1680 1583 1943 1615 numerantes
1980 1576 2088 1617 inter
2122 1578 2275 1619 insulas
2310 1580 2397 1634 ejus
2434 1583 2600 1637 triginta

1367 1651 1566 1705 quinque.
1626 1655 1663 1693 A
1692 1654 1811 1694 Vallo
1866 1658 2002 1697 Pasini
2039 1672 2170 1712 usque
2213 1660 2265 1700 ad
2316 1663 2417 1703 ostia
2451 1666 2598 1718 Mogaei

1367 1731 1482 1771 fluvii
1500 1732 1630 1773 stadia
1653 1748 1748 1788 700.
1809 1739 1845 1776 A
1868 1738 2026 1791 Mogaeo
2049 1739 2175 1780 fluvio
2209 1755 2338 1796 usque
2369 1744 2422 1784 ad
2459 1747 2595 1787 sinum

1368 1813 1589 1853 Coenosum
1611 1815 1740 1855 stadia
1763 1819 1858 1864 400.
1918 1820 2040 1860 Hunc
2065 1822 2200 1862 sinum
2220 1831 2260 1862 et
2282 1823 2392 1863 locos
2413 1825 2599 1880 adjacen-

1366 1900 1426 1932 tes
1453 1893 1639 1938 incolunt
1671 1896 1865 1950 Elymaei,
1898 1899 2076 1939 Susianae
2107 1902 2284 1954 regionis
2310 1905 2502 1958 populus.
2563 1910 2598 1949 E

2457 1991 2523 2033 Ab
2547 1980 2627 2048 eo,>

1366 2066 1460 2105 sinu
1473 2080 1605 2120 usque
1623 2067 1676 2107 ad
1691 2067 1816 2108 Eulaei
1834 2069 1949 2110 fluvii
1965 2072 2066 2111 ostia
2083 2071 2212 2112 stadia
2229 2077 2324 2126 690.
2345 2077 2470 2117 Juxta
2486 2077 2599 2120 hunc

1365 1980 1532 2032 regione
1561 1980 1683 2036 hujUs
1718 1983 1831 2022 sinus
1861 1984 1936 2024 sita
1960 1993 2020 2025 est
2046 1986 2177 2027 insula
2201 1989 2397 2030 Taxiana.

1364 2151 1538 2191 fluvium'
1564 2153 1607 2192 in
1630 2153 1940 2195 mediterraneis
1962 2157 2102 2196 civitas
2128 2166 2188 2197 est
2216 2160 2331 2208 Susa,
2358 2164 2597 2217 metropolis

1364 2240 1560 2279 Susianae.
1624 2240 1687 2280 Ab
1726 2240 1865 2281 Eulaeo
1895 2242 2023 2282 fluvio
2067 2242 2120 2283 ad
2153 2243 2318 2285 vadum
2356 2246 2595 2300 [arenosum

1361 2322 1503 2362 stadia
1530 2336 1622 2364 110.
1683 2325 1724 2363 A
1746 2326 1791 2363 V
1787 2323 1896 2378 ado]
1920 2339 2093 2366 arenoso
2118 2341 2246 2381 usque
2267 2328 2319 2368 ad
2343 2331 2444 2371 ostia
2466 2334 2594 2374 Oroa-

1365 2408 1416 2447 tis
1438 2408 1552 2447 fluvii
1568 2407 1696 2448 stadia
1716 2408 1836 2457 1450.

66 2571 74 2575 ”
108 2569 222 2618 520.
261 2565 564 2606 Describuntur
590 2565 739 2606 limites
769 2567 948 2606 Susianae
984 2580 1035 2605 ex
1072 2565 1291 2606 Ptolemaeo

11 2671 13 2675 ,
34 2629 126 2678 .V1,
150 2628 190 2668 3.
225 2627 241 2681 11
267 2651 325 2658 --
341 2629 438 2667 Vox
466 2627 671 2681 περίπλους
692 2636 732 2668 et
754 2628 951 2668 articulus
973 2627 996 2679 ἣ
1017 2636 1110 2668 ante
1129 2628 1291 2667 Σουσια-

10 2691 12 2694 ’
29 2696 41 2716 ’-
52 2687 98 2740 νὴ
115 2688 230 2730 deest
248 2690 290 2729 in
307 2689 402 2730 cod.
426 2690 441 2743 11
464 2714 521 2719 -
543 2703 608 2730 12.
636 2688 682 2729 ’O
696 2705 714 2744 ρ
727 2691 913 2745 οάτιος]
941 2688 1146 2744 ’Opto-§mog
1162 2688 1291 2728 codex

16 2750 94 2792 11.
115 2750 163 2801 1.;
187 2749 296 2791 infra
317 2753 404 2803 §21
427 2765 517 2805 sqq.
543 2751 697 2805 ubique
719 2754 786 2792 τοῦ
812 2750 989 2806 Ὁρατίου
1012 2751 1071 2792 vel
1095 2749 1287 2806 Ὁρατίου.

2 2806 176 2869 νξ’ἷΑΡιιά
207 2813 474 2854 Ptolemaeum
497 2815 573 2863 VI,
604 2815 626 2854 3
651 2828 695 2868 p.
729 2814 825 2867 395,
855 2814 919 2855 15.
955 2815 1051 2867 396,
1081 2827 1122 2855 2.
1146 2816 1222 2863 VI,
1246 2817 1286 2863 4,

11 2871 93 2930 [2312.
119 2876 216 2929 397,
239 2879 288 2916 16
304 2874 465 2916 codices
482 2876 686 2916 fluctuant
702 2877 810 2916 inter
833 2875 1033 2931 Ὀροάτιος
1051 2885 1092 2916 et
1112 2875 1288 2930 Ὀροάτι-

10 2928 22 2962 ?‘
45 2938 135 2986 δος;
173 2935 275 2977 illud
296 2944 542 2991 receperunt
562 2937 739 2977 editores
768 2938 1002 2988 novissimi,
1038 2937 1091 2978 ad
1118 2952 1289 2992 eamque

30 2997 227 3039 ‘formam
263 2998 378 3039 ducit
404 2997 583 3053 Ὁρατίου
606 2999 822 3040 Marciani.
858 3000 1053 3040 Ceterum
1083 3000 1149 3040 de-
1167 3000 1288 3040 variis

15 3062 39 3109 ἵ
49 3061 230 3101 nominis
247 3060 371 3115 hujus
388 3061 530 3101 formis
546 3061 727 3101 diximus
742 3060 794 3101 ad
809 3063 975 3102 Arrian.
1001 3061 1096 3102 Ind.
1121 3076 1164 3117 p.
1188 3063 1284 3111 364,

2 3123 119 3175 'Rubi
143 3122 250 3163 adde
271 3123 482 3164 Ammian.
503 3123 687 3164 Marcell.
707 3125 866 3174 XXIII,
890 3129 930 3175 6,
952 3129 1005 3165 26
1033 3123 1047 3180 (
1067 3124 1283 3180 Oroates).

0 3176 24 3185 ¹„
49 3185 70 3239 Ι]
94 3209 152 3216 -
170 3188 235 3234 14.
260 3200 324 3226 πα
338 3185 497 3241 ράπλο
510 3201 530 3224 υ
543 3187 585 3241 ς]
606 3187 666 3226 sic
686 3187 807 3227 etiam
827 3187 915 3227 aliis
934 3187 1034 3227 locis
1056 3201 1180 3241 quam
1196 3187 1287 3242 plu-

14 3248 164 3292 trimis
179 3248 302 3288 scribi
321 3247 497 3288 volueris
520 3263 598 3303 pro
625 3248 829 3303 περίπλους
853 3249 1072 3291 librorum.

104 3312 127 3362 §
154 3313 224 3360 21,
241 3309 270 3350 l.
294 3314 359 3350 16.
378 3310 564 3361 Πασίνου,
586 3312 643 3351 sic
662 3311 785 3351 etiam
802 3311 927 3362 Ptol.;
941 3312 1132 3352 Σπασίνου
1148 3311 1283 3362 editt„

20 3371 202 3426 absque
235 3386 356 3413 causa
380 3372 544 3413 idonea.
574 3374 590 3427 {l
619 3397 675 3403 —
697 3372 888 3426 n'JSexta
910 3373 1060 3427 gradus
1093 3388 1187 3429 pars
1215 3389 1280 3429 ap.

16 3434 221 3487 {Ptolenr
255 3436 271 3489 ΙΙ
298 3459 355 3466 -
382 3449 447 3490 17.
480 3435 718 3490 Ἂπφάνα]
757 3435 981 3491 Ἀπφάόανα
1009 3436 1121 3486 00(1.;
1153 3446 1285 3478 muta-

19 3495 147 3550 }runt
157 3496 274 3539 editt.
299 3513 322 3538 0
339 3499 443 3540 Ptol.
469 3501 546 3550 VI,
566 3515 589 3554 7
609 3514 652 3554 p.
678 3501 775 3548 412,
803 3501 872 3547 26,
902 3498 975 3538 ubi
997 3498 1127 3539 insula
1142 3500 1284 3540 Arabi-

42 3572 104 3599 cae
121 3573 204 3600 orae
226 3569 479 3602 accensetur.
510 3563 526 3615 ΙΙ
546 3586 602 3592 -
617 3574 685 3602 21.
706 3560 766 3601 ἐπὶ
784 3561 980 3615 Mac-salon,
1003 3561 1074 3601 sed
1093 3576 1192 3602 mox
1208 3562 1282 3603 ἀπὸ

46 3620 237 3676 Μωγαίου
254 3621 368 3672 0οἀ.;
397 3623 584 3664 Μωσαίου
612 3626 789 3679 ποταμοῦ
821 3622 980 3663 ἐκῧολαὶ
1008 3637 1074 3677 ap.
1106 3624 1277 3665 Ptolem.

8 3707 20 3738 .-
45 3696 88 3738 p.
109 3683 206 3738 395.
228 3686 389 3726 Meseus
410 3700 477 3740 ap.
510 3687 720 3727 Ammian.
749 3685 775 3725 l.
806 3684 834 3725 l.
865 3683 979 3736 Quid
1008 3693 1184 3739 praestet,
1211 3700 1281 3727 ne-

13 3739 19 3746 ’
42 3744 188 3795 scitur,
221 3759 351 3799 quum
371 3746 535 3787 aliunde
557 3747 610 3787 de
638 3747 717 3788 hoc
747 3746 930 3795 nomine,
960 3747 1025 3786 cui
1054 3746 1278 3801 Euphratis

41 3807 198 3846 ‘ostium
230 3807 398 3862 aliquod
431 3809 596 3850 subesse
633 3809 810 3858 videtur,
842 3822 926 3848 non
959 3817 1131 3849 constet.
1154 3811 1278 3851 Mitto

26 3868 228 3918 „Salmasii
245 3869 500 3925 conjecturas
515 3872 556 3912 in
572 3872 633 3912 Pl.
647 3873 771 3911 Exer.
793 3885 835 3925 p.
861 3873 957 3923 494.
975 3872 1024 3910 In
1042 3885 1179 3912 veram
1202 3873 1278 3913 hu-

31 3928 109 3970 ‚fus
139 3939 292 3972 tractus
323 3941 445 3988 atque
479 3934 723 3974 hodiernam
750 3933 1037 3987 geographiam
1070 3934 1276 3976 Ptolemaei

45 3992 222 4033 rationes
239 3993 458 4036 salsissimae
473 3996 644 4036 omnino
653 4009 737 4035 non
753 3993 922 4045 cadunt,
939 3996 998 4035 uti
1013 3996 1119 4036 inter
1132 3995 1276 4038 doctos

249 4077 380 4105 Gfiocu.
405 4075 431 4102 1.

1359 2573 1533 2605 constat.
1557 2566 1714 2619 11—21.
1729 2565 1797 2620 ψ’]
1818 2569 1859 2605 10
1877 2566 2021 2622 2o'ap.
2036 2569 2140 2609 Ptol.
2162 2570 2238 2622 Η-
2254 2584 2321 2611 21.
2339 2572 2587 2630 Πηλώδη]

1362 2627 1541 2678 στηλώαν
1562 2628 1606 2667 h.
1633 2628 1679 2676 1.,
1705 2627 1776 2668 sed
1798 2643 1895 2668 mox
1917 2632 1939 2681 S
1958 2643 2010 2669 22
2027 2639 2135 2671 recte
2159 2632 2321 2685 πηλώδη
2337 2665 2348 2682 ,
2375 2634 2469 2676 cod.
2500 2637 2515 2690 ΙΙ
2535 2661 2591 2668 -

1358 2701 1411 2728 22
1432 2688 1467 2727 υ’
1486 2691 1500 2743 J
1527 2703 1607 2729 sec.
1636 2689 1742 2730 Ptol.
1767 2689 1923 2729 tabulas
1944 2689 2136 2733 distantia
2168 2692 2274 2734 foret
2294 2694 2347 2734 ad
2368 2697 2591 2749 quingenta

1355 2750 1499 2790 stadia.
1531 2752 1545 2805 Η
1568 2776 1625 2783 -
1657 2752 1726 2792 23.
1745 2751 1830 2806 περὶ
1849 2751 1963 2804 αὐτῆς
1978 2752 2072 2794 cod.
2106 2755 2122 2807 ΙΙ
2141 2755 2280 2806 -,25.
2306 2756 2444 2804 Ταξίαν
2473 2758 2586 2807 cod.;

1355 2825 1435 2852 em.
1451 2812 1568 2853 editt.
1587 2813 1790 2854 ePtolem.
1810 2822 1849 2854 et
1860 2814 2081 2868 Stephano.
2100 2816 2256 2869 ll—26.
2276 2817 2378 2873 [Uis]
2403 2818 2445 2867 ς’
2459 2819 2590 2861 codex

1355 2883 1564 2929 corrupte.
1583 2877 1706 2915 Recte
1722 2889 1789 2915 me
1804 2875 2042 2916 emendasse
2054 2890 2139 2916 non
2156 2879 2376 2920 contendo.
2389 2882 2503 2922 Patet
2517 2882 2583 2923 de-

1357 2935 1679 2977 sideraristadia
1701 2939 1781 2978 800
1802 2935 1855 2976 ad
1870 2936 2114 2992 explendam
2136 2953 2340 2981 summam
2362 2942 2585 2984 stadiorum

1354 2997 1478 3045 3430.
1497 3001 1637 3050 Quare
1653 2997 1733 3038 hoc
1752 2998 1844 3038 loco
1858 3012 1936 3053 pro
1949 2998 1991 3048 ς’
2003 3001 2121 3054 posui
2138 3000 2207 3054 χι(
2222 3002 2379 3055 (quum
2395 3002 2586 3057 frequens

1352 3060 1404 3098 sit
1425 3060 1619 3113 siglarum
1653 3059 1695 3109 ς’
1709 3069 1749 3100 et
1771 3063 1796 3115 ιι
1826 3060 2058 3114 confusio),
2079 3071 2119 3102 et
2151 3077 2249 3103 mox
2271 3065 2424 3105 inserui
2454 3066 2584 3108 stadia

1356 3134 1448 3163 110.
1468 3122 1592 3176 Apud
1611 3121 1876 3163 Ptolemaeum
1899 3122 2101 3163 distantiae
2124 3124 2179 3164 ita
2200 3124 2352 3166 habent
2377 3139 2387 3166 :

1351 3183 1542 3235 Πηλώδης
1557 3184 1699 3230 κόλπος
1869 3185 1942 3225 830
2140 3186 2162 3225 3
2172 3194 2212 3224 1⁰

1350 3245 1517 3286 Εὐλαίου
1537 3262 1579 3287 π.
1599 3245 1757 3287 ἐκδολαί
1871 3248 1944 3294 84ο
1976 3246 2045 3288 30’
2145 3248 2216 3288 300
2246 3247 2328 3296 40’.

1351 3308 1518 3363 Τέναγος
1552 3307 1730 3363 ἀμμῶδες
1872 3310 1946 3356 840
1977 3308 2045 3351 30'
2144 3309 2215 3351 3οο
2245 3309 2326 3352 30’.

1356 3369 1554 3425 Ὀροάτιος
1570 3386 1610 3411 π.
1631 3369 1788 3411 ἐκΕολαί
1874 3372 1947 3410 86⁰
1977 3370 2045 3411 30'
2144 3372 2216 3412 300
2247 3370 2327 3413 30’.

1350 3445 1418 3486 27.
1434 3431 1565 3473 Κατὰ
1596 3435 1771 3472 τοῦτον
1797 3432 1881 3472 τὸν
1902 3447 2028 3473 ποτα
2046 3434 2161 3488 μόν]
2181 3433 2340 3486 Quodsi
2358 3436 2580 3490 premenda

1348 3503 1443 3536 sunt
1468 3494 1613 3544 verba,
1628 3494 1825 3535 Marciani
1858 3495 2091 3535 testimonio
2125 3495 2289 3537 firmare
2312 3497 2404 3538 licet
2422 3506 2582 3539 senten-

1348 3557 1446 3597 tiam
1466 3570 1607 3597 eorum
1630 3556 1702 3611 qui
1720 3557 1820 3597 Susa
1851 3557 1893 3596 in
1923 3556 2126 3598 hodierno
2155 3558 2346 3599 Sclmstet·
2364 3570 2575 3613 quaerunt;

1347 3634 1595 3674 quamquam
1614 3633 1697 3660 non
1720 3620 1776 3659 ita
1794 3618 2055 3661 statuendum
2078 3635 2165 3661 esse
2179 3635 2273 3662 cum
2286 3622 2472 3676 plurimis
2487 3637 2579 3663 cen-

1347 3696 1496 3722 semus,
1516 3681 1530 3733 ΙΙ
1550 3705 1601 3712 -
1621 3695 1690 3734 29.
1703 3681 1866 3722 Inclusa
1884 3682 2083 3737 supplevi.
2101 3683 2116 3735 ΙΙ
2132 3683 2267 3725 -30,
2289 3681 2464 3737 Ὁρατίου
2481 3684 2574 3724 cod.

1354 3744 1369 3797 {l
1390 3768 1446 3774 —
1464 3745 1532 3784 31.
1565 3758 1604 3799 ,α
1623 3742 1717 3796 υν’]
1739 3741 1798 3782 υν’
1835 3742 1980 3784 codex.
2013 3743 2136 3799 Apud
2176 3744 2438 3784 Ptolemaeum
2472 3743 2577 3785 linea

1350 3814 1459 3846 recta
1487 3805 1611 3846 habes
1648 3805 1826 3845 duorum
1865 3805 2068 3858 graduum
2102 3805 2351 3846 distantiam.
2378 3806 2575 3847 Marciani

1349 3877 1485 3908 autem
1540 3868 1699 3907 numeri
1738 3880 1866 3921 quum
1903 3867 2147 3922 plerumque
2187 3866 2360 3921 majores
2389 3867 2470 3908 sint
2484 3897 2496 3918 ‚
2535 3876 2577 3909 et

1348 3945 1433 3969 csse
1463 3928 1638 3970 debcant
1672 3930 1712 3969 in
1750 3928 1922 3984 periplo,
1954 3930 2018 3970 vix
2058 3929 2229 3969 dubium
2269 3930 2370 3983 quin
2393 3944 2430 3986 ,α
2459 3930 2571 3971 exci-

1347 3997 1469 4038 derit.

2326 4077 2364 4106 34
