2782 4348
85 205 156 269 (ιο,
170 190 245 250 47.)

40 297 69 334 t.
85 291 417 346 τετελευτηκότος
438 289 510 344 τὴν
534 287 708 350 μορφήν·
733 286 910 332 κᾶπειτα
931 286 1084 332 ἄνωθεν
1105 287 1310 340 ἐπιθέντες

4 349 5 362 ³
83 359 203 418 κέρας
228 361 362 420 αἰγὸς,
380 360 550 408 ἀπαθεῖς
570 354 820 400 ἀπολύονται
838 355 909 400 καὶ
929 356 1139 406 παντελῶς
1160 356 1311 417 ἱλαροί.

0 466 8 497 γ
83 427 222 485 Οὕτω,
249 427 363 492 φησί,
382 429 471 477 ταῖς
489 424 672 480 κηδείαις
695 426 988 487 καταχρῶνται
1011 427 1229 485 νουνεχῶς,
1256 423 1313 468 εἴ-

0 502 7 548 ,ί
82 517 158 560 περ
186 498 242 557 μὴ
277 498 418 542 λυπεῖν
440 493 608 546 ἑαυτοὺς
642 493 708 538 ἐπὶ
740 494 821 544 τοῖς
860 492 1085 548 ἀλυπήτοις
1115 493 1314 544 συνέσεως

0 592 3 624 2
36 579 55 606 5
82 568 267 626 σημεῖον.
336 564 423 616 Τὰς
457 564 491 608 δ’
531 562 634 624 ὑπὲρ
677 566 750 618 τῆς
784 561 1070 623 ἀναφυομένης
1105 562 1314 624 αἰφνιδίως

81 639 204 694 νομῆς
224 634 372 696 ἔχθρας
399 651 442 677 τε
463 634 534 677 καὶ
558 631 696 693 μάχας
733 631 804 676 καὶ
824 631 1028 691 πολέμους
1052 633 1186 677 αὐτῶν
1212 630 1312 693 πρὸς

83 702 282 758 ἀλλήλους
323 701 444 764 (οὐδὲ
468 700 547 763 γὰρ
589 702 691 763 ὑπὲρ
731 700 855 746 ἄλλου
894 700 1001 752 τινὸς
1041 700 1309 763 μάχονται),

79 772 171 816 ἀλλ’
191 764 265 816 οὐν·
278 772 430 822 ταύτας
453 773 495 816 αἱ
519 769 797 832 πρεσὸύτεραι
819 770 1008 830 γυναῖκες
1035 771 1312 832 προπηδῶσαι

4 884 10 890 ,
50 874 52 876 -
79 841 302 895 διαλύουσι,
321 842 428 886 κατὰ
451 839 497 884 τὸ
518 839 642 898 μέσον
664 836 872 899 ἐλθοῦσαι,
894 839 966 885 καὶ
985 841 1067 891 τοῖς
1085 838 1312 902 πραΰνουσι

3 920 53 974 ζΙΟ
76 911 209 970 λόγοις
242 909 334 962 τοὺς
371 909 521 969 θυμοὺς
557 909 895 970 ἀνηρεθισμένους
934 908 1308 956 καταστέλλουσαι.

4 978 11 1002 ”
73 979 228 1041 ’Υπνῳ
246 978 304 1035 δὲ,
327 978 469 1041 φησίν,
491 980 535 1024 οὐ
556 978 664 1023 κατὰ
687 978 778 1031 τοὺς
803 979 951 1031 ἄλλους
977 981 1057 1023 τῶν
1081 978 1308 1040 ἀνθρώπων

79 1051 286 1109 χρῶνται,
312 1047 419 1093 ἀλλὰ
440 1048 686 1111 θρεμμάτων
712 1048 784 1108 μὲν
817 1052 970 1104 πλῆθος
994 1051 1151 1100 ἑαυτοῖς
1171 1048 1310 1110 ἔχουσι

75 1117 360 1177 συνεπόμενον,
394 1119 588 1170 κώδωνας
624 1118 666 1163 δὲ
704 1118 896 1174 ἐξέδησαν
931 1121 994 1168 ἐκ,
1015 1120 1095 1163 τῶν
1125 1117 1310 1179 κεράτων

72 1189 151 1230 τῶν
174 1187 350 1248 ἀρρένων
383 1189 567 1242 πάντων,
589 1186 699 1239 ὅπως
721 1192 741 1232 ὃ
775 1188 845 1232 ἀπ’
866 1189 999 1232 αὐτῶν
1019 1187 1148 1250 ψόφος
1178 1184 1307 1249 διώκῃ

9 1271 46 1300 15
73 1255 122 1299 τὰ
144 1256 284 1318 θηρία·
309 1255 412 1302 ἐπὰν
440 1256 482 1301 δὲ
500 1256 567 1309 νὺξ
591 1258 685 1317 ἐπῇ,
705 1258 759 1308 εἷς
783 1255 965 1319 μάνδρας
990 1256 1063 1314 μὲν
1084 1254 1305 1315 συνάγουσι

70 1324 142 1379 τὴν
169 1325 297 1382 λείαν,
323 1325 474 1370 ἄνωθεν
499 1326 541 1370 δὲ
563 1326 833 1371 ἐπιὸάλλουσι
859 1324 998 1387 ῥιποὺς
1028 1327 1073 1369 ἐκ
1097 1323 1302 1387 φοινίκων.

70 1394 156 1439 Καὶ
177 1397 217 1439 αἱ
239 1394 312 1454 μὲν
333 1395 520 1454 γυναῖκες
540 1394 752 1453 μετὰτῶν
780 1394 937 1449 νηπίων
958 1392 1113 1445 τούτοις
1135 1392 1304 1438 ἐπιὸαί-

68 1481 216 1520 νουσιν,
252 1466 288 1509 οἱ
323 1464 364 1508 δὲ
407 1464 546 1525 ἄνδρες
582 1463 692 1526 πυρὰ
729 1463 870 1527 κύκλῳ
911 1463 1101 1523 καίουσι,
1128 1462 1304 1526 ᾄδοντες

67 1531 260 1595 πατρίους
282 1533 394 1584 τινὰς
417 1532 581 1592 μύθους,
602 1533 674 1578 καὶ
697 1533 764 1579 τὸν
787 1533 909 1579 ὕπνον
933 1533 1039 1579 οὕτω
1058 1537 1302 1594 παρωθοῦν-

5 1615 48 1647 20
67 1619 158 1661 ται,
181 1604 221 1646 ἐν
255 1603 418 1654 πολλοῖς
446 1606 518 1657 τῆς
545 1602 719 1662 μελέτης
752 1602 820 1648 διὰ
845 1604 1092 1663 τάναγκαῖον
1128 1601 1201 1657 τὴν
1227 1602 1304 1665 φύ-

68 1688 132 1715 σιν
163 1671 352 1729 νικώσης.
419 1670 556 1718 'Eueno
588 1671 633 1717 δέ
650 1692 770 1732 τινες,
796 1676 867 1718 τοῦ
891 1680 1016 1718 πᾶσιν
1040 1671 1302 1735 ὂφειλομένου

65 1739 118 1800 γή
124 1759 214 1802 ρους
233 1741 491 1804 βαρύνοντος,
507 1742 656 1802 μηκέτι
673 1737 872 1788 δύνωνται
888 1749 977 1794 ταῖς
991 1741 1183 1801 ποίμναις
1198 1743 1302 1787 ἐπα-

67 1812 291 1871 κολουθεῖν,
314 1813 543 1873 περιθέντες
565 1812 657 1874 βοὸς
679 1811 803 1875 οὐρὰν
825 1812 919 1875 περὶ
941 1812 1008 1857 τὸν
1046 1811 1201 1873 αὐχένα
1233 1810 1300 1856 τὸν

66 1882 217 1937 αὐτῶν,
246 1881 317 1926 καὶ
340 1881 408 1927 τὸν
439 1881 570 1926 ὀπίσω
601 1887 671 1927 τοῦ
696 1881 906 1945 τραχήλου
932 1881 1079 1941 δεσμὸν
1105 1875 1150 1926 εὐ
1186 1881 1299 1940 μάλα

0 2020 144 2073 athlete
161 2012 356 2068 δήσαντες
375 2016 454 2058 τῶν
477 2013 827 2068 τετελευτηκότων
850 2012 902 2058 τὰ
927 2012 1104 2073 σώματα
1134 2011 1292 2074 προσά-

63 2100 208 2126 πτουσι
235 2082 303 2127 τὸν
334 2083 489 2144 αὐχένα
515 2090 599 2135 τοῖς
628 2085 819 2128 σκέλεσι·
843 2082 974 2135 θέντες
992 2082 1035 2127 δὲ
1063 2081 1131 2127 τὸν
1153 2080 1294 2144 νεκρὸν

62 2151 130 2195 ἐπί
162 2171 267 2204 τινος
291 2152 584 2212 ἀναστήματος
621 2153 819 2214 βάλλουσι
845 2152 968 2203 λίθοις
1004 2149 1293 2213 χειροπληθέσι

59 2223 255 2280 γελῶντες
271 2258 282 2278 ,
327 2221 449 2282 μέχρι
490 2220 536 2265 ἂν
572 2220 665 2266 ὅτου
708 2227 791 2272 τοῖς
827 2219 951 2272 λίθοις
991 2218 1294 2281 περιχώσαντες

63 2290 330 2351 ἀποκρύψωσι
355 2291 407 2334 τὰ
428 2289 605 2348 σώματα
619 2308 629 2317 ·
654 2289 700 2333 τὸ
722 2289 763 2333 δὲ
783 2290 1014 2334 τελευταῖον
1041 2287 1154 2347 αἰγὸς
1171 2290 1293 2348 κέρας

0 2367 39 2398 30
62 2360 262 2410 ἐπιθέντες
299 2359 577 2414 ἀπολύονται,
611 2359 869 2418 συμπάθειαν
905 2357 1096 2417 οὐδεμίαν
1122 2356 1291 2416 λαμὸά-

60 2446 207 2479 νοντες.
279 2431 515 2487 Πολεμοῧσι
536 2428 578 2472 δὲ
601 2429 700 2489 πρὸς
718 2428 918 2483 ἀλλήλους
936 2429 1012 2489 οὐχ
1037 2425 1186 2486 ὁμοίως
1209 2432 1292 2476 τοῖς

58 2493 264 2552 Ἕλλησιν
290 2496 389 2558 ὑπὲρ
415 2501 489 2558 γῆς
513 2498 539 2553 ἤ
570 2517 690 2542 τινων
716 2497 851 2542 ἄλλων
877 2495 1164 2556 ἐγκλημάτων,
1198 2496 1290 2539 ἀλλ’

59 2565 163 2626 ὑπὲρ
186 2570 258 2621 τῆς
281 2566 563 2626 ἐπιγινομένης
587 2566 648 2611 ἀεὶ
675 2570 817 2625 νομῆς.
887 2566 961 2613 Ἐν
991 2565 1033 2610 δὲ
1055 2571 1145 2617 ταῖς
1177 2566 1289 2627 φιλο-

58 2635 224 2687 νεικίαις
243 2635 289 2680 τὸ
310 2634 385 2695 μὲν
405 2638 565 2697 πρῶτον
592 2636 794 2691 ἀλλήλους
817 2637 898 2687 τοῖς
920 2635 1043 2687 λίθοις
1069 2635 1289 2695 βάλλουσι,

2 2721 39 2751 35
58 2703 180 2766 μέχρι
199 2703 246 2748 ἄν
266 2722 368 2756 τινες
390 2707 598 2767 τρωθῶσι,
621 2705 692 2749 καὶ
710 2704 756 2749 τὸ
775 2705 916 2750 λοιπὸν
937 2705 1004 2750 ἐπὶ
1027 2704 1095 2749 τὸν
1119 2707 1199 2748 τῶν
1222 2704 1289 2748 τό-

59 2771 132 2826 ξων
159 2775 298 2834 ἀγῶνα
332 2777 581 2821 καταντῶσι.
649 2773 807 2820 Πολλοὶ
839 2774 881 2819 δὲ
914 2776 953 2819 ἐν
979 2774 1125 2835 ἀκαρεῖ
1153 2773 1289 2835 χρόνῳ

57 2845 311 2901 τελευτῶσιν,
334 2844 387 2895 ὥς
411 2842 458 2888 ἂν
480 2843 688 2906 εὐστόχως
709 2843 781 2904 μὲν
807 2841 1042 2907 βαλλόντων
1062 2841 1128 2888 διὰ
1153 2842 1227 2898 τὴν
1247 2844 1287 2886 ἐν

57 2913 208 2965 τούτοις
242 2913 432 2972 ἄθλησιν,
462 2912 530 2958 τὸν
562 2914 604 2958 δὲ
633 2912 784 2959 σκοπὸν
817 2913 991 2976 ἐχόντων
1021 2911 1172 2973 γυμνὸν
1206 2914 1286 2957 τῶν

57 2982 370 3045 σκεπαστηρίων
402 2982 556 3027 ὅπλων.
625 2983 848 3029 Διαλύουσι
872 2983 914 3028 δὲ
937 2982 1010 3039 τὴν
1035 2982 1177 3045 μάχην
1206 2985 1287 3028 τῶν

6 3065 36 3096 to
55 3055 257 3113 γυναικῶν
299 3056 339 3098 αἱ
378 3052 679 3116 πρεσὸύτεραι,
713 3052 1021 3115 προαλλόμεναι
1051 3051 1124 3112 μὲν
1157 3054 1212 3104 εἷς
1241 3052 1287 3097 τὸ

57 3123 195 3179 μέσον,
227 3125 423 3185 ἐντροπῆς
454 3122 496 3168 δὲ
527 3123 827 3184 τυγχάνουσαι·
862 3122 1034 3182 νόμιμον
1064 3122 1143 3184 γάρ
1176 3124 1285 3168 ἔστιν

57 3191 191 3241 αὐτοῖς
207 3191 356 3243 ταύτας
374 3191 482 3236 κατὰ
503 3191 658 3251 μηδένα
678 3194 758 3236 τῶν
782 3190 943 3253 τρόπων
973 3191 1139 3236 τύπτειν
1152 3209 1161 3218 ·
1196 3189 1285 3235 ὅθεν

56 3257 144 3313 ἅμα
176 3261 234 3320 τῷ
268 3262 443 3321 φανῆναι
476 3260 676 3305 παύονται
706 3266 776 3305 τοῦ
802 3259 991 3314 τοξεύειν.
1057 3262 1111 3306 Οἱ
1142 3258 1184 3305 δὲ
1219 3259 1285 3305 διὰ

55 3325 101 3370 τὸ
124 3329 252 3388 γ’ῆρας
274 3329 318 3372 οὐ
343 3328 559 3388 δυνάμενοι
593 3331 683 3382 ταῖς
711 3330 904 3386 ποίμναις
927 3331 1162 3374 ἀκολουθεῖν
1195 3329 1285 3391 βοὸς

10 3409 32 3438 5
55 3396 156 3457 οὐρᾷ
186 3395 253 3440 τὸν
292 3398 445 3458 αὐχένα
481 3397 815 3460 περισφίγξαντες
845 3401 1002 3443 ἑαυτῶν
1036 3399 1285 3444 ἀπολύονται

53 3468 122 3509 τοῦ
147 3467 218 3519 ζῆν
240 3466 470 3527 προθύμως·
495 3472 568 3512 τοῦ
589 3468 631 3512 δὲ
654 3467 722 3512 τὸν
748 3468 921 3513 θάνατον
943 3468 1282 3529 ἀναὸαλλομένου

52 3652 121 3684 tur
150 3642 259 3697 apud
274 3643 463 3684 Strabon.
490 3659 532 3698 p.
564 3649 643 3698 776
666 3645 746 3700 (ex
781 3646 984 3687 Artemid.
1005 3646 1038 3702 ),
1060 3661 1103 3701 p.
1141 3650 1220 3701 819
1243 3656 1284 3688 et

53 3707 149 3759 736,
174 3713 215 3745 et
250 3719 315 3760 ap.
350 3706 456 3746 Plin.
479 3707 555 3756 VI,
580 3706 630 3746 35
655 3720 664 3746 :
693 3710 839 3747 Contra
872 3710 1034 3748 Meroen
1068 3710 1284 3760 Megabari

51 3769 68 3820 (
84 3767 321 3819 Megabarri
343 3782 429 3808 var.
454 3768 545 3808 lect.
565 3767 598 3823 )‚
619 3783 719 3823 quos
740 3769 874 3823 aliqui
896 3769 1134 3810 Adiabaros
1150 3772 1280 3812 nomi-

49 3845 218 3880 navere,
244 3829 441 3886 oppidum
474 3830 623 3870 habent
644 3829 886 3886 Apollinis;
904 3845 1010 3886 pars
1042 3846 1175 3873 eorum
1207 3848 1278 3874 no-

49 3892 185 3932 mades
203 3907 291 3947 qace
313 3891 540 3947 elephantis
557 3891 751 3932 vescitur.
769 3895 842 3932 Ex
861 3892 1033 3933 adverso
1058 3892 1100 3933 in
1120 3893 1280 3946 Africa:

42 3963 164 4007 parte
200 3953 432 4002 Macrobii‚·
470 3967 611 3994 rursus
648 3967 674 3993 a
706 3953 944 4005 Megabaris
979 3957 1209 3996 Memnones
1240 3967 1279 3998 ct

48 4016 208 4056 Dabeli.
227 4016 469 4057 Ptolemaeus
487 4018 564 4067 IV,
580 4031 620 4071 7,
637 4030 680 4071 p.
705 4017 784 4066 304
805 4030 813 4057 :
831 4017 878 4058 Οἱ
898 4017 1110 4074 Ἆξουμῖται
1126 4020 1190 4061 καὶ
1208 4022 1279 4062 Σο-

1001 187 1083 233 DE
1116 188 1273 234 MARI
1292 190 1514 236 'ERYTH
1524 193 1678 239 RAEO.

2523 214 2606 252 155

1379 300 1568 339 cornuin
1584 301 1750 356 cippum
1771 301 1869 352 fixo,
1892 302 1979 342 sine
1997 302 2308 356 perturbatione
2325 309 2496 347 omnino
2512 310 2606 351 hila-

1378 380 1443 406 res
1476 367 1717 410 abscedunt.
1778 371 1843 410 Sic
1870 370 2140 411 funerationis
2173 384 2295 411 usum
2329 375 2532 427 sapienter
2553 379 2608 418 in·

1378 441 1565 485 vertunt,
1592 436 1795 490 siquidem
1815 437 1870 477 ob
1889 452 1954 477 res
1984 451 2161 478 moerore
2183 452 2330 479 vacuas
2362 455 2538 484 moerore
2573 460 2611 485 sc

1378 515 1464 541 non
1477 502 1656 556 affligere
1671 505 1901 558 prudentiae
1913 514 1988 546 est.
2049 508 2111 546 De
2126 508 2286 561 pascuis
2302 510 2611 562 repullulascen-

1378 571 1488 611 tibus
1508 572 1645 612 subito
1668 573 1903 614 inimicitias
1925 583 1965 614 et
1988 589 2145 629 pugnas
2175 583 2296 629 atque
2322 576 2425 617 bella
2449 580 2614 632 quando

1377 640 1558 680 excitant
1583 638 1596 694 (
1613 654 1710 680 nam
1731 641 1809 681 alia
1824 641 1875 682 de
1893 656 1938 681 re
1958 642 2066 682 inter
2088 657 2130 682 se
2151 657 2237 682 non
2259 643 2501 701 dimicant),
2530 662 2614 689 ma-

1377 721 1507 754 tronae
1544 721 1659 753 aetate
1689 714 1992 768 provectiores,
2031 715 2075 754 in
2106 715 2291 757 medium
2327 719 2582 772 prosilientes
2600 755 2610 772 ‚

1377 795 1584 827 certamen
1605 786 1836 839 dirimunt,
1858 796 1898 828 et
1918 788 2052 829 verbis
2075 788 2127 829 ad
2143 789 2349 832 lenitatem
2377 797 2612 849 compositis

1377 861 1555 902 irritatos
1575 862 1733 901 animos
1750 862 1998 916 reprimunt.
2059 863 2260 904 Somnum
2282 874 2419 907 autem
2436 869 2519 921 (ait
2539 885 2611 911 au-

1376 935 1494 987 ctor)
1535 948 1619 973 non
1659 947 1737 989 pro
1769 933 1944 976 aliorum
1991 934 2211 976 hominum
2254 951 2369 979 more
2420 943 2608 996 capiunt,

1348 1038 1350 1040 v
1375 1006 1447 1047 sed
1476 1021 1675 1062 pecorum
1702 1021 1841 1061 greges
1866 1016 2067 1063 perpetuo
2091 1023 2231 1050 secum
2264 1012 2604 1066 circumducunt3

1375 1089 1582 1135 quotquot
1603 1095 1654 1121 ex
1675 1080 1740 1121 his
1766 1088 1862 1122 sunt
1879 1095 2011 1124 mares
2025 1113 2036 1133 ‚
2065 1082 2218 1123 horum
2238 1081 2290 1123 de
2318 1086 2511 1127 cornibus
2529 1090 2609 1129 tin·

1374 1153 1589 1195 tinnabula
1611 1153 1869 1210 suspendunt
1883 1186 1894 1205 ‚
1922 1163 1969 1195 ut
2001 1155 2160 1196 sonitus
2183 1156 2334 1198 horum
2356 1158 2460 1200 feras
2494 1161 2611 1203 abar-

1375 1236 1488 1278 ceat;
1504 1227 1591 1282 jam
1611 1228 1644 1268 si
1667 1243 1752 1269 nox
1771 1229 1941 1282 ingruit,
1967 1229 2010 1269 in
2031 1229 2165 1269 caulas
2186 1229 2367 1284 praedam
2386 1243 2552 1287 cogunt,
2571 1246 2611 1278 et

1376 1308 1528 1340 storeas
1551 1314 1574 1340 e
1604 1299 1751 1355 palmis
1772 1299 1949 1355 desuper
1968 1299 2185 1355 injiciunt;
2208 1301 2293 1342 huc
2315 1302 2491 1346 foeminae
2515 1321 2610 1348 cum

1375 1373 1602 1415 infantibus
1635 1389 1678 1415 se
1711 1374 1943 1430 recipiunt;
1968 1375 2046 1415 viri
2075 1383 2213 1416 autem
2240 1376 2406 1430 ignibus
2435 1379 2611 1421 circum-

1375 1438 1485 1487 circa
1519 1447 1723 1498 accensis,
1762 1447 1915 1502 patrias
1945 1455 1986 1487 et
2017 1447 2186 1501 gentiles
2224 1448 2424 1503 quasdam
2456 1449 2610 1494 fabulas

1374 1518 1632 1560 decantando
1647 1550 1658 1570 ,
1686 1532 1880 1559 somnum
1902 1533 1926 1559 a
1957 1533 1999 1559 se
2030 1518 2248 1575 repellunt.
2308 1521 2375 1562 Sic
2400 1521 2445 1563 in
2473 1524 2610 1566 multis

1373 1590 1614 1632 assuefactio
1635 1598 1826 1631 naturam
1840 1604 1915 1646 per
1936 1587 2163 1631 necessaria
2178 1590 2367 1646 quaedam
2388 1593 2530 1636 vincit.
2569 1597 2609 1637 Si

1375 1664 1447 1718 qui
1469 1664 1775 1717 ingravescente
1797 1663 1912 1704 senio
1933 1662 2078 1719 (quod
2105 1663 2298 1704 omnibus
2316 1679 2367 1705 ex
2395 1680 2513 1721 aequo
2535 1667 2608 1709 de-

1374 1732 1522 1789 betur)
1536 1746 1677 1787 greges
1693 1733 1852 1787 assequi
1865 1747 1950 1772 non
1963 1733 2136 1787 possint,
2154 1732 2198 1773 hi
2211 1732 2343 1774 cauda
2364 1734 2481 1775 bovis
2503 1736 2607 1777 collo

1372 1805 1536 1861 injecta,
1558 1804 1754 1860 nodoque
1775 1805 1818 1845 in
1837 1806 1988 1845 vertice
2011 1813 2097 1844 arte
2111 1805 2334 1845 constricto
2347 1836 2359 1856 ,
2381 1820 2404 1846 e
2418 1807 2499 1847 vita
2522 1822 2607 1848 sese

1371 1879 1603 1920 exsolvunt.
1665 1877 1827 1931 Quodsi
1847 1879 1939 1932 quis
1958 1891 2104 1918 eorum
2123 1878 2281 1918 exitum
2300 1893 2323 1918 e
2342 1879 2423 1920 vita
2446 1879 2607 1934 longius

1367 2016 1543 2057 cadaver
1562 2017 1711 2071 paliuri
1739 2016 1962 2057 viminibus
1986 2017 2042 2057 ita
2060 2018 2364 2072 constringunt,
2391 2026 2438 2058 ut
2457 2019 2606 2061 collum

1366 2093 1556 2134 cruribus
1576 2101 1833 2134 annectatur.
1893 2095 2003 2134 Tum
2032 2094 2075 2134 in
2094 2094 2239 2135 collem
2258 2094 2466 2149 quendam
2485 2096 2607 2136 collo-

1366 2178 1503 2210 catum
1535 2170 1761 2210 manuariis
1782 2169 1989 2224 lapidibus
2015 2184 2111 2210 cum
2139 2171 2227 2210 risu
2251 2171 2448 2226 tantisper
2476 2172 2604 2226 impe·

1364 2254 1474 2296 tunt,
1501 2245 1639 2300 quoad
1655 2253 1853 2299 congestu
1867 2245 2053 2301 lapidum
2076 2245 2290 2286 obruatur.
2353 2247 2495 2301 Caprae
2516 2256 2604 2287 tan-

1365 2321 1460 2362 dem
1488 2336 1621 2362 cornu
1656 2322 1876 2376 imposito,
1911 2321 2023 2362 nulla
2055 2322 2409 2367 commiseratione
2441 2322 2600 2373 affecti,

1362 2397 1597 2438 discedunt.
1657 2397 1955 2451 Belligerantur
1980 2399 2088 2438 inter
2105 2412 2147 2438 se
2161 2428 2173 2448 ,
2190 2412 2277 2438 non
2298 2406 2345 2439 ut
2363 2399 2495 2439 Graeci
2509 2430 2521 2449 ,
2550 2398 2603 2439 de

1362 2473 1519 2516 ditione
1542 2474 1603 2514 vel
1621 2474 1717 2514 alias
1736 2473 1794 2514 ob·
1811 2474 2019 2528 querelas,
2040 2473 2113 2514 sed
2139 2473 2191 2515 de
2219 2475 2380 2529 pascuis
2401 2475 2602 2515 virescen-

1362 2550 1486 2591 tibus.
1546 2552 1596 2591 In
1615 2550 1813 2591 conflictu
1833 2551 2018 2605 primum
2039 2551 2194 2590 mutuis
2215 2565 2258 2591 se
2278 2549 2463 2606 lapidum
2481 2550 2599 2605 jacti-

1361 2626 1438 2667 bus
1460 2628 1684 2678 incessunt‚
1702 2626 1819 2678 dum,
1837 2627 2058 2667 vulneratis
2076 2627 2280 2681 aliquibus
2294 2658 2305 2677 ‚
2327 2626 2380 2667 ad
2395 2635 2601 2668 certamen

1361 2717 1535 2744 arcuum
1546 2702 1788 2758 procedant.
1849 2704 2010 2757 Exiguo
2025 2705 2224 2759 temporis
2235 2712 2447 2745 momento
2460 2705 2602 2757 ingens

1360 2779 1470 2820 cadit
1489 2780 1641 2831 turba3
1672 2795 1723 2821 ex
1757 2780 1882 2834 longo
1913 2781 2067 2836 quippe
2093 2794 2174 2821 usu
2208 2788 2341 2821 certos
2373 2778 2598 2821 intendunt

1356 2854 1493 2910 jactus
1507 2888 1519 2906 ‚
1541 2865 1583 2898 et
1603 2856 1668 2897 his
1688 2870 1863 2912 corpora
1889 2856 1999 2897 nulla
2021 2871 2232 2898 armorum
2250 2856 2481 2897 munitione
2499 2865 2604 2898 tecta

1359 2932 1412 2973 ad
1427 2934 1533 2974 ictus
1552 2941 1711 2990 patent.
1773 2936 1935 2988 Pugnas
1959 2933 2128 2974 tandem
2153 2933 2345 2974 mulieres
2371 2942 2487 2975 aetate
2507 2948 2603 2989 pro-

1359 3011 1560 3051 vectiores
1582 3025 1658 3066 per
1690 3011 2025 3052 intercessionem
2048 3010 2251 3050 dirimunt
2264 3041 2276 3061 ‚
2305 3024 2405 3064 quas
2427 3018 2468 3051 et
2489 3025 2601 3050 reve-

1357 3087 1491 3127 rentia
1519 3086 1763 3141 dignantur.
1821 3088 1928 3128 Nam
1964 3087 2077 3127 nullo
2106 3087 2178 3127 has
2207 3094 2327 3141 pacto
2363 3086 2489 3126 ferire
2516 3087 2600 3139 lege

1675 3163 1776 3204 Ideo
1800 3178 1929 3218 quum
1959 3164 2140 3218 primum
2161 3163 2203 3202 in
2219 3170 2483 3216 conspectum
2503 3175 2598 3215 pro-

2222 3238 2306 3290 Qui
2335 3251 2409 3292 per
2436 3238 2595 3277 senium

1357 3171 1524 3204 cautum
1539 3171 1615 3204 est.

1356 3238 1501 3290 deant,
1521 3254 1545 3280 a
1566 3241 1804 3294 sagittarum
1826 3238 1941 3294 jactu
1965 3247 2160 3280 cessatur.

1356 3329 1441 3356 non
1468 3324 1642 3371 possunt
1674 3330 1813 3369 greges
1841 3316 1979 3369 sequi,
2003 3323 2166 3368 gutture
2196 3313 2313 3354 bovis
2352 3311 2491 3353 caudae
2519 3313 2595 3352 illi-

1356 3401 1473 3447 gato,
1512 3407 1630 3446 aequo
1664 3393 1804 3432 animo
1835 3392 1911 3432 sibi
1941 3392 2068 3431 vitam
2100 3389 2373 3446 praecludunt.
2434 3389 2595 3443 Quodsi

1356 3470 1450 3524 quis
1473 3477 1648 3509 mortem
1667 3467 1821 3518 dissert,
1842 3467 1956 3507 hunc
1969 3465 2094 3507 veluti
2115 3479 2167 3506 ex
2191 3463 2477 3506 benevolentia
2496 3478 2595 3518 qua-

1355 3649 1524 3702 ὅορίδαι·
1556 3646 1642 3686 εἶτα
1671 3645 1847 3692 Momm
1874 3644 2070 3700 (Μόλγιοι
2088 3643 2229 3697 Trogi.
2255 3642 2430 3683 Diodori
2450 3645 2495 3693 Ι,
2524 3644 2591 3696 37,

1354 3713 1377 3751 8
1391 3711 1432 3766 Ρ)
1461 3710 1525 3750 καὶ
1547 3709 1797 3763 Μεγάὸαρδοι
1822 3707 1886 3748 καὶ
1913 3707 2076 3748 Novem.
2096 3708 2258 3747 Nomen
2279 3705 2590 3759 Megabarorum

1352 3774 1574 3813 etiamnum
1596 3785 1806 3825 superesse
1827 3771 1871 3810 in
1886 3769 2133 3812 Mei-archab
2149 3768 2260 3809 tribu
2285 3782 2414 3823 prope
2437 3766 2592 3818 Shendy

1351 3835 1460 3875 inter
1484 3833 1624 3874 Nilum
1652 3840 1694 3872 et
1725 3832 1970 3874 Astaboram
2002 3831 2175 3885 degente
2201 3830 2430 3884 suspicatur
2458 3826 2590 3867 Burk-

1349 3895 1537 3936 hardtus.
1557 3893 1621 3935 Cf.
1639 3894 1785 3943 Ritter,
1811 3893 1942 3934 Erdk.
1966 3896 2008 3944 I,
2032 3908 2075 3948 p.
2099 3893 2176 3932 663
2200 3905 2261 3944 sq.
2290 3890 2304 3943 Η
2324 3913 2380 3919 -
2402 3891 2443 3936 4.
2468 3885 2590 3937 λυπὴν

1350 3957 1498 4005 ἑαυτοῖς
1520 3958 1567 3998 C.
1594 3957 1611 4010 Η
1630 3981 1687 3987 —
1712 3956 1776 3997 15.
1812 3956 1930 4011 ἐπῇ]
1962 3975 1979 3991 α
2006 3955 2147 3996 Malim
2176 3953 2275 4005 ἐπίῃ.
2302 3968 2317 3988 »
2355 3952 2543 3991 annffl.
2570 3949 2586 4003 ΙΙ

1348 4047 1404 4054 -
1428 4024 1490 4062 18.
1518 4020 1667 4061 καίουσι
1686 4019 1815 4072 κύκλῳ
1834 4021 1881 4060 C,
1906 4019 1922 4072 Η
1942 4030 2077 4058 —2o.
2097 4014 2241 4068 τάναγ
2255 4012 2425 4065 καῖον]
2450 4012 2507 4051 sic
2533 4012 2589 4062 C;
