2808 4342
552 0 602 46 Q
863 46 865 48 ,

766 82 811 126 0

236 159 327 201 2⁰⁴

226 269 292 301 auo
312 260 545 318 προσεχεῖς.
569 223 743 302 'tarnim
762 253 917 300 τούτων
936 250 981 299 δὲ
999 259 1156 299 κεῖνται
1180 254 1263 299 τῶν
1281 251 1420 306 τόπων

233 350 238 355 ·
307 324 534 389 Βόὸρνκες.
555 322 737 373 1Ἔπειτα
756 322 1084 386 παραθαλάττιοι
1101 322 1218 369 κάτω

309 393 460 455 Λίγυες
481 393 648 456 ἔχονται
669 392 741 439 καὶ
762 391 900 443 πόλεις
916 390 1153 447 Ἑλληνίδες
1165 426 1180 452 ,

310 462 358 516 ἃς
377 465 684 511 Μασσαλιῶται
705 462 900 511 Φωκαεῖς
921 457 1139 524 ἀπῴκισαν
1153 478 1165 491 ·

307 531 452 595 πρώτη
478 531 554 592 μὲν
577 528 815 590 Ἐμπόριον,
839 526 969 585 Ῥόδη
992 527 1036 575 δὲ
1059 529 1254 594 δευτέρα·

224 616 289 648 sos
311 601 465 655 ταύτην
485 599 527 645 δὲ
547 597 644 660 πρὶν
667 597 777 643 ναῶν
797 601 1042 660 κρατοῦντες
1062 597 1231 645 ἔκτισαν

307 668 478 716 Ῥόδιοι.
504 668 610 713 Μεθ’
632 663 702 718 οὓς
724 664 909 719 ἐλθόντες
931 668 989 720 εἰς
1009 665 1196 732 Ἰὸηρίαν

305 738 344 781 01
366 733 623 783 Μασσαλίαν
642 733 856 789 κτίσαντες
877 734 1000 799 ἔσχον
1022 739 1218 792 Φωκαεῖς

305 803 480 866 Ἀγάθην
500 802 795 852 Ῥοδανουσίαν
818 823 862 851 τε
876 841 891 868 ,
916 804 1115 860 Ῥοδανὸς
1132 807 1184 864 ἣν
1209 809 1339 870 με’γας

303 872 490 934 ποταμὸς
508 874 739 938 παραρρεῖ,
761 874 995 923 Μασσαλία
1019 876 1055 922 δ’
1074 875 1158 923 ἐστ’
1182 876 1382 940 ἐχομένη,

222 958 283 989 ato
304 942 421 994 πόλις
443 942 645 1004 μεγίστη,
667 942 886 991 Φωκαέων
909 944 1098 993 ἀποικία.

302 1009 377 1058 Ἐν
400 1014 453 1074 τῇ
478 1014 709 1076 Λιγυστικῇ
731 1011 775 1059 δὲ
793 1012 949 1071 ταύτην
967 1013 1134 1061 ἔκτισαν

299 1079 380 1143 πρὸ
400 1084 473 1137 τῆς
495 1081 634 1144 μάχης
651 1086 725 1139 τῆς
744 1084 785 1129 ἐν
806 1084 1019 1144 Σαλαμῖνι
1036 1084 1259 1144 γενομένης

300 1149 430 1196 ἔτεσιν
453 1151 666 1215 πρότερον,
686 1149 742 1205 ὥς
760 1170 902 1218 φασιν,
925 1152 1072 1200 ἑκατὸν
1092 1154 1236 1202 εἴκοσι.

301 1218 481 1280 Τίμαιος
504 1219 632 1274 οὕτως
649 1223 805 1286 ἱστορεῖ
827 1222 870 1269 δὲ
892 1222 968 1279 τὴν
989 1222 1140 1271 κτίσιν.

215 1305 279 1336 215
300 1281 423 1337 Εἷτεν
446 1289 553 1351 μετὰ
573 1291 729 1348 ταύτην
749 1292 950 1356 Ταυρόεις
969 1292 1041 1339 καὶ
1060 1293 1235 1348 πλησίον

301 1359 420 1412 πόλις
440 1359 594 1407 Ὄλὸία
617 1361 855 1415 κάντίπολις
877 1364 1012 1409 αὐτῶν
1037 1363 1213 1425 ἐσχάτη.

301 1427 426 1476 Μετὰ
445 1428 520 1486 τὴν
539 1431 791 1491 Λιγυστικὴν
811 1430 1025 1494 Πελασγοὶ
1045 1433 1081 1478 δ’
1103 1432 1204 1478 εἰσὶν
1229 1434 1266 1477 οἱ

300 1498 495 1560 πρότερον
519 1500 838 1557 κατοικήσαντες
855 1503 901 1547 ἐκ
919 1505 993 1557 τῆς
1016 1500 1215 1554 Ἑλλάδος
1234 1537 1247 1561 ,

301 1567 439 1624 κοινὴν
460 1567 503 1614 δὲ
525 1571 776 1632 Τυρρηνοῖσι
792 1571 935 1634 χώραν
957 1571 1190 1632 νεμόμενοι.

213 1650 277 1683 2²0
297 1636 531 1699 Τυρρηνίαν
556 1637 592 1683 δ’
611 1641 633 1684 ὃ
650 1639 784 1692 Λυδὸς
807 1638 951 1693 Ἄτυος
973 1640 1132 1687 ἔκτισεν

297 1706 507 1769 Τυρρηνὸς
530 1707 597 1753 ἐπὶ
619 1707 712 1761 τοὺς
734 1708 989 1773 Ὀμὸρικοὺς
1009 1709 1135 1757 ἐλθών
1156 1728 1274 1758 ποτε.

297 1773 373 1822 Ἐν
392 1778 452 1840 τῷ
469 1776 585 1840 πόρῳ
607 1780 764 1824 κεῖνται
785 1772 827 1824 δὲ
846 1782 963 1835 ν’ῆσοι
981 1779 1204 1841 πελάγιαι,

303 1844 459 1908 Κύρνος
479 1865 525 1892 τε
547 1846 618 1892 καὶ
642 1845 796 1910 Σαρδὼ
811 1884 824 1909 ,
846 1848 1021 1910 μεγίστη
1041 1850 1243 1909 λεγομένη

298 1914 403 1975 μετὰ
423 1915 497 1971 τὴν
522 1916 719 1964 Σικελίαν
738 1920 877 1976 νῆσον,
898 1918 947 1964 αἵ
965 1937 1008 1964 τε
1027 1919 1123 1982 πρίν
1146 1938 1245 1965 ποτε

213 2070 268 2129 μὴ
286 2072 490 2125 ληίζεσθαι
517 2071 731 2130 Ῥωμαίους
753 2073 939 2117 ἐπέκεινα.
966 2078 1030 2118 De
1064 2076 1219 2132 quibus
1236 2076 1352 2118 addit
1374 2080 1454 2118 Po·

213 2134 351 2192 lybius
381 2149 392 2176 ε
426 2135 656 2192 Πρόσκειται
683 2137 725 2178 δὲ
757 2142 813 2193 τῷ
843 2138 964 2194 Καλῷ
987 2138 1214 2195 ἀκρωτηρίῳ
1240 2140 1454 2188 Μαστία,

209 2197 420 2254 Ταρσήιο
431 2213 468 2239 ν.
493 2200 543 2239 111
566 2198 631 2239 his
649 2198 840 2254 Ταρσῆιον
859 2200 1095 2241 Moversius
1115 2202 1454 2255 promontorium

208 2259 264 2301 ab
281 2259 511 2311 occidente,
528 2261 718 2302 Mastiam
736 2261 789 2302 ab
801 2261 1014 2303 occidente
1026 2262 1315 2303 columnarum
1327 2263 1454 2304 situm

209 2335 296 2363 esse
306 2331 459 2363 censet.
477 2322 558 2364 Sed
570 2337 655 2364 non
670 2324 723 2364 ita
736 2324 924 2365 statuisse
939 2324 1160 2380 Polybium
1168 2324 1260 2366 luce
1277 2324 1451 2378 clarius;

209 2400 285 2428 nee
306 2387 480 2428 omnino
517 2400 641 2428 causa
661 2386 811 2429 idonea
832 2388 986 2440 subest,
1011 2403 1089 2430 cur
1113 2388 1218 2430 ultra
1239 2388 1454 2431 columnas

209 2449 435 2490 terminum
454 2449 811 2504 Carthaginienses
837 2450 1115 2506 designarent.
1137 2451 1263 2508 Apud
1283 2453 1453 2508 Stepha-

210 2526 312 2553 num
330 2513 478 2554 Mastia
502 2520 544 2554 et
570 2514 789 2555 Tarseium
822 2528 874 2555 ex
906 2514 1080 2571 Polybio
1102 2523 1302 2571 tanquam
1334 2516 1452 2558 urbes

209 2583 476 2617 recensentur
507 2575 599 2631 πρὸς
620 2579 705 2624 ταῖς
726 2574 970 2632 Ἡρακλείαις
988 2577 1159 2630 στήλαις.
1182 2579 1452 2621 Accuratiora

206 2650 353 2678 eruere
368 2637 461 2678 licet
472 2652 522 2679 ex
543 2639 717 2690 Avieno,
736 2639 968 2682 secundum
987 2655 1114 2696 quem
1126 2640 1330 2683 Massiena
1351 2642 1451 2683 urbs

207 2700 251 2740 in
278 2701 524 2754 cognomine
559 2702 655 2743 sinu
680 2702 755 2743 sita
777 2713 865 2744 erat
890 2702 1005 2758 (qui
1031 2702 1129 2744 inde
1150 2717 1174 2744 a
1203 2703 1451 2758 Carthagine

205 2774 313 2802 nova
336 2775 468 2816 usque
502 2761 555 2803 ad
576 2764 752 2805 Veneris
773 2765 859 2806 sive
881 2764 1119 2807 Charidemi
1152 2779 1290 2821 prom.
1323 2768 1451 2821 perti-

205 2825 294 2877 net)
309 2839 319 2873 ;
338 2833 430 2879 post
444 2839 532 2865 eam
546 2825 691 2866 urbem
706 2826 876 2868 boream
890 2842 1031 2868 versus
1044 2836 1298 2869 memoratur
1317 2830 1451 2870 Traete

197 2884 349 2941 Jugum
362 2917 373 2935 ,
388 2894 428 2927 et
438 2885 558 2941 juxta
582 2889 797 2943 Strongyle
813 2890 961 2930 insula.
982 2892 1006 2930 J
1010 2904 1137 2942 ugum
1154 2904 1252 2930 vero
1267 2898 1328 2931 est
1346 2891 1447 2933 illud

203 2947 248 2989 in
278 2962 364 3004 quo
382 2948 587 3003 Carthago
608 2964 714 2991 nova
746 2959 887 3006 postca
908 2951 1089 2992 condita.
1112 2953 1189 2993 Hic
1209 2951 1305 2992 olim
1326 2953 1449 2995 suerit

203 3009 413 3066 Ταρσήιον,
434 3010 604 3053 sortasse
623 3026 706 3053 non
725 3011 936 3054 diversum
957 3028 980 3055 a
1006 3013 1136 3055 Thiar
1149 3013 1255 3064 loco,
1275 3015 1326 3054 25
1344 3016 1442 3056 mill.

203 3087 228 3115 a
249 3073 496 3128 Carthagine
513 3073 676 3126 dissito,
694 3074 815 3130 cujus
834 3077 1022 3118 meminit
1040 3076 1138 3118 ltin.
1160 3090 1203 3131 p.
1227 3080 1324 3125 401.
1350 3078 1446 3118 Pul-

204 3150 324 3178 crum
347 3136 475 3192 igitur
498 3139 836 3194 promontorium
864 3140 881 3192 (
899 3137 1016 3195 quod
1043 3138 1231 3181 nonnulli
1257 3154 1354 3180 cum
1374 3155 1444 3181 co·

204 3198 400 3253 gnomine
427 3212 494 3255 pr.
516 3199 681 3256 Libyae
696 3214 780 3243 orae
796 3200 1094 3257 confundunt)
1111 3216 1196 3243 non
1224 3201 1335 3242 aliud
1359 3217 1445 3243 esse

134 3269 139 3274 '
203 3269 337 3316 potat
354 3261 433 3303 nisi
455 3260 515 3315 id,
542 3262 585 3304 in
621 3277 707 3319 quo
721 3272 862 3320 postea
880 3264 1085 3319 Carthago
1102 3272 1308 3307 exstructa
1322 3295 1333 3314 ,
1358 3266 1445 3306 cui·

204 3338 286 3378 que
305 3339 329 3365 a
358 3326 639 3380 septentrione
659 3326 875 3378 Tarseion,
893 3342 918 3369 a
939 3326 1272 3382 meddie2fflstia
1286 3326 1446 3382 adjace-

205 3385 287 3427 bat.
306 3386 468 3440 Quodsi
482 3388 609 3442 igitur
629 3390 880 3432 concesseris
896 3403 1050 3432 nomen
1063 3389 1254 3447 Ταρσῆιον
1269 3389 1321 3432 ad
1339 3391 1444 3432 Tar·

205 3454 330 3488 tessos
345 3458 528 3504 spectare
547 3452 564 3505 (
579 3465 832 3508 quamquam
850 3452 1164 3495 incertissimam
1185 3451 1292 3495 banc
1305 3452 1444 3512 conje-

204 3516 365 3551 cturam
389 3526 475 3553 esse
490 3514 628 3571 puto),
646 3516 919 3571 consequitur
935 3530 1078 3558 revera
1089 3515 1234 3572 priscis
1252 3516 1446 3571 tempori-

203 3568 284 3612 bus
297 3572 349 3612 ad
373 3587 488 3614 oram
511 3577 636 3617 maris
658 3576 953 3619 occidentalem
972 3592 1042 3619 eos
1055 3578 1315 3635 pertinuisse.
1349 3579 1367 3632 ΙΙ
1386 3601 1443 3610 -

207 3644 303 3688 199.
340 3634 555 3693 ''ff-weg]
583 3638 637 3679 Hi
662 3638 759 3680 inde
780 3640 833 3682 ab
852 3639 953 3682 hod.
984 3645 1135 3693 Segni-a
1157 3641 1285 3682 fluvio
1310 3654 1443 3696 usque

201 3693 256 3738 sd
274 3696 522 3754 Emporium
557 3699 760 3742 habitasse
790 3702 964 3758 putandi
988 3713 1108 3754 sunt,
1144 3702 1250 3745 adeo
1280 3711 1326 3745 ut
1347 3702 1442 3745 lber

201 3757 356 3801 fluvius
376 3760 420 3802 in
444 3759 580 3802 media
605 3776 750 3804 eorum
778 3779 851 3805 ora
869 3765 1119 3819 egrediatur.
1145 3764 1276 3808 Aliter
1295 3764 1439 3821 Scylax

201 3821 226 3873 S
252 3833 268 3862 1
288 3852 300 3873 ,
321 3820 393 3863 ubi
428 3836 468 3864 v.
491 3823 508 3876 ΙΙ
531 3846 588 3855 -
615 3837 711 3865 200.
741 3824 868 3866 ἐπάνω
890 3827 930 3867 δὲ
950 3827 1095 3868 τούτων
1115 3827 1156 3869 δὲ
1172 3826 1317 3870 codex.
1345 3829 1363 3882 ΙΙ
1385 3851 1441 3860 -

201 3881 470 3941 Inep-amq]
506 3885 664 3927 Eodem
692 3887 819 3928 modo
846 3887 899 3929 de
924 3889 1156 3945 Bebrycum
1175 3890 1343 3933 sedibus
1364 3898 1441 3932 sta·

200 3945 281 3988 tuit
294 3947 479 3989 Avienus
494 3951 576 3997 482
596 3962 605 3990 :
633 3950 897 4002 Pm’stringi!
911 3952 1047 3993 amno
1072 3953 1220 4007 Tyrius
1240 3951 1438 4010 oppidum

207 4008 346 4062 Tyrin-
373 4013 434 4051 A!
455 4026 537 4067 qua
560 4011 708 4055 medi!
726 4013 780 4054 ab
801 4013 890 4055 salo
923 4014 1043 4056 tellus
1068 4016 1230 4071 procul,
1266 4015 1437 4057 dumosa

1022 152 1315 200 ANONYMI
1350 151 1537 213 (rusae
1569 154 1801 205 sevum
1835 158 1987 221 culi)

2613 167 2774 234 ‹aaa›

1530 266 1740 324 contigui.
1761 269 1880 312 Intus
1897 269 1963 312 his
1981 268 2237 327 superjacent
2259 270 2359 313 locis
2770 304 2804 335 ..⁸

1536 333 1756 393 Bebqoes.
1775 337 1888 380 ‘rum
1909 335 2017 380 infra
2033 339 2229 381 maritimi

1538 403 1687 460 Ligyes
1707 413 1940 461 sequunmr
1958 413 2001 448 et
2021 405 2145 448 urbes
2162 407 2318 450 Graecae
2331 438 2343 458 ,

1536 483 1640 527 quas
1656 485 1681 513 e
1699 471 1879 515 Massilia
1897 473 2163 517 Phoeaeenses
2183 474 2341 517 colonis
2359 474 2668 532 frequentarunt
2684 498 2696 532 ς
2782 456 2808 551 Ξ

1535 538 1677 582 Prima
1692 547 1756 582 est
1771 540 2041 597 Emporium,
2061 541 2208 584 Rhode
2229 551 2366 585 autem
2385 543 2524 587 altera.

1535 607 1654 649 Hanc
1667 606 1767 650 olim
1786 608 1962 651 navibus
1982 609 2181 667 pollentes
2198 611 2470 654 condiderant

1535 676 1704 719 Rhodii.
1727 679 1827 721 Post
1847 693 1953 735 quos
1970 679 2146 736 profecti
2164 681 2207 723 in
2224 681 2401 723 Iber-iam

1532 745 1722 789 Massiliae
1741 745 1977 790 conditores
1999 756 2221 791 tenuerunt
2241 750 2506 793 Phocaeenses

1533 813 1723 868 Agathen
1738 814 2154 872 Rhodanusiamque,
2175 818 2403 861 Rhodanus
2421 835 2545 876 quam
2570 836 2745 877 maguus

1534 882 1686 924 fluvius
1705 882 2034 939 praeterlabitur;
2054 883 2154 927 hinc
2170 898 2301 943 prope
2317 887 2432 930 aboet
2453 890 2629 932 Massilia
2645 922 2656 941 ,

1532 952 1634 992 urbs
1652 953 1853 1004 maxima,
1877 952 2190 996 Phocaeensium
2213 955 2389 999 colonia.

1530 1022 1581 1061 In
1602 1020 1771 1075 Liguria
1788 1020 1896 1062 hanc
1916 1019 2197 1064 condiderunt

1530 1097 1627 1131 ante
1647 1102 1830 1145 pugnam
1849 1087 1903 1130 ad
1921 1087 2168 1131 Salaminem
2191 1099 2414 1147 pugnatam

1530 1157 1672 1210 annis,
1693 1158 1755 1200 uti
1773 1156 2016 1215 perhibent,
2037 1165 2203 1199 eentum
2221 1166 2263 1200 et
2283 1160 2441 1213 viginti.

1529 1228 1711 1269 Timaeus
1727 1225 1788 1268 sic
1808 1233 1950 1268 narrat
1964 1223 2018 1268 de
2038 1225 2144 1268 urbe
2163 1226 2346 1269 condita.

1529 1295 1726 1351 Sequitur
1742 1302 1837 1351 post
1857 1293 1967 1337 hanc
1980 1294 2159 1337 Taurois
2179 1296 2280 1337 etin
2299 1298 2536 1354 propinquo

1528 1365 1630 1407 urbs
1648 1364 1771 1407 Olbia
1790 1372 1834 1407 et
1853 1364 2061 1422 Antipolis
2073 1396 2086 1418 ,
2108 1366 2310 1422 Ligurum
2330 1366 2488 1411 ultima.

1527 1436 1627 1476 Post
1648 1432 1862 1489 Liguriam
1882 1432 2042 1490 Pelasgi
2063 1442 2185 1486 sunt,
2206 1436 2278 1491 qui

1526 1501 1690 1559 pridem
1708 1503 1792 1546 huc
1809 1504 2099 1560 immigrarunt
2119 1519 2143 1546 e
2163 1506 2322 1547 Graecia
2334 1537 2345 1556 ,

1526 1586 1793 1615 communem
1812 1587 1908 1615 cum
1926 1572 2156 1630 Tyrrhenis
2175 1575 2385 1629 regionem
2410 1575 2602 1618 colentes.

1525 1641 1801 1697 Tyrrheniam
1822 1642 1887 1683 vir
1906 1640 2048 1698 Lydus
2065 1643 2172 1698 Atye
2194 1650 2314 1683 natus
2334 1643 2521 1686 condidit

1526 1709 1767 1766 Tyrrhenus
1782 1709 1838 1752 ad
1853 1709 2037 1753 Umbros
2053 1709 2153 1752 olim
2172 1710 2354 1752 veniens.

1525 1781 1575 1821 In
1596 1778 1701 1821 freto
1715 1786 1854 1821 autem
1872 1793 1950 1835 pet
1964 1778 2094 1821 altum
2106 1777 2245 1834 jacent
2269 1779 2411 1821 insuite

1525 1850 1693 1892 Corsica
1714 1858 1756 1891 et
1773 1847 1959 1892 Sardinia
1971 1880 1983 1901 ,
2008 1863 2101 1905 quae
2118 1850 2297 1890 maxima
2316 1864 2403 1891 esse

1525 1926 1620 1975 post
1641 1917 1820 1961 Siciliam
1839 1917 1972 1959 insula
1990 1916 2160 1968 dicitur,
2183 1926 2223 1959 et
2242 1919 2357 1974 prius
2376 1918 2475 1959 olim

2452 2023 2538 2027 -—-
2576 2024 2642 2029 w*
2666 2024 2750 2031 ⁴——

1528 2076 1610 2117 late
1628 2085 1741 2129 terga
1759 2075 1868 2128 regio
1877 2075 2077 2131 porrigit.
2100 2075 2292 2130 Bebryces
2311 2075 2413 2125 illic,
2436 2084 2514 2117 etc.
2533 2075 2612 2118 Atii
2631 2075 2764 2119 aliter.

1526 2136 1629 2180 Vid.
1653 2146 1743 2179 not.
1773 2135 1827 2178 ad
1849 2137 2005 2193 Scylac.
2031 2141 2055 2190 S
2082 2138 2122 2179 3.
2157 2139 2219 2178 De
2238 2138 2438 2193 Emporio
2467 2152 2507 2180 v.
2539 2137 2641 2180 ibid.
2673 2140 2766 2194 11-

1528 2202 1626 2249 204.
1661 2197 1804 2251 Ῥόδη
1826 2200 1840 2254 ]
1867 2213 1980 2240 nunc
2001 2201 2157 2246 Batus,-
2173 2197 2198 2249 ἣ
2224 2196 2359 2247 Ῥόδος
2379 2212 2447 2256 ap.
2467 2199 2658 2243 Strabon.
2683 2203 2762 2254 111,

1526 2274 1568 2316 p.
1615 2264 1709 2303 160.
1743 2262 1861 2312 XIV,
1898 2275 1941 2316 p.
1980 2261 2078 2310 654.
2106 2259 2172 2302 Cf.
2199 2259 2390 2303 Eustath.
2414 2259 2468 2303 ad
2499 2261 2626 2305 Dion.
2655 2263 2762 2318 5043

1524 2323 1699 2366 Ptolem.
1743 2326 1800 2375 11,
1837 2327 1888 2374 63
1926 2323 2122 2380 Stephan.
2164 2338 2199 2365 s.
2230 2337 2288 2375 v.;
2314 2323 2459 2366 Livius
2482 2324 2684 2379 XXXIV,
2708 2330 2763 2380 83

1523 2385 1631 2428 Mela
1663 2387 1728 2437 11,
1757 2389 1810 2437 6;
1843 2386 1963 2427 numi
1996 2400 2064 2442 ap.
2099 2387 2291 2428 Mionnet
2307 2388 2344 2436 1,
2378 2401 2423 2444 p.
2454 2388 2525 2439 48,
2555 2389 2702 2447 Suppl.
2723 2393 2762 2444 Ι,

1523 2463 1567 2505 p.
1597 2463 1671 2503 9o;
1696 2449 1845 2491 Saetini
1871 2464 1915 2506 p.
1944 2449 2260 2506 17951nscript.
2294 2463 2363 2505 ap.
2393 2449 2565 2493 Gruter.
2585 2465 2630 2508 p.
2653 2454 2764 2507 404;

1524 2510 1874 2559 ΒαοιιΙ-Βοώεῑῑε
1895 2511 2040 2554 Etabl.
2069 2513 2147 2563 111,
2181 2525 2225 2567 p.
2257 2513 2357 2562 404.
2388 2511 2405 2567 ΙΙ
2437 2535 2495 2545 -
2515 2513 2614 2556 205.
2638 2518 2763 2559 ναυῢν

1522 2573 1679 2626 codex;
1702 2589 1784 2616 em.
1810 2576 2010 2617 Letronn.
2038 2574 2055 2629 ΙΙ
2086 2597 2143 2605 -
2161 2572 2419 2631 ’16ηρίαν]
2443 2574 2621 2618 Iber-iam
2649 2591 2766 2622 nunc
2802 2591 2808 2612 ³

1523 2645 1640 2678 vocat
1657 2638 1885 2691 regionem,
1910 2651 2037 2693 quam
2068 2636 2242 2691 Ligures
2274 2645 2416 2679 tenere
2439 2645 2559 2679 antea
2591 2638 2678 2694 ipse
2698 2639 2762 2682 di·
2795 2655 2808 2687 ς

1521 2707 1651 2753 xerat,
1674 2699 1747 2740 ubi
1768 2698 1915 2740 melius
1942 2713 2039 2740 cum
2060 2698 2223 2754 Scylace
2238 2698 2408 2741 dixisset
2425 2699 2575 2741 mixtos
2601 2701 2763 2755 Liguri-

1520 2759 1598 2801 bus
1609 2760 1764 2802 Iberes.
1786 2761 1802 2814 ΙΙ
1823 2783 1880 2791 -
1896 2773 1993 2815 207.
2011 2760 2201 2808 ψωκειιΐς
2222 2768 2262 2801 ct
2282 2774 2322 2801 ν.
2339 2772 2431 2801 210.
2450 2759 2645 2803 Φωκαίων
2661 2763 2757 2807 cod.

1524 2823 1540 2876 ΙΙ
1562 2846 1620 2854 -
1637 2824 1734 2865 208.
1758 2820 1966 2877 Ἀγάῠην
1990 2822 2005 2878 ]
2027 2821 2092 2864 Cf.
2112 2821 2307 2877 Stephan.
2338 2834 2347 2863 ε
2374 2820 2539 2878 Ἆγάθη,
2564 2823 2676 2874 πόλις
2693 2828 2761 2867 Δι-

1517 2884 1622 2940 γύων
1647 2885 1673 2938 ἢ
1697 2883 1868 2926 Κελτῶν.
1900 2884 2127 2940 Σκύμνος
2149 2884 2190 2925 δὲ
2219 2884 2417 2926 Φωκαέων
2441 2883 2559 2938 αὗτήν
2581 2901 2695 2942 φησιν
2717 2888 2758 2932 ἐν

1518 2950 1567 3003 τῇ
1587 2946 1765 3004 Εὐρώπῃ.
1792 2946 1941 2989 Strabo
1968 2948 2045 2996 lv,
2072 2949 2166 2989 180.
2194 2949 2299 2998 182;
2333 2947 2440 2989 Plin.
2466 2949 2543 2998 111,
2581 2950 2627 2999 5;
2651 2951 2758 2994 Mela

1518 3012 1573 3060 11,
1609 3011 1655 3062 5;
1692 3009 1952 3052 Timosthcn.
1998 3023 2067 3065 ap.
2100 3009 2243 3066 steph.
2279 3023 2314 3051 s.
2354 3024 2414 3061 v.;
2452 3010 2558 3052 Ptol.
2594 3014 2656 3064 11,
2683 3026 2754 3067 ¹⁰3

1515 3075 1670 3128 Geogr.
1719 3075 1820 3115 Rav.
1865 3073 1943 3123 IV,
1988 3075 2057 3114 28.
2102 3073 2226 3114 Nunc
2269 3072 2402 3126 Agde.
2445 3073 2758 3121 Rhodanusiam

1510 3205 1585 3238 net
1622 3199 1657 3249 1,
1689 3212 1733 3254 p.
1770 3199 1839 3252 78,
1875 3196 2018 3254 Suppl.
2059 3199 2103 3249 1,
2141 3212 2185 3253 p.
2222 3200 2298 3248 148
2335 3197 2475 3253 Ῥόδην
2499 3210 2659 3243 vocant.
2685 3202 2753 3246 Cf.

1514 3259 1655 3315 Steph.
1690 3273 1731 3301 v.
1775 3256 2053 3309 Ῥοδανουσία,
2098 3261 2343 3317 Hieronym.
2387 3262 2470 3318 Op.
2518 3270 2623 3306 tom.
2674 3265 2754 3319 IV,

1513 3335 1557 3376 p.
1575 3321 1672 3371 254.
1696 3323 1712 3376 ΙΙ
1733 3345 1790 3353 -
1807 3335 1854 3363 21
1869 3335 1904 3363 1.
1924 3319 2130 3378 Διγυστινὴ
2148 3322 2244 3365 cod.
2271 3326 2287 3378 ΙΙ
2302 3347 2359 3355 -
2376 3325 2474 3367 215.
2497 3324 2773 3432 Ταυρόειςέ·

1513 3384 1579 3426 Sic
1601 3385 1722 3427 etiam
1734 3383 1876 3441 Steph.
1893 3399 1928 3426 s.
1953 3399 2011 3436 v.,
2029 3386 2165 3427 Caesar
2186 3387 2234 3427 B.
2253 3387 2307 3428 G.
2332 3388 2389 3439 11,
2414 3389 2438 3437 4
2463 3395 2503 3429 et
2525 3387 2632 3431 Mela
2645 3390 2703 3442 11,

1515 3136 1661 3178 Strabo
1684 3137 1761 3187 IV,
1792 3150 1835 3192 p.
1864 3136 1942 3177 180
1959 3143 1999 3175 et
2018 3134 2175 3177 Plinius
2197 3137 2275 3187 111,
2299 3136 2321 3177 5
2340 3144 2381 3177 et
2395 3137 2511 3178 numi
2533 3151 2602 3195 ap.
2617 3139 2756 3182 Mion-
2778 3167 2808 3410 j-

1516 3446 1530 3500 (
1571 3447 1744 3489 Taurois
1769 3450 1809 3501 );
1836 3447 2088 3504 Ταυροέντιον
2115 3448 2263 3490 Strabo
2286 3448 2314 3491 l.
2343 3449 2372 3492 l.
2401 3457 2442 3492 et
2467 3450 2572 3493 Ptol.
2607 3452 2666 3503 11,
2693 3433 2795 3511 83111

1518 3511 1721 3550 Tarte-cneo
1757 3510 1799 3551 in
1837 3510 1980 3552 ltincr.
2014 3525 2058 3567 p.
2092 3511 2196 3562 5665
2221 3525 2335 3552 nunc
2375 3513 2561 3555 Tarento.
2595 3513 2749 3558 Dodo·

1512 3585 1607 3612 rum
1629 3571 1843 3614 Gallorum
1875 3571 1928 3614 de
1961 3572 2040 3615 hoc
2070 3572 2227 3630 oppido
2260 3573 2412 3630 scripta
2445 3588 2486 3616 v,
2516 3588 2585 3631 ap.
2618 3572 2751 3618 Uber}
2806 3616 2808 3621 .

1511 3635 1588 3686 111,
1615 3647 1651 3686 1,
1676 3648 1719 3690 p.
1749 3637 1846 3691 427.
1872 3637 1935 3677 De
1963 3635 2106 3687 Olbia,
2131 3650 2244 3678 nunc
2279 3636 2454 3686 Eoubes,
2489 3636 2545 3679 cs.
2582 3634 2744 3688 Str-hm

1510 3696 1632 3748 Mela,
1657 3697 1762 3739 Ptol.
1783 3697 1811 3739 1.
1843 3697 1890 3749 1.,
1921 3698 2063 3755 steph.
2087 3713 2122 3741 s.
2146 3711 2185 3740 v.
2219 3699 2281 3740 De
2300 3698 2483 3755 Antipoli
2515 3713 2555 3741 v.
2582 3706 2668 3742 not.
2690 3692 2759 3743 ιι

1510 3759 1663 3815 Scylac.
1695 3764 1718 3814 S
1752 3763 1803 3810 4,
1828 3761 1900 3816 qui
1927 3760 2102 3803 eandem
2133 3760 2282 3803 urbem
2316 3762 2539 3803 terminum
2567 3758 2745 3819 Ligurb

1509 3830 1549 3863 ct
1586 3823 1825 3878 Tyri-henim
1863 3824 1971 3866 facit.
2015 3826 2032 3880 ΙΙ
2068 3848 2125 3857 -
2160 3826 2258 3866 218.
2300 3824 2583 3873 κατοικίσαντες
2617 3818 2756 3881 0011.)ν

1508 3899 1588 3925 cm.
1635 3886 1839 3927 Mcinekc.
1879 3888 1941 3928 De
1981 3901 2027 3929 re
2068 3901 2153 3929 non
2189 3895 2251 3929 est
2287 3901 2365 3929 cur
2403 3886 2613 3929 notissima
2650 3882 2778 3929 vim*

1508 3961 1600 3987 rum
1639 3947 1860 3990 doctorum
1892 3949 2044 4006 scripta
2078 3959 2382 3993 recenseantur.
2418 3949 2483 3992 Cf.
2518 3944 2737 4004 Dionysius

1510 4018 1602 4058 Per.
1627 4019 1721 4073 347.

2783 3415 2790 3422 .

2790 3425 2794 3436 ι
2803 3429 2805 3434 ,

2799 3658 2808 3681 l
