2782 4348
97 153 254 214 (ιωο.)

98 257 376 319 ἀκληρήματα
411 255 466 305 εἷς
497 251 569 304 τὰς
603 254 677 303 τῆς
711 249 910 301 Βοιωτίας
935 249 1073 301 πόλεις
1099 250 1322 312 κατερρύη.

95 325 149 372 Ὁ
170 327 308 388 στίχος
327 320 634 385 Φερεκράτους·

193 427 320 473 Ἀνπερ
334 425 462 471 φρονῇς
479 419 533 465 εὖ,
554 423 663 468 φεῦγε
677 418 742 464 τὴν
762 418 963 456 Βοιωτίαν.

96 515 147 562 Ἥ
173 513 246 574 μὲν
268 504 335 556 οὖν
358 512 437 553 τῶν
462 510 653 554 Βοιωτῶν
675 505 794 568 χώρα
816 505 997 561 τοιαύτη.

156 598 209 627 2⁶·
246 578 318 630 Ἐξ
356 576 590 632 Ἀνθηδόνος
623 577 678 626 εἷς
710 574 904 621 Χαλκίδα
943 573 1089 619 στάδια
1126 574 1175 618 0'·
1204 565 1327 636 μέχρι
1392 592 1395 593 ⁷

58 690 62 693 ⁴
93 653 165 695 τοῦ
189 645 438 708 Σαλγανέως
461 645 550 696 ὁδὸς
573 644 688 707 παρὰ
710 644 777 689 τὸν
803 643 987 704 αἰγιαλὸν
1025 642 1113 688 λεία
1143 662 1187 689 τε
1211 651 1325 689 πᾶσα

94 718 164 763 καὶ
197 715 392 777 μαλακή·
416 718 465 776 τῇ
502 713 577 773 μὲν
606 713 845 765 καθήκουσα
882 714 936 764 εἷς
959 711 1184 770 θάλατταν,
1210 715 1260 775 τῇ
1285 712 1326 758 δὲ

93 786 182 848 ὅρος
204 786 281 846 οὐχ
300 783 453 846 ὑψηλὸν
481 783 553 841 μὲν
578 781 730 844 ἔχουσα
746 819 758 841 ,
784 781 926 827 λάσιον
951 779 1080 827 δὲκαὶ
1104 780 1223 827 ὕδασι
1245 796 1326 838 πη-

93 853 222 912 γαίοις
244 852 515 915 κατάρρυτον.
584 852 650 914 (27)
674 851 730 897 ‘H
757 851 799 896 δὲ
831 853 911 896 τῶν
946 850 1187 897 Χαλκιδέων
1211 851 1326 903 πόλις

93 924 178 968 ἐστὶ
207 922 280 983 μὲν
306 921 482 967 σταδίων
509 919 560 981 ο’,
587 920 736 981 μείζων
760 924 831 976 τῆς
855 919 895 973 ἐξ
920 919 1151 976 Ἀνθηδόνος
1171 922 1225 972 εἷς
1249 922 1325 965 αὖ-

91 991 165 1048 τὴν
203 991 403 1055 φερούσης
435 992 553 1036 ὁδοῦ·
584 990 788 1053 γεώλοφος
822 990 865 1035 δὲ
895 997 1010 1035 πᾶσα
1037 993 1106 1035 καὶ
1144 989 1325 1047 σύσκιος,

93 1060 222 1106 ὕδατα
245 1061 398 1122 ἔχουσα
422 1059 475 1105 τὰ
507 1059 580 1120 μὲν
612 1059 746 1105 πολλὰ
772 1059 927 1116 ἁλυκὰ,
954 1058 995 1104 ἓν
1030 1060 1067 1104 δ’
1086 1062 1223 1121 ἡσυχῆ
1253 1058 1325 1119 μὲν

92 1129 331 1186 ὑπόπλατυ,
355 1132 405 1190 τῇ
442 1128 484 1174 δὲ
506 1127 628 1191 χρείᾳ
652 1128 822 1190 ὑγιεινὸν
860 1127 930 1173 καὶ
970 1127 1144 1190 ψυχρὸν,
1175 1128 1221 1173 τὸ
1244 1127 1326 1173 ἀπὸ

92 1202 164 1254 τῆς
199 1198 353 1261 κρήνης
386 1201 458 1255 τ’ῆς
494 1197 749 1258 καλουμένης
771 1196 1012 1260 Ἀρεθούσης
1047 1196 1134 1260 ῥέον
1166 1196 1321 1255 ἱκανὸν,

93 1271 149 1320 ὡς
177 1268 403 1329 δυναμένης
425 1266 622 1330 παρέχειν
645 1266 691 1312 τὸ
717 1266 799 1312 ἀπὸ
822 1270 895 1322 τῆς
917 1269 1056 1327 πηγῆς
1086 1274 1199 1326 νᾶμα
1222 1274 1326 1312 πᾶσι

92 1344 174 1389 τοῖς
202 1337 276 1393 τὴν
300 1337 418 1383 πόλιν
453 1340 706 1382 κατοικοῦσι.
779 1334 850 1399 (28)
881 1335 965 1382 Καὶ
1002 1337 1083 1388 τοῖς
1105 1342 1252 1388 κοινοῖς
1283 1335 1324 1380 δὲ

94 1411 119 1462 ἦ
145 1406 264 1459 πόλις
290 1399 490 1469 διαφόρως
515 1405 844 1452 κατεσκεύασται
867 1404 1128 1466 γυμνασίοις,
1163 1413 1324 1462 στοαῖς,

91 1478 238 1537 ἱεροῖς,
279 1474 485 1536 θεάτροις,
522 1482 724 1538 γραφαῖς,
751 1475 960 1537 ἀνδριάσι,
994 1472 1046 1538 τῇ
1085 1478 1216 1539 ἀγορᾷ
1242 1495 1324 1521 κει-

91 1544 193 1605 μένῃ
223 1543 324 1603 πρὸς
361 1543 433 1595 τὰς
467 1547 549 1589 τῶν
582 1547 786 1606 ἐργασιῶν
816 1545 957 1606 χρείας
993 1545 1326 1608 ἀνυπερὸλήτως.

93 1614 162 1674 (29)
190 1613 242 1660 ‘O
262 1612 341 1675 γὰρ
375 1612 458 1658 ἀπὸ
481 1617 550 1658 τοῦ
573 1617 645 1669 τῆς
668 1613 869 1665 Βοιωτίας
892 1613 1140 1673 Σαλγανέως
1162 1614 1232 1659 καὶ
1255 1619 1327 1671 τῆς

91 1685 171 1727 τῶν
209 1681 402 1729 Εὐὸοέων
434 1681 638 1738 θαλάττης
671 1686 760 1745 ῥοῦς
783 1684 838 1735 εἷς
871 1682 915 1727 τὸ
951 1682 1051 1728 αὐτὸ
1075 1683 1325 1744 συμὸάλλων

90 1751 198 1797 κατὰ
228 1751 295 1797 τὸν
335 1750 516 1814 Εὔριπον
541 1753 706 1814 φέρεται
732 1755 832 1814 παρ’
858 1751 964 1797 αὐτὰ
987 1750 1039 1797 τὰ
1071 1757 1142 1798 τοῦ
1165 1752 1327 1812 λιμένος

90 1821 233 1882 τείχη,
266 1820 401 1867 καθ’ὃ
432 1821 650 1881 συμὸαίνει
688 1821 762 1875 τὴν
789 1822 897 1867 κατὰ
927 1821 974 1867 τὸ
996 1822 1191 1884 ἐμπόριον
1224 1815 1327 1867 εἶναι
1361 1853 1369 1858 -

92 1891 240 1948 πύλην,
263 1891 415 1947 ταύτης
440 1891 472 1937 δ’
494 1891 660 1954 ἔχεσθαι
684 1891 756 1947 τὴν
786 1891 938 1954 ἀγορὰν
964 1893 1163 1937 πλατεῗάν
1186 1912 1230 1937 τε
1254 1886 1326 1938 οἶ·-

92 1979 166 2006 σαν
199 1960 269 2005 καὶ
305 1968 441 2012 στοαῖς
463 1961 571 2023 τρισὶ
602 1961 949 2021 συνειλημμένην.
1021 1961 1226 2023 Σύνεγγυς
1256 1957 1324 2007 οὖν

92 2028 278 2090 κειμένου
307 2034 379 2085 τῆς
406 2032 556 2093 ἀγορᾶς
591 2034 660 2075 τοῦ
690 2029 852 2091 λιμένος
875 2030 946 2076 καὶ
983 2030 1150 2093 ταχείας
1174 2034 1245 2086 τῆς
1280 2033 1326 2076 ἐκ

94 2101 172 2143 τῶν
194 2100 345 2144 πλοίων
373 2099 589 2159 γινομένης
622 2101 701 2143 τῶν
726 2098 899 2162 φορτίων
935 2101 1178 2159 ἐκκομιδῆς,
1203 2101 1327 2151 πολὺς

94 2171 113 2212 ὃ
132 2167 378 2213 καταπλέων
399 2169 508 2213 ἐστὶν
527 2171 582 2219 εἷς
601 2167 647 2212 τὸ
664 2168 876 2229 ἐμπόριον.
914 2169 1000 2214 Καὶ
1016 2169 1095 2230 γὰρ
1112 2172 1131 2213 ὃ
1149 2168 1327 2230 Εὔριπος

94 2237 228 2282 δισσὸν
254 2237 359 2298 ἔχων
395 2238 463 2282 τὸν
489 2237 679 2282 εἴσπλουν
718 2237 934 2299 ἐφέλκεται
957 2237 1026 2282 τὸν
1061 2238 1240 2300 ἔμπορον
1270 2241 1326 2290 εἷς

90 2306 162 2360 τὴν
187 2307 318 2352 πόλιν.
389 2308 459 2366 (30)
486 2306 540 2352 ‘H
563 2307 603 2351 δὲ
620 2306 739 2367 χώρα
758 2313 874 2351 πᾶσα
898 2308 1032 2351 αὐτῶν
1066 2307 1327 2369 ἐλαιόφυτος,

94 2374 227 2434 ἀγαθὴ
255 2376 295 2419 δὲ
321 2375 391 2420 καὶ
414 2379 439 2430 ἡ
465 2375 663 2421 θάλαττα.
731 2376 786 2421 Οἱ
810 2378 846 2419 δ’
865 2378 1110 2426 ἐνοικοῦντες
1124 2373 1328 2431 “Έλληνες

91 2445 135 2488 οὐ
160 2447 217 2506 τῷ
237 2443 343 2502 γένει
368 2444 507 2503 μόνον,
528 2443 635 2489 ἀλλὰ
658 2443 728 2489 καὶ
746 2448 797 2506 τῇ
818 2448 950 2507 φωνῇ·
969 2447 1048 2489 τῶν
1070 2445 1326 2503 μαθημάτων

93 2512 224 2563 ἐντός·
250 2512 554 2574 φιλαπόδημοι·
591 2511 900 2574 γραμματικοί·
927 2511 980 2557 τὰ
1020 2513 1329 2574 προσπίπτοντα

94 2584 139 2627 ἐκ
162 2585 234 2637 τῆς
257 2581 451 2644 πατρίδος
476 2583 656 2644 δυσχερῆ
678 2582 873 2643 γενναίως
897 2581 1097 2645 φέροντες·
1121 2583 1332 2628 δουλεύον-

92 2717 186 2763 σίαις
205 2715 349 2759 codex.
374 2717 473 2756 Mox
494 2715 701 2770 Κορωνίᾳ..
732 2714 974 2762 ἀλαζονίαν..
1001 2714 1211 2771 Ὀσχήστῳ
1233 2715 1326 2756 cod.

96 2780 112 2832 Η
133 2802 188 2808 -
208 2778 591 2833 Φερεκράτους]
620 2780 676 2818 V.
699 2777 888 2819 Meineke
910 2780 979 2819 Fr.
1005 2779 1123 2819 Com.
1146 2787 1248 2819 tom.
1274 2781 1330 2829 II,

90 2853 132 2893 p.
167 2840 262 2888 343,
287 2854 326 2894 7.

147 2905 169 2955 §
203 2907 270 2943 26.
304 2902 512 2958 λάσιον]
539 2902 673 2943 ἅλσιον
698 2902 851 2954 codex3
877 2917 957 2944 em.
981 2903 1242 2954 Holstenius;
1269 2902 1339 2942 ἄλ-

94 2980 173 3005 σεσι
188 2965 240 3006 al.
258 2964 375 3005 editt.

150 3030 172 3079 S
195 3040 262 3081 27.
283 3027 446 3068 σταδίων
484 3027 535 3078 ο’,
576 3028 747 3083 μείζων]
782 3029 923 3070 Fuerit
947 3029 1053 3069 στάδ.
1079 3028 1142 3083 οβ’
1164 3029 1225 3068 vel
1254 3027 1330 3080 οη’,

98 3090 251 3142 μείζων.
271 3090 450 3130 Fuhrius
465 3091 573 3131 inter
590 3090 667 3131 alia
680 3091 878 3146 proponit
890 3091 1025 3131 στάδια
1041 3090 1090 3141 ο’,
1110 3090 1153 3131 οὐ
1172 3092 1329 3146 μείζων,

89 3164 179 3204 .quo
194 3166 315 3192 sensu
326 3153 459 3207 aptius
475 3152 580 3193 foret
600 3152 643 3193 οὗ
664 3153 796 3208 μείων.
829 3153 845 3207 ll
871 3178 928 3184 —-
943 3152 1098 3195 ὓπόπλ
1111 3169 1197 3194 ατυ
1220 3155 1234 3208 ]
1261 3153 1332 3194 ὑπὸ

96 3212 218 3252 πλάτυ
241 3213 392 3265 codex;
416 3214 612 3270 ὓπόγλυκυ
633 3214 742 3270 conj.
765 3217 971 3266 Gronov.,
996 3215 1205 3266 Hudson.,
1225 3215 1331 3256 Gail.

97 3274 247 3328 absque
281 3284 415 3316 causa.
449 3277 466 3330 Η
497 3302 555 3309 —-
581 3277 638 3325 ὡς
659 3279 680 3317 δ
692 3294 712 3317 υ
725 3293 744 3319 ν
759 3293 781 3317 α
796 3279 913 3333 μένη
928 3295 944 3326 ς
959 3280 973 3333 ]
995 3280 1109 3319 Fort.
1141 3279 1337 3319 alterutra

101 3350 179 3375 vox
199 3336 410 3390 ejicienda,
437 3347 507 3379 aut
534 3340 799 3381 scribendum
829 3340 967 3388 ἱκανῶς
989 3342 1213 3396 δυναμένης.
1232 3341 1335 3381 Vul-

101 3398 241 3437 canius
264 3398 377 3440 dedit
400 3401 628 3455 δυνάμενον.

159 3461 271 3510 528.
296 3464 525 3517 κοινοῖς]
556 3467 684 3516 κοινῆς
719 3464 812 3505 cod.
837 3466 932 3519 1¹¹—-
963 3469 1021 3522 τῇ
1053 3465 1246 3521 ἀγόρᾳ]
1283 3467 1340 3506 sic

102 3520 247 3569 codex,
277 3524 324 3576 τῇ
343 3523 375 3561 τ’
397 3522 519 3578 ἀγορᾷ
537 3525 653 3566 editt.
681 3527 697 3580 Η
716 3551 773 3557 -
794 3528 990 3581 κειμένη
1015 3529 1028 3582 ]
1057 3529 1240 3583 κειμένων
1274 3542 1341 3568 co-

103 3582 207 3631 dex3
233 3595 313 3622 em.
344 3584 551 3636 Vulcan.';
572 3589 725 3642 κειμένη
760 3588 889 3629 Fuhr.

159 3646 180 3695 §
201 3656 269 3696 29.
290 3643 386 3682 κατὰ
407 3644 473 3685 τον
492 3645 582 3701 Εὖρ.
598 3649 613 3702 ]
632 3648 696 3687 καὶ
715 3649 781 3689 τὸν
806 3649 896 3704 Εὖρ.
921 3650 1051 3691 codex
1063 3667 1075 3702 ;
1100 3666 1180 3693 em.
1205 3654 1340 3693 Marx.

104 3706 229 3745 Maris
241 3705 376 3745 fluxus
390 3720 519 3760 usque
534 3708 586 3748 ad
604 3710 806 3764 Euripum
830 3710 981 3766 duplex
993 3721 1095 3764 erat,
1112 3728 1220 3754 unus
1224 3729 1240 3768 J
1247 3722 1344 3753 uxta

106 3768 327 3808 Boeoticam
344 3782 459 3808 oram
471 3777 510 3809 et
522 3770 778 3825 Salganeum,
797 3772 896 3813 alter
904 3773 1021 3827 juxta
1036 3775 1234 3817 Euboeam
1249 3791 1272 3816 a
1286 3791 1346 3816 se-

107 3830 340 3885 ptentrione
356 3829 592 3872 decurrens.
617 3833 633 3887 ll
652 3857 708 3864 —
729 3834 780 3873 τὸ
793 3849 810 3874 ν
833 3833 852 3874 ἔ
866 3851 893 3889 μ
904 3852 959 3876 πο
971 3852 990 3890 ρ
1003 3852 1023 3876 0
1036 3852 1055 3878 ν
1071 3838 1087 3892 ]
1119 3838 1177 3879 sic
1192 3837 1337 3888 codex,

109 3905 194 3931 non
212 3890 278 3931 τὸν
297 3890 495 3946 ἐμπόριον,
513 3901 560 3933 ut
575 3902 635 3934 est
651 3895 692 3934 in
712 3894 828 3936 editt.
846 3898 994 3938 Marxii
1010 3907 1051 3939 et
1068 3900 1206 3952 Gailii,
1223 3897 1346 3954 quam

115 3954 326 3995 lectionem
349 3954 501 3996 codicis
525 3970 610 3997 esse
637 3957 735 3998 olim
755 3958 1005 4000 credideram
1022 3992 1033 4011 ‚
1057 3962 1170 4016 quod
1198 3964 1346 4004 nullam

1006 147 1355 194 DESCRIPTIO
1391 148 1670 195 GRAECIAE.

2536 173 2622 211 105

1397 258 1555 298 Graecia
1589 259 1631 298 in
1664 259 1830 299 Boeotiae
1859 258 1982 298 urbes
2015 260 2318 303 confluxerunt.

1399 339 1538 364 versus
1564 338 1573 367 :

2377 267 2625 311 PherecratiS

1481 425 1650 458 Boeotiam
1665 428 1806 466 caveto,
1826 426 1853 459 si
1871 428 1965 460 recte
1980 427 2084 468 sapiS.

1396 511 1506 552 Talis
1525 513 1694 566 quidem
1716 517 1955 556 Boeotorum
1974 517 2101 569 regio.

1454 583 1523 620 26.
1542 580 1607 620 Ab
1624 581 1872 623 Anthedone
1887 582 1938 623 ad
1952 583 2188 623 Chalcidem
2204 584 2333 625 stadia
2349 591 2600 643 septuaginta
2618 609 2627 641 ;

1398 661 1528 701 usque
1560 646 1613 687 ad
1644 648 1886 701 Salganeum
1915 650 2123 690 tumulum
2150 651 2214 691 via
2247 651 2363 705 juxta
2405 655 2499 695 litus
2535 657 2629 699 laeva

1398 714 1532 755 omnis
1549 722 1589 754 et
1604 714 1753 765 mollis,
1771 715 1823 756 ab
1838 716 1962 757 altera
1980 725 2095 771 parte
2110 717 2162 757 ad
2178 733 2288 760 mare
2307 736 2490 776 vergens,
2509 725 2560 765 ab
2577 726 2633 765 al-

1397 789 1484 822 tera
1505 790 1690 823 montem
1710 782 1867 823 habens
1893 797 1979 824 non
2002 784 2129 824 altum
2149 786 2278 837 illum,
2299 788 2513 832 arboribus
2534 807 2632 834 vero

1399 860 1554 892 tectum
1586 861 1628 893 et
1665 866 1867 907 aquarum
1906 852 2089 893 fontibus
2120 854 2336 908 irriguum.
2397 860 2486 913 (27)
2521 862 2631 902 Urbs

1399 919 1732 961 Chalcidensium
1755 921 1932 961 circuitu
1955 929 2015 961 est
2038 921 2264 962 stadiorum
2288 927 2540 980 septuaginta
2557 931 2572 981 (
2585 930 2631 983 Ρ)

1399 1001 1490 1041 quae
1526 987 1733 1029 excedunt
1757 989 1773 1041 (
1788 1003 1878 1044 quae
1911 997 2160 1044 exaequant?
2180 991 2195 1043 )
2228 990 2524 1045 longitudinem
2556 997 2631 1037 viae

1398 1069 1489 1109 quae
1508 1055 1559 1095 ab
1580 1055 1829 1096 Anthedone
1850 1055 1903 1096 ad
1924 1056 2055 1111 ipsam
2087 1055 2218 1098 ducit.
2278 1059 2436 1102 Clivosa
2458 1070 2543 1103 tota
2571 1073 2632 1105 est

1397 1131 1437 1162 et
1461 1123 1679 1164 arboribus
1712 1124 1983 1174 obumbrata3
2008 1138 2133 1179 aquas
2156 1125 2279 1166 habet
2308 1128 2504 1182 plurimas
2538 1133 2633 1186 qui-

1397 1190 1493 1230 dem
1512 1191 1647 1242 salsas,
1665 1205 1792 1231 unam
1812 1199 1949 1232 autem
1966 1206 2057 1247 quae
2075 1193 2149 1232 etsi
2173 1193 2259 1248 ipsa
2280 1209 2443 1251 quoque
2463 1199 2631 1240 subsalsi

1397 1259 1596 1313 quiddam
1610 1260 1749 1310 habet,
1768 1269 1905 1301 tamen
1918 1275 1996 1301 usu
2008 1261 2180 1302 salubris
2199 1271 2258 1303 est
2275 1272 2314 1304 et
2330 1264 2490 1319 frigida,
2515 1277 2555 1308 et
2567 1283 2636 1308 co-

1396 1328 1510 1383 piose
1525 1327 1629 1368 adeo
1642 1337 1781 1369 manat
1793 1344 1816 1369 a
1832 1328 1945 1369 fonte
1962 1330 2181 1381 Arethusa,
2200 1340 2246 1371 ut
2262 1331 2435 1373 sufficiat
2446 1337 2636 1376 omnibus

1396 1395 1511 1435 urbis
1526 1395 1686 1436 incolis.
1720 1397 1810 1449 (28)
1829 1396 2009 1437 Publicis
2024 1411 2189 1452 quoque
2206 1401 2457 1440 ornamentis
2472 1401 2635 1443 abunde

1397 1465 1497 1505 urbs
1518 1465 1716 1506 instructa
1738 1474 1798 1506 est
1812 1497 1823 1516 ,
1849 1474 1896 1506 ut
1918 1468 2153 1522 gymnasiis,
2179 1469 2406 1523 porticibus
2419 1502 2431 1520 ,
2449 1472 2608 1526 templis
2623 1505 2634 1522 ,

1398 1533 1566 1573 theatris
1581 1564 1592 1583 ,
1627 1534 1798 1589 picturis
1815 1565 1827 1584 ,
1850 1535 2018 1585 statuis;
2047 1534 2138 1575 foro
2157 1535 2335 1590 denique
2348 1569 2359 1587 ‚
2386 1537 2501 1592 cujus
2537 1541 2636 1580 situs

1398 1610 1676 1642 mercatorum
1695 1602 1747 1642 ad
1763 1617 1859 1642 usus
1876 1602 2136 1643 commodior
2151 1619 2236 1644 esse
2255 1606 2425 1646 omnino
2446 1621 2528 1646 non
2545 1622 2638 1661 pos-

1399 1669 1466 1709 sit.
1495 1674 1498 1677 '
1528 1671 1619 1723 (29)
1639 1671 1744 1710 Nam
1764 1671 1835 1725 qui
1855 1685 1878 1710 a
1901 1671 2096 1724 Salganeo
2115 1673 2282 1712 Boeotiae
2304 1682 2343 1714 et
2376 1688 2399 1714 a
2422 1675 2524 1714 mari
2552 1677 2638 1715 Eu-

1398 1737 1554 1777 boeensi
1582 1739 1753 1778 veniunt
1775 1739 1911 1778 fluxus
1934 1739 2083 1779 marini
2110 1740 2151 1779 in
2184 1755 2315 1780 unum
2342 1751 2534 1782 coeuntes
2563 1757 2638 1797 per

1399 1806 1603 1860 Euripum
1637 1805 1826 1846 seruntur
1839 1805 1958 1861 juxta
1980 1807 2067 1862 ipsa
2088 1817 2232 1862 portus
2251 1810 2507 1850 munimenta
2524 1842 2534 1860 ,
2560 1811 2633 1850 ubi

1399 1874 1602 1928 contingit
1632 1889 1717 1914 esse
1743 1883 1907 1929 portam
1939 1876 2140 1930 emporii,
2177 1891 2301 1931 quam
2335 1878 2465 1932 ipsam
2487 1879 2638 1933 excipit

1401 1941 1554 1993 forum,
1572 1942 1702 1982 latum
1720 1942 1821 1983 illud
1840 1943 2055 1998 tribusque
2069 1945 2298 1999 porticibus
2318 1945 2636 1986 circumdatum.

1399 2012 1542 2062 Quum
1561 2010 1699 2065 itaque
1717 2011 1933 2066 proximus
1955 2012 2008 2052 sit
2030 2011 2121 2052 foro
2139 2020 2300 2067 portus,
2322 2021 2362 2052 et
2390 2012 2516 2053 facilis
2539 2029 2638 2054 one-

1398 2091 1492 2117 rum
1516 2092 1538 2121 ο
1575 2078 1749 2118 navibus
1786 2087 1952 2119 vectura
1966 2110 1978 2129 ,
2013 2079 2180 2135 plurimi
2223 2079 2276 2120 ad
2305 2081 2537 2135 emporium
2569 2096 2637 2121 ve·

1399 2150 1522 2189 niunt
1545 2163 1554 2190 ε
1580 2151 1680 2204 quin
1704 2151 1827 2190 etiam
1849 2151 2030 2205 Euripus
2045 2182 2056 2201 ,
2082 2151 2290 2206 duplicem
2313 2152 2470 2193 habens
2492 2154 2636 2193 introi-

1400 2228 1506 2270 tum,
1529 2219 1624 2260 facit
1643 2229 1690 2260 ut
1705 2229 1951 2262 mercatores
1962 2221 2110 2262 urbem
2126 2221 2404 2276 frequentent.
2427 2224 2517 2277 (30)
2533 2225 2636 2263 Tota

1399 2307 1545 2332 eorum
1565 2293 1676 2346 regio
1693 2293 1790 2332 oleis
1808 2294 1990 2343 consita;
2009 2307 2123 2334 mare
2143 2294 2265 2334 etiam
2283 2294 2442 2348 largum
2463 2296 2480 2347 (
2493 2295 2632 2350 pisca-

1402 2365 1528 2416 tura)
1565 2364 1720 2419 praebet
1744 2374 2009 2419 proventum.
2069 2365 2218 2406 Incolae
2251 2366 2382 2406 Graeci
2407 2374 2527 2415 sunt,
2551 2381 2636 2406 non

1402 2450 1549 2489 genere
1569 2438 1718 2488 solum,
1740 2438 1812 2478 sed
1830 2440 1953 2479 etiam
1972 2453 2176 2490 sermone,
2196 2440 2374 2480 scientiis
2396 2439 2540 2490 dediti,
2565 2455 2639 2495 pe·

1401 2510 1639 2563 regrinandi
1661 2512 1817 2566 cupidi,
1842 2512 2054 2553 literarum
2073 2514 2240 2563 curiosi,
2262 2513 2526 2554 incommoda
2545 2528 2636 2568 quae

1402 2582 1456 2622 ob
1475 2584 1649 2637 patriam
1666 2585 1880 2638 patiuntur
1900 2585 2062 2626 fortiter
2080 2585 2270 2627 ferentes.
2330 2588 2368 2628 A
2384 2585 2507 2640 longo
2526 2587 2639 2627 enim

1401 2718 1636 2757 varietatem
1675 2727 1886 2759 notaverat
1913 2719 2109 2761 Millerus.
2140 2720 2154 2772 11
2182 2743 2239 2749 -
2262 2720 2282 2758 δ
2295 2734 2315 2758 ο
2328 2734 2348 2758 υ
2363 2719 2388 2758 λ
2402 2734 2418 2759 ε
2431 2719 2451 2758 ι’)
2464 2735 2484 2759 ο
2498 2734 2547 2759 ντ
2560 2735 2575 2759 ε
2590 2737 2604 2766 ς
2623 2721 2641 2773 ]

1410 2798 1426 2812 «
1442 2781 1543 2819 Eam
1556 2778 1835 2820 conditionem
1844 2780 2078 2820 Dodwellus
2087 2780 2138 2820 de
2140 2780 2242 2834 jugo
2254 2779 2489 2835 Cassandri,
2500 2781 2641 2822 durio·

1405 2842 1461 2881 ris
1478 2840 1637 2881 domini
1657 2843 1780 2896 quam
1810 2844 2044 2883 Demetrius
2064 2843 2282 2884 Phalereus
2301 2842 2393 2892 suit,
2418 2843 2647 2896 intelligen-

1410 2902 1505 2943 dam
1521 2918 1606 2944 esse
1624 2913 1663 2944 et
1678 2904 1961 2944 Dicae'archum
1978 2905 2071 2945 talia
2084 2904 2269 2959 proferre
2280 2905 2459 2959 potuisse
2474 2905 2643 2946 adnota-

1412 2967 1484 3015 vit,
1519 2966 1632 3020 quod
1658 2968 1856 3007 Demetrii
1884 2975 1999 3007 aetate
2025 2968 2249 3007 Dicarchea
2266 2967 2516 3007 dominantis
2531 2983 2650 3008 man·

1405 3028 1664 3069 suetudinem
1699 3045 1750 3069 ne
1780 3030 1930 3069 irritari
1965 3029 2132 3083 quidem
2162 3030 2342 3084 potuisse
2372 3030 2640 3082 cognovisset.

1403 3092 1587 3131 Marxius
1607 3100 1742 3132 autem
1759 3092 1847 3132 haec
1860 3091 1983 3131 verba
1998 3091 2049 3132 ad
2066 3092 2378 3133 Atheniensium
2396 3090 2642 3131 dominatio-

1403 3168 1522 3204 nem,
1562 3155 1712 3208 quibus
1735 3154 1893 3194 Chalcis
1911 3154 2110 3208 paruisset
2133 3155 2149 3206 (
2172 3153 2263 3193 coll.
2299 3151 2490 3206 Thucyd.
2522 3154 2646 3203 VIII,

1406 3215 1456 3268 95
1479 3215 1492 3271 )
1510 3248 1520 3266 ,
1547 3216 1623 3265 vel,
1648 3215 1688 3255 id
1708 3215 1820 3269 quod
1842 3215 2094 3270 probabilius
2109 3223 2225 3264 esset,
2245 3214 2297 3254 ad
2316 3214 2445 3254 Phoxi
2466 3223 2505 3254 et
2525 3216 2648 3254 Anti—

1405 3279 1550 3319 leontis
1571 3277 1845 3333 tyrannidem,
1884 3276 1999 3330 cujus
2033 3276 2268 3317 Aristoteles
2294 3276 2414 3316 Polit.
2436 3277 2490 3325 V,
2517 3276 2557 3325 3,
2594 3289 2646 3316 12

1407 3342 1655 3381 mentionem
1675 3340 1822 3379 faceret
1837 3370 1846 3388 ,
1873 3338 2083 3378 referenda
2100 3353 2183 3378 esse
2207 3339 2466 3378 existimavit.
2490 3358 2505 3372 »
2532 3339 2648 3378 Fun·

1409 3417 1519 3443 mus.
1535 3402 1612 3443 Sed
1626 3403 1773 3442 horum
1791 3401 1892 3441 nihil
1910 3401 2085 3455 pertinet
2097 3399 2147 3440 ad
2169 3408 2326 3440 aetatem
2345 3401 2500 3450 Nostri,
2521 3415 2643 3454 quem

1407 3472 1501 3518 post
1520 3462 1821 3503 Demetriadem
1835 3477 1857 3502 a
1874 3463 2083 3502 Demetrio
2096 3461 2320 3502 Poliorcete
2332 3460 2540 3501 conditam
2551 3464 2646 3501 scri,

1409 3527 1535 3580 psisse
1564 3534 1737 3566 constat.
1763 3525 1921 3565 Chalcis
1938 3522 2154 3564 Cassandri
2176 3521 2366 3578 praesidio
2389 3531 2583 3577 occupata
2605 3523 2642 3561 in

1410 3589 1637 3631 libertatem
1678 3603 1701 3628 a
1732 3587 1943 3627 Demetrio
1979 3586 2205 3626 Poliorcete
2244 3584 2449 3625 vindicata
2482 3593 2541 3624 est
2577 3584 2644 3624 Ol.

1417 3664 1509 3703 119,
1536 3663 1572 3689 1.
1597 3649 1675 3697 304
1701 3650 1715 3701 (
1737 3648 1911 3688 Diodor.
1938 3649 2033 3697 XX,
2065 3661 2156 3696 100,
2180 3651 2203 3688 6
2228 3649 2260 3701 ).
2285 3646 2464 3699 Quando
2487 3646 2562 3685 sub
2575 3644 2643 3699 ju-

1414 3727 1509 3766 gum
1535 3711 1595 3750 vel
1614 3710 1865 3751 Macedoniae
1891 3725 2055 3764 regum,
2082 3709 2427 3764 veltyrannorum
2462 3706 2654 3761 redierit„

1417 3774 1633 3814 nescimus.
1693 3773 1777 3813 Sub
1805 3773 1920 3812 initia
1958 3772 2039 3812 sere
2075 3772 2191 3825 regni
2242 3769 2434 3822 Antigoni
2477 3769 2648 3808 Gonatae

1418 3838 1432 3888 (
1456 3836 1563 3876 circa
1578 3848 1658 3889 270
1681 3837 1696 3888 )
1717 3834 1898 3875 Chalcidi
1933 3833 2145 3889 praefectus
2169 3841 2254 3872 erat
2286 3828 2527 3877 Alexander,
2549 3829 2653 3868 Cra·

1418 3898 1508 3947 teri,
1537 3897 1605 3950 qui
1627 3896 1750 3936 frater
1786 3897 1978 3949 Antigoni
2001 3897 2109 3936 Gon.
2145 3902 2244 3943 erat,
2265 3892 2369 3932 filius
2392 3890 2406 3945 (
2439 3889 2582 3930 Suidas
2605 3905 2653 3931 v..

1421 3960 1630 4015 Εὐφορίων.
1665 3961 1867 4013 Droysen.
1907 3957 2143 3998 Helleuimn.
2179 3957 2235 4004 Il,
2267 3969 2309 4008 p.
2345 3951 2422 3993 215
2454 3960 2542 3992 not.
2564 3954 2597 4006 ).
2627 3953 2644 4005 Ι]
