2808 4342
53 169 106 230 (a,
119 171 172 229 2)

54 272 242 331 Βάτανα,
270 261 518 334 μητρὸπολις
535 267 699 324 Μηδίας
716 267 787 313 καὶ
812 269 1191 332 θησαυροφυλάκιον
1211 271 1282 316 καὶ

52 341 173 402 ἱερὸν,
197 339 296 402 ὅπερ
321 335 560 389 Ἀναίτιδος·
584 335 646 382 ἀεὶ
671 335 830 383 θύουσιν
846 355 856 366 ·
877 343 1034 399 σχοῖνοι
1060 338 1132 386 ιδ’.
1173 331 1280 384 Εἶτα

52 409 141 466 ἑξῆς
162 412 268 471 τρεῖς
291 410 448 466 κῶμαι,
467 407 508 451 ἐν
533 398 595 458 αἷς
620 405 813 466 σταθμός.

113 496 148 526 7.
166 478 375 524 Ἐντεῦθεν
398 474 695 536 [-“Ραγιοινὴ
711 473 728 538 ]
743 475 959 537 ΝΜηδία,
981 482 1136 539 σχοῖνοι
1157 477 1276 538 [νη’].

52 546 122 593 Ἐν
147 540 175 608 ᾗ
197 548 334 603 κῶμαι
373 544 415 600 ι’,
444 542 583 595 πόλεις
609 543 650 589 δὲ
676 544 721 589 ε’.
747 543 847 590 Ἀπὸ
885 545 1059 607 σχοίνων
1083 546 1117 598 ζ’
1143 545 1278 607 Ῥάγα

49 614 119 658 καὶ
137 612 303 674 Χάραξ,
327 605 383 657 ὧν
411 612 584 673 μεγίστη
605 615 685 657 τῶν
709 612 818 658 κατὰ
837 612 912 669 τὴν
943 614 1114 669 Μηδίαν
1132 618 1158 669 ἡ
1184 614 1279 660 Ῥά-

47 701 116 742 γα.
155 684 229 733 Εἷς
264 681 306 727 δὲ
341 681 416 737 τὴν
448 681 630 745 Χάρακα
667 685 826 747 πρῶτος
859 683 1051 745 βασιλεὺς
1075 684 1279 746 Φραάτης

47 751 138 804 τοὺς
157 751 349 815 Μάρδους
373 751 542 824 {mo-ev·
579 751 689 798 ἔστιν
726 751 805 798 ὑπὸ
826 751 872 798 τὸ
903 752 1010 816 ὅρος,
1045 752 1066 798 ὃ
1090 755 1278 800 καλεῖται

49 822 249 878 Κάσπιος,
269 824 337 885 ἀφ’
359 826 404 867 οὗ
425 821 613 868 Κάσπιαι
631 821 774 868 πύλαι.

107 909 143 938 8.
167 891 378 938 Ἐντεῦθεν
413 891 677 954 ὓπερὸάντων
697 892 770 944 τὰς
802 891 997 945 Κασπίας
1015 892 1147 945 πύλας
1169 893 1276 938 ἐστὶν

46 958 181 1006 αὐλὼν
213 961 282 1006 καὶ
304 965 328 1016 ἡ
350 961 620 1023 Χοαρηνὴ,
652 962 670 1023 [
691 968 845 1023 σχοῖνοι
870 962 935 1007 ιθ’.
959 963 976 1023 ]
1000 982 1010 991 ·
1031 957 1115 1025 ἕνῇ
1148 963 1278 1009 Ἀπά-

46 1047 141 1089 μεια
155 1029 269 1082 πόλις
289 1030 370 1075 ἀπὸ
391 1032 564 1092 σχοίνων
584 1031 632 1075 δ’·
654 1033 794 1091 κῶμαι
814 1030 856 1077 δὲ
869 1031 921 1089 δ’,
938 1034 978 1077 ἐν
1000 1025 1063 1085 αἷς
1079 1032 1273 1092 σταθμός.

106 1115 142 1145 9.
175 1098 388 1146 Ἐντεῦθεν
411 1101 717 1158 Κομισηνὴ,
753 1103 910 1163 σχοῖνοι
932 1102 1014 1162 νη’,
1050 1104 1091 1147 ἐν
1117 1097 1145 1164 ᾗ
1181 1106 1275 1147 κῶ-

39 1187 118 1224 μαι
141 1167 196 1224 η’,
220 1170 260 1212 ἐν
281 1161 343 1219 αἶς
364 1169 565 1229 σταθμός·
591 1169 708 1223 πόλις
734 1170 777 1215 δὲ
801 1173 872 1215 οὐκ
895 1169 1020 1216 ἔστιν.

105 1253 161 1283 10.
179 1236 390 1284 Ἐντεῦθεν
416 1238 667 1301 εΥρκανία
681 1246 862 1302 ,σχοῖνοι
890 1237 936 1298 ξ’,
954 1234 1034 1301 ἕνῇ
1052 1243 1190 1299 κῶμαι
1210 1243 1275 1296 ια’,

40 1307 79 1350 ἐν
107 1299 171 1358 αἷς
190 1306 377 1367 σταθμοί.

106 1391 158 1421 11.
187 1375 396 1422 Ἐντεῦθεν
430 1376 658 1433 Ἀσταυη
672 1376 752 1435 νὴ,
790 1384 945 1440 σχοῖνοι
979 1377 1028 1434 ξ’,
1061 1380 1101 1423 ἐν
1130 1372 1158 1438 ’ᾗ
1194 1381 1275 1423 κῶ-

43 1461 119 1503 μαι
146 1443 215 1504 ι6’,
243 1446 285 1488 ἔν
309 1436 370 1496 αἷς
394 1445 588 1504 σταθμοί·
613 1447 730 1499 πόλις
757 1446 798 1491 δὲ
823 1447 998 1503 Ἀσαὰκ,
1022 1441 1108 1509 ἕνῇ
1132 1447 1277 1509 Ἀρσά-

968 168 1313 215 MANSIONES
1348 171 1685 223 PARTHICAE.

2491 197 2569 234 251

1352 281 1458 320 Dein
1497 283 1671 332 Bataua,
1713 282 1951 338 metropolis
1990 283 2138 325 Mediae
2180 295 2220 327 et
2253 291 2578 346 gazophylacium

1351 355 1391 386 et
1406 346 1549 389 fanum
1572 349 1685 404 quod
1714 358 1775 391 est
1803 349 2033 401 Anaitidis;
2056 366 2217 407 semper
2243 355 2300 395 ibi
2328 359 2578 412 sacrificant3

1351 413 1507 455 schoeni
1529 429 1594 457 12.
1616 418 1820 473 Deinceps
1841 426 1937 459 sunt
1958 426 2040 460 tres
2063 419 2156 469 vici,
2178 421 2219 460 in
2244 422 2392 476 quibus
2407 429 2577 469 mansio.

1407 496 1448 536 7.
1483 483 1593 523 Hinc
1618 485 1887 539 Rhagiana
1919 485 2112 538 Media,
2144 487 2300 529 sehoeni
2334 490 2399 532 58.
2430 494 2479 533 In
2503 509 2582 548 qua

1350 549 1429 589 vici
1455 562 1527 600 10,
1549 551 1672 592 urbes
1698 566 1796 593 vero
1820 555 1859 593 5.
1891 555 1989 594 Post
2010 553 2198 595 schoenos
2215 571 2239 610 7
2255 558 2395 612 Rhaga
2419 568 2459 600 et
2477 562 2581 602 Cha-

1349 632 1446 668 rax3
1481 632 1659 673 quarum
1693 621 1834 675 Rhaga
1858 622 2039 663 maxima
2067 625 2254 666 omnium
2286 627 2329 667 in
2353 628 2506 671 Media.
2532 633 2582 672 In

1351 686 1577 727 Characem
1609 701 1683 727 rex
1719 689 1914 729 Phraates
1953 691 2112 745 primus
2143 695 2348 736 transtulit
2383 698 2579 750 Mardos;

1351 756 1428 796 sita
1456 755 1555 796 urbs
1585 765 1645 797 est
1670 756 1747 797 sub
1771 747 1933 810 monte,
1957 761 2028 814 qui
2058 759 2209 802 dicitur
2231 764 2420 820 Caspius,
2452 781 2476 808 a
2497 782 2581 823 quo

1351 824 1507 880 Caspiae
1523 833 1670 880 portae.

1405 894 1446 934 8.
1469 893 1578 934 Hinc
1598 893 1907 934 transeuntibus
1940 908 2013 949 per
2038 896 2202 952 Caspias
2227 908 2364 954 portas
2390 904 2580 945 convallis

1348 968 1407 1000 est
1429 968 1470 1001 et
1485 961 1554 1002 Ch
1566 975 1776 1012 oarena,
1798 962 1976 1016 [schaeni
2000 965 2079 1019 19]
2098 980 2108 1014 ;
2130 965 2173 1005 in
2195 980 2276 1021 qua
2293 970 2464 1023 Apamia
2484 972 2580 1013 urbs

1346 1036 1439 1082 post
1467 1028 1655 1070 schoenos
1677 1032 1728 1080 4;
1756 1030 1834 1070 vici
1853 1031 1975 1070 etiam
1999 1033 2046 1081 4,
2072 1031 2114 1071 in
2137 1033 2286 1088 quibus
2309 1038 2479 1078 mansio.

1404 1112 1444 1149 9.
1470 1097 1894 1148 HincComisena,
1920 1098 2076 1139 schoeni
2095 1099 2168 1152 58,
2189 1102 2232 1142 in
2247 1117 2328 1158 qua
2342 1105 2419 1145 vici
2444 1108 2579 1147 scum
2647 1098 2651 1103 ’

1347 1164 1574 1215 mansione,
1603 1165 1703 1206 urbs
1726 1180 1823 1206 vero
1843 1166 1967 1207 nulla.

1407 1245 1472 1273 10.
1505 1233 1615 1273 Hinc
1646 1235 1929 1288 Hyrcania,
1955 1234 2110 1276 schoeni
2142 1239 2210 1278 60.
2246 1238 2310 1279 Ibi
2328 1240 2408 1281 vici
2441 1255 2511 1292 11,
2538 1243 2580 1283 in

1347 1299 1497 1354 quibus
1523 1301 1771 1342 mansiones.

1406 1382 1469 1409 11.
1502 1369 1612 1411 Hinc
1633 1373 1925 1421 Astauene,
1953 1372 2110 1413 schoeni
2134 1377 2208 1425 60,
2239 1375 2283 1415 in
2307 1390 2388 1431 qua
2407 1378 2482 1418 vici
2508 1392 2578 1429 12,

1347 1440 1389 1479 in
1418 1441 1570 1495 quibus
1592 1443 1845 1493 mansiones;
1874 1443 1972 1484 urbs
1991 1452 2129 1485 autem
2151 1447 2294 1496 Asaac,
2319 1446 2393 1487 ubi
2413 1449 2582 1488 Arsaces

41 1576 250 1633 ἀγιγράνης
271 1579 322 1628 Β,
346 1578 556 1634 ἂγιγρανῆς
590 1580 637 1621 Α.
671 1582 687 1634 Ι]
713 1605 770 1612 —
797 1580 912 1622 εἷτα
935 1583 1158 1636 Βάτανα]
1190 1581 1276 1623 εἶτα

41 1638 264 1681 ἆποὸάτανα
282 1641 333 1690 Β;
357 1640 442 1682 εἷτα
462 1641 535 1683 ἀπὸ
547 1643 722 1684 Βούτανα
739 1643 785 1684 Α.
803 1643 905 1685 Εἶτα
925 1643 1139 1700 Ἀγδάτανα
1153 1645 1275 1686 scribi

37 1702 156 1758 jussit
173 1712 321 1759 praeter
335 1705 434 1745 alios
454 1707 718 1757 Mannertus;
753 1721 839 1747 non
862 1707 1164 1762 obtemperavi,
1186 1717 1277 1748 tum

40 1765 154 1820 quod
174 1766 368 1822 praecedit
388 1773 463 1808 τῶν
489 1767 526 1808 ἐν
543 1769 741 1819 Βατάνοις,
757 1778 847 1810 tum
865 1769 979 1825 quod
994 1785 1276 1825 saepenumero

40 1842 122 1869 vox
145 1827 219 1870 ἀπὸ
239 1837 391 1871 temere
414 1830 612 1882 infertur;
640 1833 713 1887 qui
728 1832 899 1887 quidem
913 1833 1065 1874 abusus
1095 1833 1192 1874 inde
1214 1835 1275 1874 vi-

40 1889 162 1931 detur
178 1890 448 1943 derivandus,
470 1893 586 1948 quod
603 1903 749 1935 auctor
762 1910 852 1935 eam
871 1896 1205 1950 praepositionem
1232 1897 1276 1936 in

38 1953 269 1995 indicandis
299 1954 502 1996 distantiis
523 1958 681 1999 ratione
702 1958 969 1999 insolentiore
991 1973 1190 2014 usurpare
1209 1974 1275 1999 so-

0 2031 1 2045 *
40 2014 160 2056 lebat.
182 2017 247 2057 Sic
269 2025 412 2058 nostro
435 2018 527 2059 loco
547 2018 699 2060 fuerit:
729 2017 815 2060 εἶτα
840 2019 915 2061 ἀπὸ
939 2021 1107 2075 σχοίνων
1131 2020 1181 2060 ιδ’
1202 2023 1276 2061 Βά-

39 2091 150 2118 τανα.
165 2079 258 2119 Huc
272 2079 430 2120 accedit
444 2080 558 2135 quod
570 2081 724 2122 Βάτανα
734 2096 811 2137 pro
833 2081 1052 2123 Ἔκῧάτανα
1064 2083 1126 2124 vel
1143 2082 1275 2138 Ἀγὸά-

38 2154 135 2180 τανα
153 2140 299 2181 eodem
320 2142 445 2182 modo
465 2150 610 2183 auctor
627 2153 767 2185 noster
781 2143 918 2185 dicere
934 2146 1083 2200 potuit,
1109 2160 1194 2199 quo
1205 2147 1277 2200 Sy-

43 2203 116 2244 riae
142 2202 354 2258 Ἀγὸάτανα
376 2205 462 2245 aliis
478 2205 667 2246 Βατάνεια
685 2206 925 2257 vocabatur,
951 2215 1050 2247 teste
1069 2208 1276 2262 Stephano

38 2267 135 2320 Byz.
154 2282 193 2306 v.
217 2266 319 2321 Ἀγδ.
341 2268 357 2321 ΙΙ
376 2292 432 2298 —
450 2269 676 2324 Μηδίας]
695 2270 828 2324 Μηδίᾳ
842 2272 894 2311 Α.
913 2270 929 2324 Η
943 2294 998 2299 -
1014 2269 1143 2324 ἱερὸν
1165 2271 1276 2325 ὅπερ

45 2326 116 2368 Ἂν
131 2327 316 2376 α·ί”τιδος
331 2345 339 2352 ·
371 2329 440 2368 ἀεὶ
465 2330 571 2370 θύου
585 2345 660 2371 σιν
679 2332 695 2386 ]
714 2331 772 2371 sic
787 2330 912 2372 codd.
928 2331 1119 2373 Hiulcam
1135 2346 1275 2372 excer-

39 2392 168 2446 ptoris
203 2393 431 2448 orationem
467 2408 553 2433 non
586 2393 706 2452 nobis
735 2408 820 2434 esse
854 2394 1140 2449 expoliendam
1173 2396 1276 2436 nihil

40 2460 204 2492 mutans
220 2461 329 2493 recte
355 2454 479 2494 sensit
496 2455 694 2496 Millerus.
710 2457 1021 2510 Proposuerunt
1036 2457 1111 2510 leg.
1133 2470 1142 2497 :
1162 2454 1275 2512 οῧπερ

0 2541 1 2566 ἢ
46 2513 225 2555 Ἀναίτιδι
239 2514 297 2555 ἀεὶ
314 2515 463 2556 θύουσιν
473 2516 534 2556 vel
547 2516 647 2571 ἱερὸν
662 2515 883 2568 Ἀναίτιδος,
898 2514 1014 2573 οἷπερ
1032 2518 1090 2558 ἀεὶ
1107 2519 1270 2560 Ούουσιν.

45 2578 60 2631 ΙΙ
83 2601 140 2608 -
156 2579 354 2632 σχοῖνοι
398 2577 482 2633 ιδ’]
502 2579 560 2619 5ἰο
577 2581 632 2629 B;
659 2581 813 2633 σχοῖνοι
834 2578 872 2634 β’
891 2579 939 2621 Α.

97 2642 120 2691 §
146 2654 185 2693 7.
218 2637 267 2679 ‘P
281 2655 338 2694 αγ
354 2638 498 2695 ιανὴ]
520 2641 706 2695 Uterque
728 2641 860 2682 codex
890 2643 947 2682 ita
974 2642 1097 2684 hahet
1123 2656 1132 2684 :
1156 2642 1277 2684 ἐντεῦ-

41 2702 103 2742 θεν
122 2701 195 2743 ἀπὸ
211 2702 362 2754 Μηδίας
378 2717 505 2757 σχοιν.
531 2701 570 2743 ἐν
593 2699 617 2760 ᾗ
641 2703 727 2744 κτλ.
746 2705 1026 2745 Correxerunt
1044 2713 1084 2746 et
1102 2720 1152 2746 ex
1170 2720 1275 2760 prae-

42 2761 124 2805 fixo
161 2763 344 2806 indiculo
377 2765 595 2820 explerunt
631 2765 748 2807 editt.
774 2766 796 2821 ΙΙ
819 2791 876 2798 -
902 2765 990 2808 ἀπὸ
1022 2768 1272 2824 σχοίνων]

45 2824 249 2882 ἄπόσχοιν.
283 2827 407 2869 codd.
437 2830 452 2882 Η
485 2853 543 2859 -
570 2827 726 2883 Ῥάγα
747 2830 763 2885 ]
787 2843 900 2870 nunc
928 2829 1016 2871 Rei.
1050 2831 1194 2871 Ruinae
1224 2831 1276 2872 ad

41 2889 220 2930 radicem
257 2889 568 2932 meridionalem
600 2895 639 2933 Ε
643 2891 755 2933 lburs
790 2892 942 2932 montis
958 2923 969 2942 ‚
1004 2896 1071 2933 τοῦ
1096 2894 1276 2934 Κασπίου

41 2951 161 3005 ὄρους.
186 2954 241 2993 V.
257 2954 403 2994 Ritter.
417 2955 534 3004 VIII,
555 2957 623 3007 67.
647 2955 663 3007 Η
686 2953 784 2994 -Χ
798 2954 914 3009 άρακ
926 2956 979 3010 α]
999 2953 1067 3006 τὴν
1081 2954 1207 3010 Χάραξ
1221 2956 1272 3006 Α;

42 3011 138 3054 dein
166 3015 343 3070 Φράντης
362 3030 441 3071 pro
470 3016 653 3071 Φραάτης
679 3016 725 3057 A.
750 3017 944 3058 Phraates
974 3020 1017 3069 I,
1046 3019 1129 3058 sive
1155 3020 1277 3060 Arsa-

43 3089 108 3116 ces
137 3078 191 3126 V,
204 3076 373 3118 Mardos
388 3077 530 3118 vicisse
545 3076 739 3118 traditur.
767 3079 824 3119 V.
855 3078 1038 3120 Vaillant
1055 3081 1117 3120 De
1131 3081 1272 3120 Arsac.

44 3138 143 3192 imp.
158 3141 193 3189 Ι,
203 3154 246 3194 p.
266 3140 334 3181 36.
351 3139 512 3182 Charax
522 3140 624 3181 urbs
634 3155 748 3182 nunc
769 3140 947 3182 Telzemn
960 3142 1070 3196 (quae
1081 3156 1131 3182 ex
1146 3143 1277 3183 ruinis

45 3199 118 3239 Rei
134 3200 246 3240 urbis
257 3210 461 3243 exstructa
475 3211 535 3244 est
550 3202 583 3258 ),
602 3211 649 3243 ut
660 3203 818 3244 Rittero
831 3202 1009 3245 videtur.
1024 3205 1277 3259 Droysenius

46 3260 201 3301 Hellen.
228 3263 284 3311 II,
308 3277 351 3317 p.
377 3268 457 3317 716
487 3265 711 3306 Characem
734 3265 903 3306 sortasse
926 3266 969 3306 in
988 3266 1118 3307 ruinis
1148 3281 1278 3322 prope

45 3323 326 3377 AEvani-Keif
343 3326 402 3365 vel
435 3327 631 3367 Veramin
661 3327 777 3368 urbis
799 3328 1064 3382 quaerendam
1093 3343 1179 3369 esse
1201 3344 1278 3383 pu-

47 3393 118 3424 tat.
137 3385 376 3427 Ptolemaeus
406 3389 462 3438 V,
489 3392 512 3428 6
537 3389 760 3430 Characem
787 3389 840 3430 ad
862 3391 1058 3431 orientale
1075 3391 1180 3431 latus
1199 3393 1278 3446 Py-

46 3446 179 3486 larum
196 3447 432 3501 Caspiarum
447 3451 579 3503 ponit,
601 3449 702 3490 dum
717 3452 865 3491 Noster
883 3453 1032 3506 Rhagae
1046 3454 1279 3507 proximam

47 3508 184 3549 dicere
203 3508 379 3549 videtur.
404 3513 442 3551 A
466 3511 617 3565 Rhagis
644 3512 696 3553 ad
715 3513 832 3567 Pylas
862 3513 1089 3555 secundum
1111 3516 1279 3557 Strabo-

47 3585 144 3611 nem
172 3585 214 3625 p.
232 3575 310 3624 796
326 3571 456 3612 stadia
472 3573 564 3623 500,
590 3588 670 3614 sec.
689 3574 954 3616 Ptolemaeum
972 3577 1079 3617 circa
1093 3579 1175 3626 400
1200 3588 1279 3619 sta-

49 3632 117 3673 dia
133 3641 262 3673 erant.
290 3633 307 3686 11
336 3657 393 3664 ——
409 3634 581 3689 ᾤκισεν
601 3636 616 3690 ]
637 3636 785 3688 ὤκησεν
803 3637 849 3677 A.
877 3637 995 3678 Idem
1014 3638 1184 3687 Κάππιος
1201 3655 1279 3695 pro

51 3695 230 3742 Κάσπιος.
254 3695 269 3748 ΙΙ
291 3719 349 3725 —
373 3695 592 3737 Κάσπιαι
620 3697 797 3754 πύλαι]
822 3699 939 3740 editt.
954 3700 1171 3756 praefigunt
1183 3704 1278 3743 arti-

50 3757 189 3797 culum
208 3756 262 3807 αἷ,
285 3771 409 3811 quem
427 3757 587 3798 codices
606 3759 811 3812 ignorant.

106 3822 127 3871 §
148 3821 187 3860 8.
210 3818 447 3874 Κασπίας]
474 3819 642 3860 Κασπίου
659 3821 705 3861 Α.
730 3823 780 3862 In
803 3836 917 3877 seqq.
950 3832 1123 3880 uterque
1149 3825 1280 3867 codex

50 3882 106 3922 ita
138 3895 147 3921 ε
173 3881 237 3922 καὶ
263 3881 287 3933 ἣ
313 3880 491 3937 Χοαρηνὴ
517 3884 723 3939 (Χοαρήνη
746 3885 776 3925 A
797 3887 814 3939 )
850 3887 1040 3942 σταθμός·
1077 3887 1115 3928 ἐν
1143 3885 1167 3944 ᾗ
1201 3888 1276 3931 Ἇπ.

50 3942 191 3997 Ejecta
213 3959 252 3984 v.
276 3944 463 3999 σταθμὸς,
496 3945 759 3987 sehoenorum
788 3962 1009 3989 numerum
1027 3964 1078 3990 ex
1099 3950 1280 3993 indiculo

52 4005 293 4061 supplerunt
326 4005 442 4047 editt.
478 4008 665 4048 Fortasse
692 4008 811 4064 plura
833 4009 1089 4052 exciderunt.
1121 4013 1281 4055 Deinde

1344 1597 1421 1637 pro
1455 1581 1530 1623 ἀπὸ
1557 1583 1725 1637 σχοίνων
1758 1582 1919 1623 codices
1954 1583 2105 1625 iterum
2137 1584 2342 1640 ἀπόσχοιν.
2361 1610 2419 1618 -
2455 1588 2580 1642 Apud

1346 1645 1590 1686 Strabonem
1609 1646 1636 1686 l.
1655 1645 1682 1686 l.
1712 1646 1824 1700 regio
1846 1645 1999 1688 dicitur
2016 1648 2181 1703 Χωρηνή
2191 1665 2202 1699 ;
2232 1649 2386 1690 Choara
2409 1664 2475 1705 ap.
2499 1651 2579 1690 Pli-

1345 1708 1465 1748 nium
1486 1709 1562 1757 VI,
1592 1721 1640 1762 17
1664 1720 1674 1748 t
1709 1707 1903 1749 Cordueni
1926 1718 2059 1750 tenent
2083 1710 2254 1766 Caspias
2266 1721 2415 1767 portas
2428 1727 2439 1762 ;
2461 1712 2514 1752 iis
2537 1712 2578 1752 in

1346 1769 1471 1810 latere
1487 1769 1616 1810 altem
1631 1779 1848 1811 occurrant
1863 1770 2021 1812 deserta
2037 1772 2222 1813 Parthioe
2238 1781 2277 1813 et
2295 1772 2574 1828 Cithenijaga.

1345 1835 1450 1874 Mox
1471 1832 1649 1887 ejusdem
1667 1833 1854 1874 Parthiae
1882 1834 2181 1875 amoenissimus
2199 1835 2308 1875 sitas
2321 1835 2393 1890 qui
2408 1844 2581 1876 vocatur

1349 1895 1520 1936 Choara.
1544 1915 1560 1931 α
1581 1896 1744 1936 Veteris
1762 1896 1943 1936 nominis
1961 1897 2176 1950 vestigium
2191 1911 2402 1951 superesse
2417 1896 2580 1937 videtur

1346 1957 1390 1996 in
1404 1956 1506 1998 hod.
1528 1957 1706 1998 Serderei
1728 1958 1909 1999 Clzawar.
1928 1959 1994 2000 Sic
2007 1967 2204 2000 vocantur
2219 1958 2354 1999 fauces
2373 1960 2583 1999 montium'

1346 2020 1397 2060 ab
1420 2019 1517 2060 ortu
1546 2020 1703 2061 Telzran
1726 2021 1841 2061 urbis
1863 2022 1963 2072 sitae,
1993 2036 2094 2076 quas
2111 2022 2268 2062 Morier
2289 2021 2452 2076 Caspias
2481 2036 2577 2076 por-

1346 2090 1406 2121 tas
1430 2090 1617 2123 veterum
1642 2097 1728 2123 esse
1752 2084 1926 2138 putavit.
1952 2084 2165 2125 Choarene
2190 2083 2328 2138 itaque
2356 2092 2443 2124 erat
2468 2084 2578 2124 vallis

1346 2152 1562 2193 montana,
1589 2145 1696 2183 inter
1716 2145 1874 2185 Tela-an
1889 2153 1930 2185 et
1944 2144 2079 2185 fauces
2100 2145 2186 2185 illas
2205 2159 2344 2186 versus
2363 2145 2576 2186 meridiem

1348 2213 1570 2258 ortumque
1584 2214 1789 2259 porrecta.
1802 2207 1840 2246 N
1843 2220 1924 2246 unc
1940 2214 2111 2246 vocatur
2124 2207 2291 2247 chawar
2303 2215 2343 2247 et
2362 2210 2407 2247 V
2403 2207 2573 2247 eramin.

1346 2267 1556 2307 Posterius
1583 2281 1737 2307 nomen
1762 2267 1813 2307 ab
1840 2267 1944 2308 urbe
1965 2267 2159 2319 ductum,
2191 2284 2283 2323 quae
2308 2268 2425 2325 haud·
2451 2268 2576 2308 dubie

1345 2328 1471 2368 situm
1492 2327 1648 2369 indicat
1665 2329 1810 2368 veteris
1830 2330 2021 2383 Apameae
2034 2359 2045 2378 ‚
2071 2329 2187 2383 cujus
2205 2337 2352 2384 praeter
2369 2329 2574 2370 Isidorum

1345 2391 1625 2430 meminerunt
1648 2390 1792 2431 Strabo
1815 2406 1857 2444 p.
1885 2391 1963 2439 524
1988 2393 2004 2444 (
2030 2390 2252 2445 Ἀπάμειαῆ
2273 2391 2363 2445 πρὸς
2396 2389 2570 2445 Ῥάγαις,

1345 2452 1437 2492 coll.
1462 2467 1505 2507 p.
1535 2452 1613 2501 514
1638 2453 1651 2509 )
1677 2461 1718 2493 et
1745 2453 1985 2494 Ptolemaeus
2004 2455 2080 2503 VI,
2108 2454 2129 2493 5
2165 2468 2207 2508 p.
2237 2456 2332 2502 400.
2365 2473 2381 2487 n
2410 2454 2506 2493 Haec
2523 2468 2571 2494 ex

1346 2515 1505 2555 Rittero
1519 2516 1638 2564 VIlI,
1654 2529 1698 2569 p.
1717 2529 1734 2554 1
1746 2517 1810 2555 18.
1828 2515 2070 2556 Ptolemaeus
2085 2515 2113 2555 l.
2130 2514 2159 2555 l.
2177 2515 2397 2556 Characem
2412 2523 2450 2555 et
2466 2518 2573 2570 Apa-

1344 2592 1480 2617 meam
1501 2577 1545 2616 in
1582 2576 1729 2617 eodem
1761 2577 1872 2631 long.
1894 2577 2025 2631 gradu
2049 2578 2151 2630 (94ο
2186 2576 2279 2632 15’)
2301 2577 2433 2632 ponit,
2455 2577 2511 2616 ita
2528 2585 2575 2617 ut

1344 2639 1431 2679 haec
1448 2638 1499 2679 ab
1522 2639 1588 2679 illa
1607 2638 1822 2679 meridiem
1842 2653 1980 2680 versus
1999 2638 2122 2689 distet
2136 2638 2219 2688 40'.

1401 2704 1423 2753 5
1440 2717 1481 2755 9.
1500 2701 1560 2741 Ko
1576 2700 1754 2756 μισηνὴ
1777 2702 1925 2757 ]Κώμη
1949 2701 2026 2741 σινὶ
2043 2701 2070 2741 Α
2085 2734 2095 2752 ,
2119 2701 2238 2756 Κώμη
2265 2701 2348 2752 σίνη
2371 2701 2416 2741 Β.
2454 2717 2469 2738 «
2492 2702 2576 2741 No-

1345 2778 1442 2804 men
1469 2773 1653 2819 superest
1688 2765 1730 2804 in
1754 2764 1853 2805 hod.
1886 2765 2052 2818 regione
2070 2764 2232 2812 Kumis,
2259 2777 2350 2818 quae
2365 2777 2388 2803 a
2412 2763 2579 2804 Clmwar

1346 2826 1531 2867 saucibus
1563 2835 1623 2873 est
1656 2835 1796 2867 ortum
1821 2842 1868 2867 ac
1902 2826 2072 2867 boream
2093 2840 2248 2866 versus.
2279 2825 2577 2879 Cognominem

1346 2889 1477 2929 inesse
1493 2888 1655 2939 urbem,
1676 2890 1783 2929 inter
1804 2894 1987 2929 Semnum
2005 2897 2046 2929 et
2066 2891 2272 2940 Damgam
2292 2888 2411 2927 sitam
2429 2887 2578 2927 Morie-

1346 2965 1417 2991 rus
1436 2949 1576 2991 tradit.
1597 2950 1782 2991 Isidorus
1815 2951 1980 2991 nonnisi
2003 2952 2132 3005 κώμας
2152 2963 2386 2990 memorans
2405 2962 2489 2988 non
2506 2962 2578 2988 no-

1346 3014 1450 3053 visse
1472 3027 1562 3054 eam
1587 3012 1765 3053 videtur.
1801 3031 1816 3051 »
1840 3014 1903 3054 Ex
1925 3012 2125 3054 Ritterol.
2150 3012 2177 3052 l.

1403 3079 1425 3129 ὃ
1444 3090 1508 3117 10.
1537 3074 1617 3131 ‘Yp
1628 3091 1683 3116 κα
1696 3092 1714 3116 ν
1731 3077 1774 3115 ία
1789 3078 1804 3131 ]
1817 3075 2066 3117 hodiernum
2078 3074 2273 3122 Gar-kam,
2288 3087 2417 3128 prope
2437 3075 2575 3112 Aster-

1348 3137 1473 3188 abad,
1497 3147 1692 3179 monente
1707 3140 1863 3179 Rittero
1878 3138 1906 3179 l.
1934 3138 1962 3179 l.
1979 3153 2023 3192 p.
2053 3139 2144 3178 118.
2168 3140 2235 3178 60.

1403 3205 1426 3256 S
1452 3216 1517 3243 11.
1550 3200 1820 3253 Ἀσταυηνὴ
1839 3202 1854 3257 ]
1876 3201 1933 3241 sic
1964 3202 1997 3241 Β
2020 3208 2061 3240 et
2086 3212 2208 3254 supra
2240 3198 2284 3238 in
2302 3195 2483 3237 indiculo
2506 3210 2574 3236 co-

1347 3264 1428 3306 dex
1443 3273 1636 3320 uterque;
1654 3261 1878 3316 Αύσταὸηνὴ
1891 3263 1934 3303 h.
1955 3262 1984 3303 l.
2002 3264 2054 3303 A.
2071 3262 2264 3302 Formam
2283 3255 2516 3308 Ἀσταὸηνὴν
2534 3258 2576 3297 in

1348 3327 1614 3370 Ptolemaeum
1659 3327 1811 3380 recepit
1854 3324 2050 3377 Wilberg
2062 3353 2074 3374 ,
2117 3334 2366 3376 quamquam
2416 3318 2576 3360 codices

1348 3390 1468 3444 longe
1485 3389 1653 3445 plurimi
1669 3403 1745 3443 pro
1767 3388 1787 3442 β
1803 3386 1999 3428 exhibent
2015 3401 2058 3436 υ,
2079 3398 2156 3424 nee
2173 3381 2337 3424 aliunde
2351 3395 2415 3422 res
2437 3381 2576 3421 dirimi

1348 3461 1496 3508 potest.
1532 3453 1724 3492 Ceterum
1753 3451 1808 3490 ita
1838 3448 2011 3491 Ptolem.
2045 3448 2123 3496 VI,
2151 3461 2193 3500 9,
2229 3459 2274 3500 p.
2313 3447 2393 3493 416
2416 3456 2426 3484 ;
2452 3443 2577 3482 Κατα-

1351 3515 1530 3568 νέμονται
1545 3512 1586 3553 δὲ
1603 3515 1669 3563 τῆς
1693 3509 1892 3565 Ὑρκανίας
1906 3508 1953 3549 τὰ
1977 3507 2042 3564 μὲν
2061 3506 2122 3548 ἐπὶ
2142 3504 2499 3562 θαλάσσῃΜαξῆραι
2515 3505 2579 3545 καὶ

1355 3575 1631 3628 Ἇσταουηνοὶ(
1652 3574 1710 3614 sic
1732 3572 1855 3614 codd.
1873 3575 1961 3627 )‚...
1983 3570 2056 3613 ὑπὸ
2074 3570 2116 3611 δὲ
2137 3568 2408 3621 Ἀσταουηνοὶ)ς
2425 3567 2449 3619 ἣ
2469 3568 2579 3622 Σιρα-

1349 3639 1460 3691 κηνή.
1496 3637 1613 3678 Idem
1640 3638 1716 3686 VI,
1747 3649 1812 3689 17,
1838 3649 1882 3690 p.
1915 3635 1996 3683 432
2023 3647 2034 3675 2
2057 3633 2272 3688 Κατέχουσι
2290 3632 2332 3672 δὲ
2354 3634 2420 3683 τῆς
2461 3629 2578 3684 Ἀρίας

1349 3700 1397 3742 τὰ
1421 3699 1486 3756 μὲν
1514 3697 1670 3754 ἀρκτικὰ
1706 3698 1798 3753 μέρη
1822 3697 1979 3738 Νισαῖοι
2003 3696 2069 3737 καὶ
2101 3694 2338 3747 Ἇσταυηνοί.
2370 3694 2578 3734 Pertinere

1349 3764 1432 3804 huc
1443 3760 1779 3802 videturAsbana
1794 3760 1893 3801 urbs
1903 3759 2071 3801 Tabulae
2082 3757 2406 3811 Peutingerianae
2414 3756 2509 3802 XII,
2528 3755 2573 3793 C.

1356 3826 1372 3880 ῃ
1395 3849 1453 3856 —-
1471 3822 1650 3864 Ἀσαὰκ
1669 3824 1683 3878 ]
1707 3822 1832 3878 Apud
1847 3823 2116 3865 Ammianum
2137 3821 2295 3869 XXIII,
2319 3822 2358 3867 6,
2382 3817 2433 3865 43
2454 3815 2576 3855 urbes

1352 3894 1616 3929 recensentur
1634 3899 1645 3926 ι
1670 3886 1845 3935 Charax,
1868 3883 2067 3941 Apamia,
2086 3886 2302 3925 Artacana
2316 3889 2355 3920 et
2368 3881 2578 3919 Hecatom-

1344 3951 1484 4008 pylas.
1514 3949 1669 3990 Plinius
1691 3963 1788 3989 vero
1824 3951 1887 3999 II,
1917 3963 1993 4002 109
2032 3946 2222 4001 naphthae
2251 3944 2380 3983 sontes
2416 3955 2500 3981 esse
2521 3941 2577 3979 ait

1351 4015 1462 4055 circa
1481 4011 1740 4065 Babyloniam
1764 4021 1801 4052 et
1827 4011 1868 4052 in
1899 4008 2146 4052 Austacenis
2169 4005 2366 4046 Parthico.
2390 4005 2577 4056 Utroque
