2782 4348
76 152 231 225 v'¹1⁴

490 0 538 43 .
799 38 801 41 ,

705 75 749 121 0

522 216 568 262 Ο
1142 264 1147 267 .

143 316 148 323 .
235 296 312 329 too.
339 284 513 329 ΔΥΚῙΔ.
538 278 640 327 Ἀπὸ
673 277 716 325 δὲ
753 276 913 340 Καρίας
952 275 1089 325 Λυκία
1124 275 1235 323 ἐστὶν
1269 275 1404 331 ἔθνος·

168 351 240 397 καὶ
260 348 400 403 πόλεις
417 347 586 402 Λυκίοις
601 347 712 395 αἵδι·
728 343 962 405 Τιλμισσὸς
980 344 1052 390 καὶ
1072 344 1218 405 λιμὴν,
1240 344 1314 392 καὶ
1325 363 1403 394 πο-

169 418 303 479 ταμὸς
331 419 511 474 Ξάνθος,
534 419 589 464 δι’
618 410 665 463 οὗ
686 414 893 464 ἀνάπλους
913 413 969 464 εἰς
991 411 1190 475 [Ξάνθον
1219 413 1357 475 πόλιν,
1381 417 1401 479 ]

169 489 351 551 Πάταρα
377 487 496 541 πόλις
519 486 586 549 [ἢ]
607 483 678 530 καὶ
698 483 848 543 λιμένα
874 480 985 544 ἔχει·
1006 482 1172 536 Φιλλὸς
1187 481 1307 538 πόλις
1326 485 1400 532 καὶ

170 557 312 618 λιμήν·
362 555 470 603 κατὰ
503 558 636 601 ταῦτα
679 551 801 608 νῆσός
849 551 939 596 ἔστι
965 548 1143 599 Ῥοδίων
1191 552 1404 615 Μεγίστη.

168 626 338 687 Δι’μυρα
364 627 499 680 πόλις,
530 625 588 674 εἷς
609 620 662 678 ἣν
689 623 712 666 ὁ
731 618 936 673 ἀνάπλους
956 618 1067 666 κατὰ
1084 619 1156 667 τὸν
1190 621 1400 683 ποταμόν·

169 687 256 740 εἶτα
290 692 453 752 Γαγαία
487 691 633 750 πόλις,
656 681 745 735 εἶτα
764 688 1018 751 Χελιδονίαι,
1041 689 1298 755 ἀκρωτήριον
1326 691 1400 739 καὶ

167 766 283 818 νῆσοι
308 762 378 808 δύο
399 761 471 807 καὶ
492 758 709 812 Διονυσιὰς
729 762 878 819 νῆσος,
896 758 1154 823 ἀκρωτήριον
1176 759 1249 807 καὶ
1274 761 1402 823 λιμὴν

166 833 386 894 Σιδηροῧς.
456 829 587 891 Ὑπὲρ
602 827 747 876 τούτου
766 828 878 875 ἐστὶν
895 829 1005 892 ἱερὸν
1019 828 1253 893 Ἡφαίστου
1277 831 1320 876 ἒν
1337 833 1399 895 τῷ

165 900 249 964 όρει
267 900 339 947 καὶ
371 904 454 964 πῦρ
474 899 581 947 πολὺ
606 898 839 959 αὐτόματον
863 900 913 946 ἐκ
932 902 1006 955 τῆς
1027 902 1103 960 γῆς
1136 898 1299 946 καίεται
1327 900 1399 949 καὶ

164 970 357 1017 οὐδέποτε
386 970 622 1018 σὸέννυται.
678 969 764 1017 Καὶ
786 968 858 1015 ἐὰν
872 966 1073 1033 πρόὲλθῃς
1094 968 1179 1015 ἀπὸ
1195 968 1400 1027 θαλάττης

163 1040 383 1104 ἀνώτερον,
402 1040 491 1088 ἔστι
506 1039 702 1097 Φασηλὶς
716 1038 834 1092 πόλις
849 1038 923 1085 καὶ
936 1039 1064 1096 λιμήν
1084 1042 1098 1100 (
1113 1038 1201 1085 ἔστι
1218 1038 1260 1085 δὲ
1278 1043 1399 1086 τοῦτο

162 1109 312 1164 κόλπος
329 1112 341 1171 )
363 1110 435 1157 καὶ
455 1108 617 1173 Ἴδυρος
636 1110 752 1161 πόλις
767 1145 780 1170 ,
803 1111 925 1165 νῆσος
941 1108 1174 1171 Λυρνάτεια
1187 1142 1201 1165 ,
1224 1107 1399 1169 Ὀλὸία,

163 1270 264 1326 (ubi
287 1270 466 1328 Καρῦα),
494 1269 712 1313 Stadiasm.
747 1283 852 1310 mar.
874 1283 932 1309 m.
957 1270 982 1322 S
1011 1268 1109 1318 231,
1142 1267 1397 1310 Artemidor.

158 1347 226 1388 ap.
247 1334 307 1375 St.
330 1334 428 1389 Byz.
448 1347 484 1374 s.
508 1347 550 1374 v.
572 1334 609 1374 A
625 1331 827 1372 Telmisso
841 1330 941 1371 urbs
958 1328 1083 1371 distat
1101 1329 1232 1371 stadia
1251 1333 1344 1380 160,
1361 1338 1402 1371 et

159 1394 267 1436 stad.
289 1408 306 1436 1
317 1408 368 1438 10
385 1409 410 1437 a
423 1393 602 1436 Daedalis
616 1424 627 1443 ‚
648 1392 701 1434 ad
716 1406 808 1448 quae
822 1392 1003 1433 confinia
1025 1392 1155 1435 Cariae
1183 1392 1402 1448 Lyciaeque

159 1457 331 1499 collocat
355 1456 519 1500 Strabo.
545 1455 626 1498 Alii
650 1456 849 1497 terminos
880 1455 1010 1496 Cariae
1038 1455 1241 1496 orientem
1261 1469 1403 1497 versus

159 1521 299 1562 minus
316 1519 437 1575 longe
450 1518 742 1577 protulerunt;
762 1517 821 1559 sic
839 1518 947 1573 Crya
965 1516 1018 1558 ab
1033 1517 1301 1559 Artemidoro
1314 1517 1401 1573 jam

158 1592 398 1625 accensetur
412 1583 573 1639 Lyciam
593 1578 824 1623 secundum
840 1579 1046 1636 Scylacem
1063 1580 1105 1621 in
1120 1579 1310 1622 confiniis
1325 1580 1403 1622 Ca·

158 1646 230 1687 riae
252 1646 471 1702 Lyciaeque
490 1645 568 1686 sita
585 1651 690 1685 erat.

213 1710 237 1763 S
263 1722 356 1752 100.
377 1707 694 1765 Τελμισσός]
720 1706 918 1748 emma}
936 1704 1083 1748 codex.
1108 1720 1190 1747 em.
1207 1706 1396 1748 Vossius.

162 1774 179 1827 Ι]
197 1795 256 1804 -
273 1769 523 1820 ἀνάπλους
561 1769 630 1819 εἰς
650 1770 841 1811 Ξάνθον
871 1768 1023 1812 πόλιν
1051 1768 1189 1825 κτλ.]
1212 1767 1404 1818 ἀνάπλους

158 1835 210 1885 εἰς
227 1836 387 1892 Πάταρα
401 1834 515 1878 πόλιν
531 1833 597 1875 καὶ
611 1834 752 1889 λιμένα
772 1832 856 1888 ἔχει
878 1831 1010 1874 oodex
1032 1840 1242 1888 corrupte.
1257 1832 1404 1874 Strabo

156 1899 276 1950 XIV,
296 1913 340 1956 p.
376 1902 458 1941 666
478 1911 489 1940 2
525 1895 613 1938 Εἶθ’
650 1896 673 1938 ὁ
692 1897 841 1944 Ξάνθος
866 1895 1090 1951 ποταμός..
1123 1893 1405 1937 άναπλεῦσαντι

157 1962 192 2002 δ’
215 1960 457 2018 ὑπηρετικοῖς
474 1961 565 2004 δέκα
588 1960 755 2007 σταδίοις
782 1958 827 2000 τὸ
847 1959 1006 2011 Λητῶόν
1027 1957 1143 2000 ἐστιν·
1171 1957 1262 2014 ὓπὲρ
1281 1957 1322 1999 δὲ
1336 1961 1405 2000 τοῦ

157 2023 261 2080 ἱεροῦ
275 2023 505 2081 προελθόντι
527 2022 712 2075 ἐξήκοντα
733 2020 758 2075 ἡ
782 2021 933 2075 πόλιςῆ
959 2026 1036 2063 τῶν
1059 2021 1236 2062 Ξανθίων
1268 2020 1401 2063 ἐστί...

156 2087 270 2129 Μετὰ
298 2087 340 2130 δὲ
365 2086 433 2130 τὸν
452 2087 606 2129 Ξάνθον
626 2086 801 2141 Πάταρα,
827 2086 893 2127 καὶ
911 2085 1006 2138 αὕτη
1029 2084 1181 2141 μεγάλη
1216 2084 1327 2133 πόλις
1342 2084 1404 2126 λι-

158 2151 255 2207 μένα
286 2149 447 2206 ἔχουσα.
469 2149 534 2193 Cf.
571 2148 728 2191 Plinius
754 2150 810 2199 V,
838 2150 909 2190 28.
935 2149 998 2189 De
1032 2148 1164 2189 ruinis
1184 2148 1341 2189 Patarae
1361 2162 1402 2189 v.

157 2212 294 2255 Leake
311 2213 340 2255 1.
357 2210 388 2255 1.”
402 2227 446 2270 p.
479 2215 574 2256 182.
601 2212 698 2254 320.
722 2209 872 2253 Fellow
887 2210 986 2251 Asia
1009 2210 1112 2251 min.
1134 2223 1177 2265 p.
1200 2222 1299 2260 222,
1325 2210 1406 2266 Ly-

156 2275 218 2317 cia
235 2290 279 2332 p.
307 2289 402 2331 179.
424 2275 441 2328 ΙΙ
462 2298 521 2307 -
537 2274 767 2330 Φέλλος]
799 2271 986 2328 φελὸὸς
1011 2271 1159 2314 codex.
1180 2271 1309 2314 Phelli
1327 2286 1404 2313 no·

157 2339 268 2378 mine
295 2336 534 2392 designatur
563 2336 706 2378 navale
737 2334 865 2378 Phelli
896 2335 981 2375 sive
1017 2333 1242 2390 Antiphelli
1262 2333 1276 2391 (
1293 2347 1405 2376 nunc

156 2398 383 2456 Andifilo),
401 2398 465 2442 vel
479 2408 705 2455 utrumque
725 2399 866 2455 potius
888 2396 1025 2439 verbis
1050 2396 1161 2445 πόλις
1191 2396 1256 2438 καὶ
1283 2394 1403 2453 λιμὴν

156 2462 540 2519 comprehenditur.
560 2465 624 2505 De
638 2463 771 2505 ruinis
786 2477 827 2504 v.
846 2459 983 2504 Leuke
999 2469 1040 2502 et
1054 2460 1203 2503 Fellow
1222 2460 1250 2501 Ι.
1263 2459 1290 2502 l.
1314 2463 1330 2515 ΙΙ
1347 2484 1406 2493 -

158 2525 387 2581 Μεγίστη
410 2527 425 2582 ]
447 2525 512 2569 Cf.
537 2525 686 2568 Strabo
706 2540 749 2581 p.
780 2528 876 2567 666.
908 2522 1127 2566 Stadiasm.
1146 2526 1169 2577 S
1190 2527 1287 2565 216.
1305 2524 1403 2565 Pto·

157 2588 252 2629 lem.
277 2590 332 2638 V,
356 2589 397 2639 3,
421 2603 465 2644 p.
484 2589 565 2630 326
580 2597 622 2630 et
638 2588 796 2631 Plinius
809 2589 867 2638 V,
890 2590 960 2629 28.
982 2588 1105 2628 Nunc
1123 2586 1259 2627 Cascei
1271 2601 1399 2628 rosso.

171 2652 195 2703 ΙΙ
209 2674 266 2682 -
288 2653 316 2691 Α
333 2652 343 2691 ἱ
357 2666 413 2706 μυ
424 2666 442 2706 ρ
454 2652 504 2706 α]
525 2650 708 2706 Anaplus
722 2665 796 2706 per
810 2650 1028 2705 Limyrum
1045 2649 1234 2698 fluvium,
1248 2662 1271 2690 a
1286 2647 1403 2703 cujus

158 2713 273 2753 ostiis
294 2713 394 2754 urbs
422 2712 547 2754 distat
568 2711 711 2754 stadiis
741 2726 796 2755 20
828 2711 1059 2754 secundum
1080 2711 1271 2753 strabon.
1297 2711 1325 2752 l.
1351 2711 1399 2763 l.,

157 2774 299 2817 stadiis
318 2779 373 2818 60
406 2790 487 2817 sec.
512 2774 730 2817 Stadiasm.
766 2776 911 2817 Ruinae
942 2781 1039 2815 sunt
1073 2787 1124 2814 eo
1154 2772 1245 2814 loco
1277 2787 1401 2828 quem

159 2837 309 2880 Strabo
334 2836 503 2879 indicat.
524 2839 581 2878 V.
604 2838 753 2878 Fellow
777 2838 903 2893 Lycia
915 2851 959 2893 p.
974 2839 1057 2878 206
1075 2850 1166 2891 sqq.
1196 2838 1212 2890 11
1231 2860 1288 2867 ——
1306 2836 1334 2877 Γ
1346 2852 1370 2877 α
1382 2860 1400 2869 ·

158 2901 275 2957 γαία
293 2899 459 2957 ]λιγαία
480 2899 634 2951 eodex;
661 2915 743 2941 em.
776 2900 964 2941 Vossius.
985 2898 1194 2953 Plerisque
1215 2898 1315 2940 urbs
1337 2899 1401 2942 di·

158 2963 414 3019 εἱῑιιτΓάγαι.
432 2964 489 3005 V.
512 2962 746 3005 Alexander
762 2962 906 3018 Polyh.
924 2976 991 3018 ap.
1010 2961 1150 3016 Steph.
1172 2963 1269 3017 Byz.
1287 2977 1320 3003 5.
1341 2977 1398 3014 v.;

158 3025 376 3070 Stadiasm.
414 3028 439 3080 S
471 3039 548 3068 211
567 3041 579 3077 ;
619 3026 776 3069 Plinius
797 3026 853 3076 V,
878 3027 955 3075 28;
999 3022 1206 3065 Hierocles
1239 3038 1280 3079 p.
1319 3027 1398 3067 683

161 3089 271 3145 (ubi
295 3088 402 3146 Γάγα
421 3089 464 3146 );
493 3090 634 3146 Etym.
660 3090 721 3130 M.
751 3102 794 3144 p.
816 3101 914 3142 219,
939 3091 964 3128 6
987 3099 998 3128 :
1021 3086 1146 3142 Γάγας
1167 3086 1180 3142 (
1205 3086 1263 3127 sic
1280 3086 1311 3142 ),
1338 3088 1401 3128 τό-

158 3167 228 3202 πος
247 3151 314 3195 καὶ
335 3151 532 3208 ποταμὸς,
565 3152 608 3193 in
641 3165 727 3208 quo
748 3152 925 3205 θυμία
953 3149 1055 3205 lapis
1083 3150 1288 3205 reperitur
1315 3164 1396 3193 see.

160 3216 350 3258 Dioscor.
365 3215 424 3267 V,
448 3217 526 3265 146
537 3230 549 3267 ;
568 3217 702 3267 Guges
715 3227 784 3270 ap.
801 3213 909 3256 Plin.
928 3212 1128 3260 xxxvl,
1149 3211 1217 3261 34.
1237 3213 1299 3253 De
1314 3214 1400 3254 rui·

159 3278 224 3320 nis
251 3292 383 3336 prope
406 3279 553 3332 nagge
582 3276 709 3319 vellela
729 3290 770 3318 v.
791 3275 943 3319 Fellow
971 3274 1098 3330 Ljrcia
1123 3288 1165 3330 p.
1191 3286 1287 3316 210.
1309 3277 1328 3327 ΙΙ
1344 3299 1402 3308 ·—

161 3338 481 3396 ἀκρωτήριον
519 3337 602 3381 καὶ
642 3341 788 3391 νῆσοι
827 3337 948 3394 δύο]
991 3334 1266 3378 Chelidonium
1301 3349 1400 3392 pro-

161 3402 406 3443 montorium
417 3401 572 3444 dicitur
580 3401 715 3444 Plinio
728 3402 785 3452 V,
797 3414 866 3456 27,
879 3414 955 3442 nec
966 3413 1050 3442 non
1063 3398 1183 3441 Livio
1196 3398 1398 3450 xxxw,

162 3466 211 3513 41
232 3480 243 3513 ;
264 3465 466 3517 Χελιδονίη
488 3465 586 3520 ἄκρα
605 3466 765 3518 Quinto
798 3466 1011 3519 Smyrnoeo
1039 3463 1115 3511 111,
1142 3461 1255 3514 232(
1277 3461 1400 3502 etiam

162 3540 276 3567 nunc
297 3530 381 3582 Cap
400 3526 580 3569 Celicloni
591 3528 605 3583 )
624 3543 634 3578 ;
659 3526 768 3568 idem
801 3534 974 3569 vocatur
991 3524 1074 3581 ἱερὰ
1092 3525 1190 3580 ἄκρα
1204 3538 1271 3580 ap.
1291 3524 1401 3566 Stra·

163 3585 315 3630 bouem
332 3590 450 3638 XIV,
471 3603 514 3644 p.
534 3593 631 3640 666,
654 3590 831 3645 Appian.
853 3591 901 3631 B.
922 3590 970 3631 C.
991 3590 1049 3638 11,
1068 3601 1161 3641 119,
1182 3584 1398 3629 Stadiasm.

163 3651 189 3704 s
210 3653 309 3701 1083
333 3649 443 3691 idem
474 3651 602 3692 Tauri
626 3652 949 3707 promontorium
976 3665 1043 3706 ap.
1066 3650 1215 3692 Melam
1236 3650 1292 3700 Ῑῐ,
1314 3663 1339 3704 7
1361 3656 1402 3690 et

163 3711 272 3755 Plin.
292 3713 349 3764 V,
377 3713 428 3754 35
442 3744 453 3763 ,
471 3714 568 3768 quia
588 3714 773 3754 Taurum
794 3714 891 3754 hinc
915 3714 1077 3754 initium
1103 3725 1265 3753 sumere
1282 3718 1401 3767 puta·

165 3773 266 3817 bant
285 3773 359 3832 (V.
374 3774 523 3817 Strabo
542 3773 569 3815 Ι.
588 3773 654 3829 1.).
669 3776 731 3815 De
743 3774 885 3815 insulis
904 3788 943 3815 ν.
957 3774 1187 3829 Stephanus
1201 3787 1239 3814 v.
1254 3773 1311 3814 Χε
1322 3772 1401 3813 λι-

165 3837 354 3880 ὃόνιοι·
382 3835 456 3880 eloi
473 3836 539 3878 καὶ
557 3836 776 3878 Χελιδονίαι
805 3838 958 3891 πέτραι,
988 3834 1044 3877 ὧν
1079 3835 1265 3884 πολλάκις
1287 3833 1402 3890 ἐμνή-

166 3901 313 3955 σθημεν
327 3916 337 3925 ·
359 3900 428 3942 δύο
446 3900 487 3942 δέ
502 3898 575 3941 εἰσι
592 3897 824 3955 κεκλημέναι
842 3898 866 3950 ἦ
889 3898 955 3954 μὲν
981 3898 1190 3953 Κορῦδελα,
1216 3897 1240 3949 ἥ
1266 3897 1306 3939 δὲ
1321 3897 1401 3940 Με-

166 3962 387 4006 λανίππεια.
424 3962 489 4004 Cf.
524 3961 744 4004 Χελιδονίαι
778 3961 908 4016 πέτραι
940 3975 1007 4016 ap.
1047 3961 1218 4001 Lucian.
1254 3960 1398 4014 Navig.

168 4029 246 4081 57.
273 4029 314 4069 8.
345 4025 535 4069 Straboni
564 4039 607 4081 p.
632 4026 714 4075 466
739 4031 836 4065 sunt
858 4024 958 4079 τρεῖς
980 4025 1090 4075 νῆσοι
1120 4026 1311 4077 τραχεῖαι.
1334 4022 1397 4065 Cf.

1050 173 1333 222 SCYLACIS
1365 174 1823 228 cAnYANDENsls

1428 2951 1430 2968 ³
1470 2965 1589 2999 esset.
1610 2957 1818 3012 Scriptum
1839 2955 1962 2996 suerit
1980 2966 1991 2996 ε
2013 2953 2116 2996 ἔστιν
2135 2953 2308 3003 Φασελὶς
2328 2953 2445 3010 [ὄρος,
2465 2953 2530 2995 καὶ
2549 2953 2611 2997 ἐπὶ
2629 2956 2709 2999 θα-

2699 0 2705 86 2
2743 0 2782 110 1

2615 189 2709 252 (³⁹·)
2769 189 2782 208 ³

1535 300 1631 333 100.
1655 290 1811 333 Lxeu.
1828 290 1992 333 Cariam
2013 292 2165 348 excipit
2186 293 2311 349 Lycia
2332 294 2462 348 regio.
2484 295 2714 352 Lyciorum

1474 356 1660 399 civitates
1682 366 1782 400 sunt
1807 358 1872 400 hae
1892 371 1903 400 :
1925 358 2151 402 Telmissus
2187 375 2284 403 cum
2316 370 2443 418 portu
2476 371 2517 404 et
2554 363 2660 416 fluxi
2775 402 2782 408 γ.

1473 424 1682 478 numus,
1700 439 1777 483 pa
1793 440 1918 483 quem
1936 428 2154 483 navigatur
2166 428 2220 471 ad
2243 430 2484 485 [xanthum
2514 431 2654 475 urbem
2666 431 2708 490 13

1473 493 1621 535 Patara
1637 492 1739 535 urbs
1752 493 1771 551 [
1782 508 1874 551 quoe
1890 494 1906 551 ]
1927 495 2051 538 etiam
2069 505 2238 553 portum
2253 497 2404 550 haben
2429 498 2594 541 Phellus
2610 499 2715 544 urbs

1474 569 1740 618 cumportu;
1771 560 1932 618 objecta
1961 563 2060 606 huie
2091 566 2249 620 regioni
2283 566 2416 609 insula
2446 566 2711 613 Rhodiorum

1472 630 1662 685 Megista,
1687 632 1856 688 Limyra
1878 632 1993 685 urbs,
2015 634 2057 676 in
2072 648 2198 691 quam
2215 634 2389 678 adverso
2410 637 2582 679 flumine
2596 638 2717 681 navi·

1474 706 1595 753 gutur
1606 714 1619 750 ;
1632 698 1732 742 inde
1744 699 2013 753 Chelidonia,
2029 705 2365 758 promontorium
2379 713 2420 747 et
2436 706 2578 748 insuloe
2592 705 2709 758 duan

1474 766 1693 824 Dionysias
1724 768 1885 821 insula,
1918 772 2253 826 promontorium
2283 781 2325 815 et
2350 782 2495 830 portus
2522 773 2708 818 Siderus.
2764 803 2768 810 =

1473 835 1607 891 Supra
1618 833 1665 877 id
1674 843 1736 878 est
1750 835 1893 879 fanum
1912 837 2092 880 Vulcani
2110 839 2154 881 in
2176 849 2332 892 moute,
2355 841 2590 899 multusque
2605 843 2714 898 iguis
2771 850 2782 887 i

1474 910 1587 945 terra
1605 901 1742 945 editus
1761 902 1881 947 ardet
1910 918 1987 947 sua
2005 914 2169 962 sponte,
2193 922 2328 965 neque
2348 923 2532 966 unquam
2555 911 2711 953 exstin-
2773 913 2782 959 ξ

1472 970 1629 1024 guitur.
1646 969 1809 1025 Quodsi
1824 985 1849 1012 a
1864 972 1966 1014 mari
1986 971 2039 1014 ad
2057 974 2271 1030 superiora
2282 979 2545 1032 processeris,
2567 993 2715 1021 occur·
2771 974 2782 1029 ξ

1473 1041 1529 1082 rit
1542 1040 1563 1059 ¹*
1582 1039 1683 1081 urbs
1705 1040 1886 1083 Phaselis
1903 1055 2000 1083 cum
2018 1050 2170 1098 portu;
2192 1043 2308 1086 sinus
2327 1060 2424 1089 vero
2439 1047 2496 1090 ibi
2515 1057 2599 1100 oet,
2619 1058 2710 1091 tum
2775 1047 2782 1055 ⁴

1471 1108 1573 1150 urbs
1591 1107 1756 1164 Idyrus,
1786 1107 1919 1150 insula
1944 1110 2157 1166 Lyrnatia,
2178 1110 2317 1164 Olbia,
2346 1114 2548 1172 Magydus
2569 1125 2611 1159 et
2631 1118 2710 1159 ssu-

1473 1267 1532 1310 id.
1554 1283 1597 1325 p.
1640 1268 1736 1311 520.
1763 1268 1860 1310 651.
1890 1269 1986 1311 663.
2024 1273 2121 1326 677.
2154 1270 2258 1312 Tres
2288 1271 2412 1313 etiam
2439 1286 2505 1329 ap.
2536 1274 2709 1332 Dionys.

1471 1333 1565 1374 Per.
1593 1330 1688 1374 506.
1719 1333 1796 1374 128
1826 1338 1867 1373 et
1898 1331 2079 1374 Plinium
2097 1333 2154 1384 V,
2195 1332 2264 1375 35.
2287 1334 2372 1385 lx,
2394 1334 2470 1386 853
2494 1334 2714 1380 Χελιδονίαι

1469 1393 1654 1436 σκόπελοι
1673 1394 1785 1435 πέντε
1809 1402 1919 1436 recte
1940 1394 2117 1437 Ptolem.
2147 1396 2203 1445 V,
2237 1396 2278 1446 3,
2299 1410 2342 1452 p.
2371 1396 2468 1438 326.
2500 1396 2565 1439 Cf.
2587 1399 2711 1443 etiam

1473 1456 1691 1510 Agathem.
1708 1458 1745 1507 1,
1767 1459 1820 1507 4;
1847 1457 1989 1498 Livius
2009 1458 2212 1509 XXXIV,
2230 1460 2306 1509 41;
2330 1457 2588 1515 Stadiasm.§
2611 1464 2709 1514 2085

1469 1518 1598 1560 Solin.
1620 1534 1658 1561 c.
1678 1522 1754 1571 413
1772 1520 2009 1575 Geograph.
2031 1520 2143 1562 Nub.
2163 1534 2208 1577 p.
2230 1525 2324 1575 196.
2345 1523 2364 1575 ΙΙ
2380 1545 2437 1554 -
2456 1522 2715 1575 Διονυσιὰς

1474 1583 1527 1633 νῆ
1538 1596 1594 1622 σο
1607 1597 1623 1630 ς
1644 1582 1659 1638 ]
1677 1581 1835 1624 Plinius
1847 1583 1904 1632 V,
1923 1581 1974 1623 35
1994 1594 2005 1623 :
2027 1581 2230 1637 Dionysia
2237 1582 2363 1640 prius
2385 1584 2555 1627 Car-etha
2569 1585 2712 1638 dicta,-

1471 1641 1607 1685 Hodie
1638 1642 1856 1685 Grabousa
1904 1644 2040 1685 vocari
2078 1643 2239 1687 dicunt.
2282 1645 2524 1688 Ptolemaeus
2553 1648 2609 1699 V,
2660 1649 2682 1690 5
2697 1680 2710 1700 ,

1469 1718 1515 1761 p.
1539 1706 1638 1756 333,
1663 1718 1709 1747 11
1736 1703 1991 1761 Κράμὸουσαν
2021 1704 2272 1762 Pamphylia:
2294 1706 2469 1749 insulam
2492 1718 2711 1753 memorat.

1472 1766 1634 1821 Quodsi
1656 1767 1745 1809 haec
1766 1765 1910 1808 eadem
1934 1775 1996 1808 est
2014 1781 2109 1808 cum
2129 1775 2284 1820 nostra,
2308 1767 2506 1824 distingui
2530 1778 2640 1813 certe
2660 1771 2716 1814 ab

1470 1842 1518 1871 ea
1558 1828 1682 1871 debet
1719 1828 1952 1885 Κράμὸουσα
1987 1828 2205 1871 Stadiasmi
2231 1833 2255 1884 S
2291 1834 2371 1873 206
2403 1839 2445 1873 et
2482 1832 2710 1878 Strabonis.

1469 1905 1514 1948 p.
1540 1896 1637 1934 666.
1659 1892 1675 1945 11
1701 1891 2045 1948 -Σιδηροῦς]
2078 1892 2218 1949 Steph.
2247 1894 2346 1949 Byz.
2380 1893 2578 1950 Σιδαροῦς,
2602 1897 2715 1949 πόλις

1454 1948 1694 2009 [Anniadum
1720 1953 1856 2010 λιμήν.
1882 1956 1932 1996 111
1950 1953 2170 1996 Stadiasm.
2199 1958 2280 1997 206
2303 1964 2512 2012 corrupte,
2534 1966 2582 1999 ut
2599 1959 2713 2002 vide·

1471 2024 1555 2069 tur,
1592 2017 1859 2073 Ποσιδαριοῦς.
1887 2019 1905 2071 u
1929 2016 2122 2073 -ὓπὲρ
2156 2017 2331 2059 τούτου
2365 2017 2497 2060 ἐστὶν
2537 2019 2708 2079 ἱερὸν]

1471 2080 1530 2121 sic
1543 2079 1658 2132 ood.;
1670 2079 1761 2136 ὑπὲρ
1780 2079 1822 2121 δὲ
1840 2078 1977 2121 τούτου
1988 2079 2090 2135 ἱερὸν
2106 2078 2225 2122 editt.
2246 2082 2310 2123 De
2325 2095 2369 2122 re
2383 2081 2540 2124 Plinius
2551 2084 2609 2136 V,
2631 2087 2684 2128 28
2698 2099 2709 2127 ;

1472 2145 1527 2185 In
1542 2143 1670 2199 Lycia
1686 2142 1818 2196 igitur
1835 2158 1864 2184 a
1882 2143 2165 2201 promontorio
2183 2144 2271 2199 ejus
2302 2142 2503 2201 oppidum
2529 2144 2708 2198 Simena,

1473 2218 1587 2246 mons
1611 2204 1811 2247 Chimaera
1831 2204 2020 2247 noctibus
2027 2206 2234 2260 flagrans,
2254 2205 2538 2262 Hephoeseium
2555 2207 2713 2252 civitas

1472 2278 1511 2310 et
1532 2267 1626 2326 ipsa
1638 2282 1745 2325 ,ηερε
1755 2266 2184 2323 flagmneibusjugis.
2209 2266 2418 2325 Oppidum
2439 2267 2636 2327 Olympus
2653 2271 2714 2315 ibi

1461 2330 1573 2386 fuit.
1597 2330 1760 2373 Solinus
1791 2345 1830 2372 c.
1866 2333 1920 2380 42
1952 2342 1963 2372 :
1989 2329 2191 2383 Quoniam
2219 2338 2375 2371 natura
2396 2329 2545 2373 ibidem
2572 2332 2713 2375 subest

1475 2393 1606 2446 ignea,
1626 2393 1812 2435 Vulcano
1827 2392 1965 2434 urbem
1975 2391 2212 2449 proximam
2228 2392 2345 2448 Lycii
2361 2390 2571 2445 dicae-unt,
2587 2409 2713 2452 quam

1471 2456 1522 2497 cle
1535 2455 1735 2498 vocabulo
1747 2455 1815 2498 sui
1824 2454 2002 2497 nominis
2013 2454 2297 2512 Hephaestiam
2310 2463 2476 2499 vocant.
2493 2454 2710 2501 Stadium.

1472 2522 1495 2573 5
1519 2520 1599 2563 205
1625 2534 1746 2562 mons
1765 2527 1936 2561 vocatur
1954 2518 2171 2574 Olympus,
2204 2518 2271 2560 cui
2300 2516 2458 2574 adjacet
2489 2518 2709 2568 Φοινικοῦς.

1471 2582 1619 2624 Strabo
1639 2596 1683 2638 p.
1706 2585 1786 2636 667
1819 2581 2044 2637 Olympum
2064 2580 2227 2631 urbem,
2259 2588 2443 2622 montem
2461 2579 2711 2623 Phoenieun·

1472 2653 1555 2687 tem
1583 2644 1700 2687 dicit.
1732 2644 1805 2686 Ille
1827 2645 1953 2698 igitur
1983 2642 2185 2699 Olympus
2220 2642 2304 2683 sive
2335 2641 2555 2684 Phoeniet‘is
2591 2657 2711 2686 mons

1474 2708 1489 2765 (
1512 2722 1625 2750 nunc
1646 2706 1883 2757 Delikasch,
1905 2707 1934 2747 i.
1959 2720 1996 2747 e.
2023 2719 2143 2747 mons
2162 2703 2392 2760 perforatus
2409 2703 2423 2760 )
2443 2704 2567 2747 etiam
2585 2704 2711 2749 hodie

1470 2771 1585 2826 ignes
1602 2770 1713 2812 alens
1738 2767 1966 2826 (Beausort
1999 2781 2042 2823 p.
2069 2767 2141 2808 151
2169 2780 2261 2822 sqq.
2288 2765 2302 2822 )
2324 2774 2465 2808 nostro
2488 2765 2579 2809 loeo
2601 2769 2709 2812 indi·

1470 2840 1602 2874 eatur.
1622 2835 1715 2886 11-
1732 2829 2012 2887 προίλθῃς]
2034 2828 2245 2884 προσέλθῃς
2262 2827 2711 2884 οοά.1]--Φασηλ“ις

1470 2894 1634 2951 πόλις]
1660 2895 1757 2936 Haec
1792 2892 1996 2943 laborant,
2028 2905 2159 2947 quum
2189 2891 2367 2933 Phaselis
2402 2890 2455 2932 ad
2488 2905 2601 2934 mare
2633 2895 2709 2938 sita

1470 3017 1613 3075 λάσσῃ,
1637 3017 1834 3072 Φασελίς]
1858 3015 1983 3065 πόλις.
2014 3018 2031 3070 ΙΙ
2049 3039 2107 3047 -
2123 3013 2227 3056 ἔστι
2246 3014 2294 3056 δὲ
2320 3018 2471 3057 τοῦτο
2495 3016 2706 3075 κόλπος]

1470 3094 1529 3122 sc.
1551 3087 1705 3121 tractus
1722 3079 1794 3135 qui
1816 3086 1876 3120 est
1905 3093 1928 3119 a
1950 3075 2170 3120 Siderunte
2191 3091 2327 3133 prom.
2348 3076 2402 3119 ad
2434 3077 2706 3124 Phaselidem.

1470 3142 1581 3185 Μετὰ
1603 3145 1717 3184 τοῦτο
1735 3140 1845 3197 conj.
1866 3140 2046 3192 Gailius,
2069 3138 2167 3182 κατὰ
2190 3143 2303 3181 τοῦτο
2322 3141 2510 3193 Vossius,
2541 3140 2595 3184 de
2613 3143 2708 3186 sinu

1471 3205 1701 3263 Pamphilio
1720 3205 1958 3259 cogitantes.
1975 3203 2137 3245 Mallem
2157 3204 2215 3244 sic
2245 3204 2355 3259 ipse,
2373 3211 2415 3246 at
2432 3218 2537 3260 opus
2551 3219 2602 3247 eo
2623 3220 2707 3250 non
2758 3211 2759 3214 ’

1470 3275 1546 3310 est.
1563 3266 1866 3323 ΙΙ-’Ὶδυρος
1900 3265 2075 3322 πόλις]
2098 3266 2237 3322 Steph.
2260 3267 2356 3321 Byz.
2386 3279 2396 3307 :
2421 3266 2582 3324 Ἴδυρος,
2600 3267 2711 3319 πόλις

1470 3330 1536 3372 καὶ
1550 3330 1721 3387 ποταμὸς
1736 3329 1974 3386 Παμφυλίας·
2001 3326 2219 3377 Ὶίκαταῖος·
2234 3330 2258 3381 ἢ
2276 3329 2340 3370 καὶ
2360 3327 2494 3386 Ἰδυρίς
2506 3329 2705 3383 ὀξυτόνως.
2761 3327 2767 3371 s

1470 3393 1526 3435 Tb
1545 3393 1693 3436 ἰθνικδν
1716 3391 1898 3448 Ἰδυρίτης
1917 3396 1971 3448 τῷ
1991 3390 2096 3447 τύπῳ
2118 3395 2194 3432 τῶν
2220 3389 2270 3439 εἰς
2294 3406 2338 3439 ις.
2358 3391 2423 3434 Ad
2440 3391 2527 3434 haec
2547 3393 2704 3437 Meine·
2752 3411 2760 3438 ·,

1473 3454 1590 3498 kius:
1618 3476 1635 3492 ·
1665 3455 1854 3498 Fluvium
1870 3454 2159 3507 cognominem
2185 3462 2386 3495 memorat
2398 3462 2437 3495 et
2460 3454 2710 3511 Pamphyliae
2755 3486 2758 3489 <

1472 3517 1667 3561 adscribit
1681 3517 1956 3573 Theophrast.
1979 3518 2041 3558 Dc
2065 3524 2174 3557 vent.
2199 3517 2266 3567 53,
2286 3530 2329 3572 p.
2352 3518 2432 3573 778
2454 3530 2463 3558 :
2489 3515 2652 3575 Ἕτερόν
2671 3532 2708 3560 τι
2751 3508 2760 3574 Δ,

1471 3584 1622 3637 πνεῦμα
1637 3580 1839 3635 πελάγιον,
1857 3581 1984 3634 ὥσπερ
2003 3578 2068 3620 καὶ
2086 3579 2171 3634 περὶ
2189 3579 2256 3620 τὸν
2277 3577 2527 3635 Παμφυλικὸν
2543 3578 2703 3622 κόλπον·
2759 3612 2764 3627 ,-

1474 3644 1591 3686 ἕωθεν
1610 3644 1676 3699 μὲν
1702 3644 1776 3700 γὰρ
1803 3644 1904 3698 δὺρις
1922 3642 2159 3698 καλούμενος
2186 3641 2261 3684 ἀπὸ
2283 3646 2351 3683 τοῦ
2366 3645 2543 3698 ποταμοῦ
2563 3640 2708 3699 Ἰὃῦρου
2742 3617 2782 3675 3

1473 3709 1691 3763 πνεῖμέγας
1705 3708 1767 3748 καὶ
1783 3707 1913 3754 πολύς.
1928 3705 2010 3747 Ubi
2024 3719 2107 3746 non
2123 3706 2243 3760 Δύρου
2253 3704 2516 3746 scribendum
2526 3718 2603 3762 pro
2616 3702 2711 3746 Ἰδύ·
2760 3695 2774 3717 ⁴

1473 3785 1556 3827 pou,
1575 3779 1620 3811 ut
1635 3770 1776 3811 volunt
1792 3769 1969 3810 editores
1983 3767 2178 3824 Stephani
2192 3767 2274 3809 Th.
2293 3769 2341 3809 L.
2361 3768 2437 3809 Gr.
2453 3769 2508 3818 11,
2521 3781 2565 3824 p.
2583 3778 2704 3822 1721),
2744 3788 2747 3791 ¹
2773 3760 2778 3767 ’

1472 3833 1543 3875 sed
1565 3833 1701 3889 '162ng
1719 3847 1795 3889 pro
1814 3832 1936 3887 Δόρις,
1970 3829 2083 3887 quod
2111 3830 2219 3872 venti
2238 3844 2389 3871 nomen
2409 3843 2451 3885 p.
2473 3830 2524 3871 25
2540 3841 2685 3884 compo
2699 3828 2770 3868 f„

1474 3897 1654 3938 ravimus
1685 3910 1778 3937 cum
1807 3894 1963 3936 sliotico
2003 3893 2114 3934 venti
2155 3892 2324 3934 nomine
2353 3889 2533 3941 Θήὸανις.
2572 3886 2701 3929 Situm

1475 3958 1587 3999 urbis
1604 3957 1713 4012 Idyri
1737 3964 1925 3998 accumte
1943 3969 2164 4009 cognoscas
2178 3969 2201 3995 e
2222 3952 2395 4008 Scylaeis
2421 3949 2527 4001 loco,
2546 3961 2596 3989 ex
2616 3957 2702 4002 quo

1473 4035 1562 4062 eam
1581 4021 1685 4060 inter
1701 4017 1954 4061 Phaselidem
1977 4025 2017 4058 et
2036 4017 2197 4058 Olbiam
2225 4017 2342 4056 sitam
2371 4013 2492 4054 fuisse
2516 4004 2702 4063 intelligi-
