2756 4354
902 167 1024 213 ADD
1032 169 1110 214 EN
1118 169 1197 215 DA
1235 172 1308 216 ET
1343 173 1563 221 CORRlG
1571 179 1644 222 EN
1654 177 1748 223 DA.

49 297 181 352 picea
207 294 266 336 du
282 295 364 336 roi.
389 309 408 330 »
429 312 488 323 —
511 285 795 348 Σφένδαμνος,
819 291 933 331 Acer
949 300 1192 347 campestre
1210 301 1287 335 aut

55 367 454 426 monspessulanum
472 370 550 406 aut
571 363 816 406 obtusatum
849 371 926 406 aut
955 369 1189 407 tataricum
1210 374 1287 409 aut

54 441 251 500 denique
282 436 538 496 complures
565 436 729 480 harum
762 435 1037 495 specierum.
1065 462 1129 471 —
1148 435 1283 497 Ζυγία

56 519 258 573 carpinus
268 513 444 564 betulus,
473 511 756 563 Hainbuclze;
775 524 872 554 eam
890 509 1139 555 arborem
1126 527 1175 555 111
1198 510 1283 555 bo-

53 588 164 634 reali
181 585 356 631 Graecia
367 585 633 645 provenire,
659 600 755 629 non
773 585 882 628 item
898 585 947 628 in
968 585 1282 641 meridionali,

52 663 133 708 ubi
155 677 294 722 quum
317 659 369 705 τὰ
389 659 490 720 ζυγὰ
513 676 570 705 ex
589 675 717 705 acere
740 661 984 720 campestri
1009 660 1283 708 fabricaren-

52 748 141 792 tur,
167 735 284 797 ζυγία
303 752 397 781 vox
416 737 551 781 etiam
570 735 626 781 de
649 751 778 781 acere
796 746 1015 796 usurpata
1031 737 1103 784 sit.
1127 764 1190 773 —-
1208 739 1288 785 Κέ-

51 813 163 873 δρος,
178 817 413 870 juniperus
441 813 694 868 oxycedrus,
723 814 791 858 W
787 812 1042 854 achholder.
1062 810 1286 874 -Ἄγρια

18 923 20 926 ,
51 885 198 948 λείρια,
219 889 358 930 lilium
371 889 608 930 candidum
629 897 672 931 et
690 889 1004 941 Carneolic’um,
1028 891 1284 935 Feldlih'en.

50 988 112 995 —
126 951 339 1023 Λυχνῖδὲς,
357 963 659 1018 Liclzmellcen,
679 974 974 1020 agrostemma
989 971 1283 1013 cononarium.

51 1036 78 1093 §
105 1036 130 1079 3
149 1051 233 1095 pro
257 1034 422 1097 δένδρου
443 1036 586 1082 Meier
607 1037 798 1096 conjicit
830 1037 1014 1100 θύμὸρου
1037 1041 1286 1097 (Saturejoe

52 1112 259 1167 Tymbroe
276 1109 307 1172 ),
332 1111 501 1156 collato
521 1111 752 1156 Nicandro
765 1112 804 1155 T
807 1112 973 1158 heriac.
995 1113 1101 1160 533.
1123 1114 1185 1160 Τὸ
1204 1133 1286 1159 πα-

49 1182 167 1235 νακὲς
188 1185 409 1247 Χειρώνιον
441 1186 727 1231 Dioscoridis
753 1186 764 1248 (
786 1189 1048 1245 Hypericum
1075 1190 1286 1248 Ob‘mpi-

48 1275 144 1303 cum
157 1261 202 1320 Ρ)
220 1259 585 1321 componendum
599 1261 856 1320 suspicatur
869 1277 968 1305 cum
986 1262 1140 1322 planta
1150 1279 1286 1322 quam
1312 1308 1316 1312 ,

49 1335 76 1394 5
99 1351 152 1380 10
177 1351 246 1396 sq.
273 1335 495 1381 describit
517 1337 823 1382 Dicaearchus.
851 1338 945 1396 Ego
964 1339 1119 1384 nescio
1137 1355 1194 1384 an
1212 1342 1238 1399 5
1260 1342 1284 1385 3

49 1411 340 1457 scribendum
365 1414 422 1458 sit
437 1410 533 1472 (καὶ
554 1413 644 1474 ῥίζα
666 1411 708 1457 δὲ
725 1411 779 1474 )ἡ
801 1412 916 1475 ἄρου,
934 1414 1046 1459 adeo
1069 1425 1119 1459 ut
1138 1415 1286 1460 inclu-

49 1503 100 1533 sa
121 1488 215 1533 sint
249 1491 482 1547 glossema.
503 1513 567 1523 —
600 1489 625 1547 5
653 1495 678 1540 4
703 1487 859 1550 κάρπὸν
891 1489 1069 1545 ἀκάνθης
1096 1490 1159 1537 Μ.
1192 1491 1285 1537 dici

50 1573 202 1607 censet
240 1566 426 1607 Ruscum
465 1566 740 1618 aculeatum,
780 1562 854 1617 τὴν
879 1562 1151 1625 ὀξυμυρσίνην
1188 1567 1285 1611 sive

49 1635 339 1698 μυρτᾶκανθαν
358 1637 646 1682 Dioscoridis
667 1638 743 1694 IV,
770 1644 874 1690 144.
891 1626 898 1633 ¹

112 1714 507 1761 Aen-nummulis.
530 1714 584 1758 P.
609 1722 712 1771 141,
737 1715 767 1759 Ι.
794 1732 812 1759 1
833 1715 883 1760 in
900 1726 994 1761 not.
1019 1717 1145 1761 dele:
1173 1720 1286 1774 Quae

50 1794 175 1850 apud
198 1794 487 1838 Diodorum...
520 1797 794 1851 interposita.
813 1818 874 1826 —-
904 1793 957 1839 P.
1001 1794 1105 1854 168,
1124 1795 1212 1840 col.
1237 1812 1282 1850 2,

47 1867 81 1913 l'.
109 1884 159 1911 11
187 1867 245 1912 ab
269 1869 378 1923 ima,
405 1885 489 1928 pro
527 1872 880 1917 Artemidorus...
921 1882 1131 1914 memoret
1147 1871 1245 1929 lege
1272 1888 1282 1915 :

47 1943 224 1985 Plt‘nius
240 1931 287 1986 ei
300 1946 600 1987 Artemidorus
621 1955 873 1990 memorent.
893 1969 956 1978 -—
974 1944 1028 1988 P.
1053 1961 1156 2001 170,
1179 1946 1211 1991 l.
1240 1946 1283 1992 5.

42 2016 234 2068 ,τοπάζιον
250 2017 266 2076 ]
285 2018 350 2063 De
378 2027 540 2078 topazo
562 2018 715 2078 lapide
743 2018 1099 2077 Agatharchides
1126 2019 1282 2063 lauda-

47 2100 123 2135 tul
145 2092 196 2136 in
217 2091 392 2136 scholio
409 2092 465 2136 ad
490 2093 713 2138 Clement.
739 2094 871 2137 Alex.
908 2093 1088 2152 Paedag.
1114 2093 1176 2149 11,
1210 2110 1279 2148 12,

46 2183 93 2227 p.
123 2174 232 2222 241,
251 2167 376 2227 quod
398 2168 543 2213 edidit
570 2169 782 2213 Bastius
770 2185 819 2213 1n
842 2169 974 2228 epist.
998 2170 1101 2215 crit.
1120 2186 1167 2229 p.
1196 2171 1278 2221 134

12 2241 117 2285 *ed.
139 2241 266 2334 Lips
297 2259 306 2287 :

46 2334 84 2360 οι
103 2334 147 2361 τε
170 2316 249 2378 γὰρ
268 2318 460 2378 λυχνῖται
486 2321 660 2362 τοιοῦτοι
679 2335 749 2361 και
769 2318 805 2361 οἷ
820 2316 1016 2378 ἄνθρακες
1033 2316 1103 2361 καὶ
1125 2319 1160 2361 οἱ
1180 2316 1281 2374 ἀμέ-

339 2241 618 2304 Ἒκψήγματοι
637 2246 712 2302 γῆς
729 2242 880 2294 πάντες
905 2245 941 2287 οἱ
959 2242 1064 2286 λίθοι
1087 2245 1123 2287 οἱ
1140 2242 1282 2301 τίμιοι·

50 2397 203 2447 θυστοι,
219 2391 320 2453 πρὸς
343 2391 498 2443 τούτοις
522 2392 592 2436 καὶ
613 2394 649 2436 οἱ
669 2391 864 2453 βήρυλλοί
883 2409 926 2436 τε
953 2390 1025 2436 καὶ
1050 2391 1283 2452 σμάραγδοι

47 2467 118 2512 καὶ
139 2467 321 2513 ὕάκινθοι
355 2467 426 2512 καὶ
454 2468 604 2519 πάντες
636 2466 801 2529 σχεδόν.
824 2465 883 2513 Οἵ
901 2485 947 2527 γε
977 2467 1058 2526 μὴν
1084 2466 1279 2526 τόπαζοι,

47 2538 86 2582 εἴ
108 2556 147 2582 τι
179 2537 260 2600 χρὴ
302 2537 511 2583 πείθεσθαι
536 2536 891 2600 Ἀγαθαρχίδῃ
929 2540 986 2598 τῷ
1009 2537 1062 2582 τὰ
1087 2536 1182 2598 περὶ
1210 2540 1282 2592 τῆς

48 2613 247 2675 Ἐρυθρᾶς
264 2613 529 2675 ἵστορήσαντι
551 2613 761 2669 θαλάσσης
776 2648 787 2668 ,
815 2612 940 2672 μέσον
973 2613 1281 2674 ἀνευρίσκονται

46 2690 126 2732 τῶν
157 2687 371 2750 παραλίων
394 2688 524 2749 ταύτῃ
544 2690 720 2750 πετρῶν.
750 2688 1037 2747 Quamquam
1060 2687 1158 2732 haec
1189 2703 1282 2732 non

48 2778 106 2808 ex
123 2778 176 2808 eo
199 2764 320 2820 loco,
342 2763 426 2808 ubi
447 2763 503 2808 de
527 2764 721 2824 topazon
746 2763 897 2807 insula
924 2761 1280 2820 Agatharchides

50 2837 182 2893 dixit,
192 2837 399 2883 desumta
418 2853 517 2883 esse
536 2838 767 2883 videntur.
783 2863 846 2871 —-
862 2837 915 2883 P.
942 2838 1045 2892 176,
1063 2837 1092 2880 l.
1120 2853 1160 2882 1.
1175 2838 1282 2882 Φοι·

46 2913 245 2973 νικῶνος]
277 2913 530 2967 Palmetum
557 2913 645 2958 hoc
681 2929 776 2957 non
807 2913 863 2956 ad
885 2912 1155 2956 hodiernam
1202 2915 1287 2955 Tor

48 2989 227 3045 urbem,
253 2990 332 3035 sed
347 2991 397 3035 in
423 2993 563 3037 Wadi
583 2993 740 3043 Firan,
762 2999 806 3033 et
821 3003 943 3033 aram
957 2987 1155 3047 Neptuni
1176 3003 1283 3045 pro-

48 3063 266 3109 babiliter
302 3065 359 3110 ad
385 3069 476 3109 Ras
502 3068 699 3109 Zelimar
723 3063 1001 3125 pertinuisse
1028 3062 1285 3122 suspicatur

52 3137 260 3201 Lepsius,
284 3139 439 3196 Briefe
468 3157 550 3183 aus
567 3144 788 3199 AEgypten
817 3155 864 3199 p.
898 3139 1001 3192 443.
1019 3162 1082 3171 -
1101 3137 1154 3180 P.
1183 3139 1282 3192 184,

48 3215 81 3256 l.
102 3229 147 3267 2,
171 3213 253 3258 ubi
276 3214 332 3259 de
353 3215 495 3259 fluvio
512 3215 735 3259 aurifero,
757 3212 988 3258 Wellsted.
1009 3214 1185 3256 Travels
1211 3210 1255 3254 II
1270 3245 1281 3266 ,

49 3303 96 3347 p.
123 3286 229 3344 154,
261 3305 355 3333 non
389 3290 523 3348 longe
561 3306 586 3334 a
621 3289 786 3348 Magna
807 3303 905 3333 esse
942 3296 1097 3331 narrat
1126 3288 1283 3329 Mersa

51 3363 238 3417 Dahab,
264 3363 295 3410 i.
324 3379 364 3408 e.
392 3375 577 3424 portum
594 3380 797 3424 aureum,
817 3384 835 3403 «
862 3363 975 3407 from
995 3362 1070 3406 the
1087 3361 1284 3405 circum-

52 3446 205 3481 stance
227 3437 279 3480 of
291 3437 365 3482 the
392 3439 505 3483 sand
522 3440 573 3483 in
588 3440 647 3484 its
671 3439 868 3498 vicinity
898 3436 1164 3494 containing
1186 3435 1282 3495 yel-

51 3512 160 3566 low,
191 3511 400 3571 shining‚
427 3515 684 3560 micaceous
720 3514 962 3575 particles,
1009 3513 1188 3571 exactly
1214 3526 1283 3556 re-

53 3586 279 3644 sembling
311 3587 405 3632 that
435 3590 647 3649 precious
679 3591 831 3636 metal.
858 3610 878 3630 »
921 3590 986 3634 De
1017 3604 1129 3634 auro
1159 3586 1282 3646 quod

51 3664 102 3707 in
129 3663 300 3707 Arabia
323 3666 518 3725 reperiri
545 3682 782 3728 perperam
807 3668 1021 3722 traditur,
1052 3666 1111 3712 cf.
1138 3665 1284 3709 Ritter

53 3736 167 3792 XlV,
181 3753 225 3797 p.
248 3738 354 3791 408.
380 3741 706 3792 416.-—Debae
721 3742 844 3801 (sive
862 3741 1059 3787 Dedebae
1079 3742 1128 3785 in
1143 3739 1278 3785 Phot.

54 3812 186 3859 codd.
205 3810 218 3874 )
239 3812 447 3859 Forstero
470 3815 483 3874 (
504 3818 659 3873 Geogr.
685 3817 746 3873 of
759 3821 924 3862 Arabm
946 3817 1010 3871 11,
1028 3833 1076 3878 p.
1105 3817 1156 3860 13
1171 3833 1184 3859 1
1208 3830 1279 3874 sq.

53 3896 158 3930 sunt
189 3906 207 3927 «
234 3887 308 3932 the
327 3888 446 3933 tribe
464 3889 519 3934 of
529 3890 604 3935 the
624 3894 844 3948 Zebeyde,
866 3908 954 3938 one
973 3892 1028 3936 of
1037 3891 1110 3936 the
1127 3906 1283 3935 nume-

55 3974 160 4006 rous
181 3962 402 4009 branchos
428 3964 481 4009 of
510 3964 585 4010 the
608 3976 733 4024 great
770 3968 891 4013 Har-L·
918 3967 1093 4014 nation.
1135 3966 1279 4010 Burk-

2461 221 2570 254 ext!

1360 291 1493 336 hardt
1513 308 1767 355 lweplesents
1792 297 1865 343 the
1879 302 2079 356 Zebeyde
2104 320 2150 348 as
2178 324 2418 370 occupants
2436 321 2486 362 of
2505 323 2576 368 the

1362 379 1554 427 country
1577 369 1779 415 between
1798 371 1972 417 Yembo
1997 376 2084 419 and
2109 377 2274 427 Leith..
2285 386 2421 430 ,ΤΙιε
2450 396 2576 438 ten-1

1362 449 1465 499 toty
1506 443 1558 485 of
1587 443 1661 487 the
1683 444 1926 505 Zebeyde..
1957 448 2050 492 will
2093 448 2151 494 be
2183 452 2344 510 found,
2376 460 2464 505 like
2489 466 2578 511 that

1361 515 1570 572 assigned
1592 526 1636 560 to
1656 518 1730 562 the
1754 519 1947 564 Dedebae
1965 520 2029 580 by
2050 522 2292 579 Diodorus,
2310 538 2353 571 to
2372 530 2428 575 be
2451 550 2576 580 accu-

1357 588 1503 646 rately
1537 587 1738 635 bisected
1776 592 1839 651 by
1864 593 1937 638 the
1967 597 2201 652 Boulinoi,
2228 599 2378 646 whose
2405 607 2510 660 r,eal
2529 626 2581 652 or

1361 663 1618 722 supposed,
1645 675 1827 722 stream,
1856 669 1956 713 falls
1981 672 2076 714 into
2098 670 2172 715 the
2197 674 2395 720 Arabiam
2417 681 2518 736 gulf
2542 694 2582 725 at

1357 735 1584 795 Djidda.»

1420 812 1638 857 ΑΝοΝΥΜῙ
1657 813 1938 863 Pmmnsm.
1974 818 2026 861 P.
2064 825 2152 870 224
2177 837 2241 866 vs.
2267 840 2351 877 710
2387 826 2499 872 adde
2536 830 2581 874 in

1357 897 1448 931 not.
1475 901 1487 933 ε
1513 889 1806 948 στενωποῦ]
1850 891 2102 937 στενωτάτου
2144 895 2308 952 codex3
2353 915 2438 944 em.
2475 902 2584 947 Mei-

1356 962 1469 1006 neke
1491 962 1540 1006 in
1558 962 1734 1008 Vindic.
1761 963 1972 1011 Strabon.
1986 982 2031 1025 p.
2047 967 2268 1016 250.—P.
2294 974 2379 1016 228
2390 990 2456 1021 vs.
2474 993 2578 1034 790.

1356 1035 1422 1082 Cf.
1438 1046 1531 1083 not.
1544 1037 1599 1081 ad
1617 1037 1810 1096 Anon.§
1834 1040 1892 1082 68
1913 1055 1959 1099 p.
1983 1046 2088 1092 420.
2115 1069 2175 1076 —
2198 1043 2250 1089 P.
2277 1061 2364 1104 229
2385 1064 2451 1094 vs.
2476 1051 2579 1096 806.

1355 1112 1528 1166 Quodsi
1563 1116 1703 1159 verba
1733 1113 1888 1160 Ὀλὸία
1911 1115 2047 1161 Σαὸία
2075 1133 2129 1162 ex
2155 1119 2459 1182 dittographia
2485 1137 2583 1170 orta

1355 1203 1452 1232 esse
1486 1189 1713 1247 nolueris,
1741 1188 1922 1234 Olbiam
1972 1206 1997 1234 a
2023 1193 2190 1238 vicinis
2228 1195 2344 1240 Saiis
2387 1199 2484 1243 sive
2507 1200 2584 1245 Sa-

1332 1263 1445 1308 .viis
1486 1262 1648 1307 Σαὸίαν
1691 1264 1857 1308 dictam
1894 1267 1992 1310 esse
2027 1277 2171 1326 putes.
2203 1295 2254 1303 —-
2285 1270 2335 1315 P.
2366 1273 2447 1315 231
2483 1286 2584 1333 post

1355 1354 1425 1383 vs.
1455 1339 1543 1391 834
1575 1340 1654 1384 alii
1690 1340 1781 1384 duo
1813 1356 1974 1386 versus
1998 1343 2225 1403 ponendi,
2249 1361 2363 1403 quos
2383 1362 2439 1390 ex
2462 1349 2580 1393 Ano-

1355 1430 1494 1473 nymo
1518 1415 1656 1459 elicui
1681 1416 1729 1459 in
1755 1415 1966 1475 Prolegg.
1998 1433 2044 1478 p.
2071 1435 2196 1464 cxw.
2216 1444 2278 1453 —-
2309 1420 2358 1464 P.
2402 1423 2489 1467 232
2516 1439 2583 1471 vs.

1358 1490 1447 1534 862
1477 1506 1544 1550 sq.
1588 1511 1606 1530 α
1635 1491 1741 1536 Haec
1767 1507 1915 1552 neque
1937 1493 2164 1539 cohaerent
2180 1505 2224 1539 et
2247 1496 2410 1540 misere
2428 1496 2585 1556 juncta

1356 1566 1508 1623 arguit
1531 1576 1621 1610 tam
1641 1566 1955 1627 interpunctio
1978 1584 2045 1613 vs.
2080 1570 2166 1613 862
2193 1585 2326 1628 quam
2353 1561 2584 1617 'contortus

1353 1640 1433 1684 ille
1455 1640 1702 1703 verborum
1736 1643 1912 1703 positus
1948 1635 2052 1688 εἷναί
2087 1662 2185 1705 φησι
2209 1645 2249 1689 δὲ
2276 1662 2284 1688 :
2312 1662 2581 1707 quamquam

1356 1714 1533 1774 majora
1550 1731 1687 1761 ausus
1703 1716 1977 1768 Letronnius
2005 1735 2015 1762 ε
2038 1718 2245 1772 καλοῦσιν.
2268 1718 2376 1771 ἔθνος
2398 1722 2584 1780 εὔσημό-

1354 1808 1476 1835 τατον
1498 1790 1542 1836 δέ
1556 1809 1657 1855 φησι
1673 1792 1736 1840 τὸ.
1763 1794 1819 1838 At
1833 1803 2026 1853 utraque
2041 1793 2246 1839 membra
2260 1796 2448 1840 seorsim
2468 1806 2583 1841 stare

1354 1867 1487 1912 docet
1504 1868 1703 1913 Palatini
1728 1869 1876 1928 prima
1898 1870 2033 1914 lectio
2053 1869 2332 1928 εὐσημότατον
2359 1863 2464 1915 εἶναί
2484 1888 2582 1933 φησι

1355 1943 1436 1985 τῶν
1462 1944 1746 2004 Σαυροματῶν
1772 1958 1782 1989 :
1806 1959 1909 1988 nam
1932 1941 1973 1989 δὲ
1997 1954 2041 1988 et
2056 1943 2101 1988 τὸ
2121 1945 2241 1989 inter
2261 1959 2419 1990 versus
2442 1945 2582 1990 altera

1353 2031 1512 2061 manus
1548 2018 1717 2075 posuit.
1748 2018 1893 2063 Periit
1929 2018 2070 2076 igitur
2094 2018 2298 2063 senarius
2321 2019 2441 2063 unde
2475 2034 2582 2079 pen·

1352 2090 1460 2136 dent
1488 2093 1706 2150 genitivi3
1743 2093 1892 2138 voluit
1920 2103 2066 2138 autem
2090 2098 2358 2154 Anonymus
2385 2096 2462 2155 (p.
2493 2097 2579 2147 413

1352 2165 1434 2211 lin.
1464 2167 1519 2210 33
1537 2167 1549 2224 )
1571 2183 1580 2209 :
1605 2165 1712 2217 ἔθνος
1731 2167 2010 2226 εὖσημότατον
2033 2159 2136 2211 εἷναί
2151 2186 2250 2230 φησι
2266 2171 2361 2216 τῶν.
2383 2170 2432 2214 Σ.
2454 2170 2543 2213 κτλ.
2563 2190 2596 2212 ν.

1350 2241 1615 2296 Bernhardy
1637 2241 1838 2286 Analect.
1859 2257 1905 2300 p.
1934 2257 2008 2296 27.

1475 2318 1737 2360 DioNYsms.
1758 2315 1812 2361 P.
1842 2316 1932 2359 238
1949 2316 1997 2358 in
2015 2325 2109 2362 not.
2134 2327 2236 2375 post
2261 2316 2404 2361 verba
2428 2333 2439 2360 :
2471 2329 2585 2361 eruet

1349 2389 1553 2432 Lehrsius
1595 2389 1710 2432 adde
1747 2406 1756 2432 :
1797 2394 1840 2431 itz
1879 2390 2034 2434 Rhein.
2069 2391 2187 2435 Mus.
2227 2389 2299 2448 ΙΙ,
2337 2391 2387 2444 3,
2413 2406 2456 2450 p.
2488 2391 2576 2443 354

1349 2465 1363 2523 (
1388 2479 1460 2508 an.
1495 2463 1660 2523 1843).

1475 2537 1764 2582 IstnonusP.
1782 2538 1890 2595 248,
1907 2537 1937 2582 l.
1952 2553 1974 2591 7
1991 2553 2000 2579 ε
2018 2534 2109 2598 κδ’]
2123 2536 2325 2582 Debebat
2340 2548 2580 2600 excerptor

1352 2611 1423 2674 ιβ’.
1451 2612 1503 2659 V.
1523 2613 1735 2670 Prolegg.
1772 2629 1816 2672 p.
1841 2628 2047 2658 Lxxxvu.
2073 2638 2136 2647 -
2168 2613 2222 2659 P.
2258 2613 2365 2668 251,
2391 2614 2424 2658 1.
2449 2631 2473 2670 7
2500 2616 2580 2660 ἀπο

1350 2685 1526 2748 σχοίνων
1548 2685 1580 2739 ζ’
1602 2686 1621 2746 ]
1646 2686 1763 2730 Ante
1786 2686 1880 2731 haec
1905 2697 1981 2731 aut
2000 2686 2221 2731 nonnulla
2243 2686 2574 2743 desiderantur,

1351 2772 1428 2807 aut
1443 2771 1687 2822 corruptus
1707 2772 1774 2806 est
1790 2777 2021 2806 numerus.

1475 2838 1698 2883 anpms
1724 2837 1871 2883 Mnus
1898 2837 2154 2881 Emvrnnm.
2181 2837 2232 2883 P.
2255 2837 2341 2893 257
2379 2839 2404 2896 §
2433 2854 2473 2894 1,
2498 2837 2529 2882 1.
2554 2846 2578 2891 4

1352 2914 1433 2959 ἀπὸ
1452 2913 1597 2975 χιλίων
1622 2915 1711 2959 ὀκτ.
1734 2912 1844 2972 ]Cf.
1863 2912 2076 2971 Prolegg.
2100 2928 2147 2972 p.
2174 2927 2304 2967 LXIX,
2333 2923 2428 2957 not.
2460 2930 2500 2959 1.
2519 2939 2580 2947 —

1350 2991 1402 3036 P.
1428 2990 1538 3046 258,
1564 2991 1596 3037 l.
1633 2991 1676 3034 6.
1700 2988 1856 3034 Codex
1885 2989 2004 3033 inter
2026 3003 2161 3034 voces
2191 2989 2323 3049 μερῶν
2344 2999 2387 3033 et
2409 2991 2481 3042 σῆς
2509 3006 2578 3046 μι-

1351 3066 1446 3128 κρόν
1481 3066 1618 3112 habet
1647 3066 1845 3127 spatium
1868 3079 2064 3110 vacuum
2099 3065 2209 3107 8-10
2241 3065 2490 3108 literarum.
2517 3090 2578 3097 —-

1352 3142 1406 3186 P.
1443 3141 1551 3200 259,
1593 3141 1625 3187 1.
1664 3157 1692 3200 9
1714 3138 1927 3202 πρόκειται
1949 3139 1966 3199 ]
2007 3137 2245 3199 πρόσκειται
2284 3153 2404 3181 man.
2432 3137 2570 3196 prim.

1353 3216 1454 3261 cod.
1480 3242 1544 3251 —
1561 3216 1611 3260 P.
1633 3217 1742 3270 261,
1773 3232 1791 3258 1
1823 3230 1916 3259 vox
1935 3211 2132 3272 ἀμμειναὶ
2151 3212 2200 3255 in
2228 3210 2383 3255 codice
2404 3225 2575 3270 expun-

1352 3291 1645 3339 ctaest.-—P.
1665 3290 1819 3344 262,1.
1879 3286 2227 3349 Ἀραὸικῆςᾙθς.
2248 3284 2572 3346 ΡυῑοἈριακῆς,

1350 3369 1514 3414 Eadem
1538 3367 1745 3412 confusio
1761 3382 1809 3426 p.
1835 3364 1974 3423 2891.
1997 3380 2066 3418 17.
2085 3362 2215 3405 —P.
2238 3362 2344 3416 263,
2377 3378 2394 3404 1
2420 3378 2575 3421 μονοχη

1352 3444 1496 3488 codex
1518 3443 1617 3487 sine
1643 3457 1736 3490 acc,
1757 3440 1829 3483 An
1858 3436 2084 3497 μολοχίνηὲ
2103 3461 2164 3470 -
2183 3435 2247 3479 P<
2261 3436 2366 3488 263,
2389 3451 2414 3477 2
2432 3433 2578 3478 καυνά-

1349 3537 1418 3563 και
1440 3517 1457 3576 ]
1476 3515 1680 3577 γαυνάκαι
1702 3514 1825 3569 cod.;
1863 3511 2027 3557 deinde
2053 3526 2140 3570 pro
2170 3508 2240 3554 καὶ
2279 3507 2477 3569 μολόχινα
2502 3507 2573 3552 καὶ

1351 3591 1525 3643 σινδόνες
1566 3592 1652 3649 leg.
1691 3599 1803 3650 puto
1830 3586 2044 3648 μολόχιναι
2081 3583 2270 3636 σινδόνες.
2294 3584 2345 3628 Ρ.
2390 3585 2503 3638 264,
2533 3600 2571 3627 1.

1351 3665 1594 3726 Αὗαλίτης]
1630 3663 1790 3718 αὖείτης
1829 3662 1950 3718 cod.;
1992 3662 2023 3705 l.
2067 3677 2119 3704 12
2159 3658 2401 3713 αὖαλείτην,
2443 3658 2472 3700 1.
2517 3672 2570 3700 22

1352 3740 1507 3787 δουάκα
1530 3741 1630 3785 sine
1653 3756 1746 3784 acc.
1773 3764 1834 3771 —-
1862 3737 1915 3782 P.
1962 3735 2070 3790 265,
2094 3737 2125 3779 1.
2157 3749 2180 3790 7
2206 3743 2250 3777 et
2284 3734 2336 3776 16
2375 3747 2570 3789 μοκροτου

1352 3817 1450 3861 sine
1462 3831 1577 3871 acc.;
1599 3815 1631 3861 1.
1652 3813 1757 3858 ἄλλα
1778 3812 1911 3857 εὒοδια
1936 3810 2034 3855 sine
2053 3824 2168 3863 acc.;
2191 3822 2247 3850 an
2268 3805 2371 3848 ἄλλα
2388 3800 2568 3857 εὔοσμαὲ)

1348 3917 1411 3927 -
1432 3891 1485 3937 Ρ.
1506 3889 1594 3938 265
1619 3890 1646 3948 5
1673 3905 1727 3933 ιο
1752 3902 1849 3946 sqq.
1876 3886 2031 3943 Usque
2051 3882 2106 3926 ad
2122 3879 2293 3924 Mundu
2308 3875 2499 3921 insulam
2514 3874 2568 3917 de

1351 3967 1441 4013 situ
1464 3966 1672 4012 locorum
1696 3963 1803 4008 satis
1834 3967 2021 4004 constat.
2061 3957 2167 4011 Quae
2196 3950 2357 3995 deinde
2379 3962 2570 4007 sequun-
