2782 4348
672 88 742 136 Ο-

205 188 288 227 iso

73 290 187 331 rhet.
197 299 261 328 τοι
282 282 542 343 πολύχρυσον
562 277 637 334 τὴν
662 274 925 334 Πτολεμαίου
956 271 1112 332 Συρίαν
1134 269 1428 331 πεποιήκασιν,

198 345 312 398 οὗτοι
327 353 380 406 τῆ
400 347 610 398 Φοινίκων
633 343 823 409 φιλεργία
856 338 1187 388 κατεσκευάκασι
1207 340 1432 392 λυσιτελεῖς

198 401 422 483 ἐμπορίάς,
436 418 507 465 καὶ
526 414 651 478 μυρία
669 412 794 460 ἄλλα.
861 409 990 456 Ἐστι
1011 407 1055 455 δὲ
1073 407 1317 455 πολυτέλεια
1332 410 1431 473 παρ’

198 491 335 541 αὐτοῖς
353 490 400 534 οὗ
419 487 540 548 μόνον
558 486 601 529 ἕν
619 480 846 543 τορεύμασι
864 477 1115 539 θαυμαστοῖς
1132 477 1205 524 καὶ
1222 476 1431 540 ποτηρίων

154 574 175 604 s
196 556 431 611 ποικιλίαις,
448 554 508 600 ἔτι
527 550 568 598 δὲ
586 551 736 597 κλινῶν
747 546 819 594 καί
834 546 1038 609 τριπόδων
1058 546 1269 608 μεγέθεσι,
1284 546 1429 610 [ἀλλὰ]

197 627 267 672 καὶ
293 629 371 671 τῶν
395 623 532 669 ἄλλων
543 622 623 665 τῶν
646 618 739 664 κατ’
754 615 887 663 οἰκίαν
906 617 1007 679 παρ’
1021 619 1124 677 ἡμῖν
1142 616 1431 678 ἕκτεινομίνων

196 693 399 753 λαμὸάνει
421 690 495 746 τὴν
519 685 767 750 ὓπερὸολὴν,
789 687 972 744 πολλῶν,
991 688 1048 739 ὣς
1069 684 1199 744 ἔοικε,
1227 686 1432 746 κεκτημί·

196 781 274 807 νων
300 758 502 824 χορηγίαν
534 755 772 821 βασιλικήν.
845 754 995 808 Κίονάς
1026 773 1071 802 τε
1093 754 1271 807 πολλοὺς
1296 755 1434 807 αὐτοῖς

196 828 296 893 φησὶ
319 827 647 875 κατεσκευάσθαι
668 826 917 889 ἐπιχρύσους
937 843 982 871 τε
1001 825 1071 870 καὶ
1094 826 1309 887 ἀργυροῦς,
1335 822 1436 886 πρὸς

137 921 175 951 10
197 898 238 945 δὲ
275 898 346 944 καὶ
382 896 454 950 τὰς
490 895 641 960 ὀροφὰς
672 894 744 942 καὶ
774 895 898 957 θύρας
933 894 1101 953 φιάλαις
1132 892 1436 948 λιθοκολλήτοις

141 969 150 979 ’
196 966 429 1030 ἐξειλῆφθαι
454 972 651 1023 πυκναῖς,
673 963 872 1017 ὡσαύτως
893 963 965 1010 καὶ
988 962 1040 1009 τὰ
1070 961 1321 1023 μεσοστύλια
1339 961 1435 1007 θέαν

197 1036 305 1100 ἔχειν
318 1032 521 1100 εὐπρεπῆ,
540 1035 611 1082 καὶ
625 1034 799 1081 καθόλου
813 1032 907 1087 τοὺς
923 1032 1039 1095 παρὰ
1059 1035 1140 1078 τῶν
1157 1030 1295 1078 ἄλλων
1308 1030 1436 1078 πλού-

194 1125 287 1159 τους
320 1108 528 1153 ἐκκεῖσθαι
559 1104 636 1161 τὴν
660 1101 858 1167 διαφορὰν
882 1102 1085 1164 μεγάλην.
1155 1101 1281 1149 Ἀλλὰ
1306 1104 1436 1147 ταῦτα

197 1174 271 1236 μὲν
299 1174 375 1229 ἕως
396 1180 470 1222 τοῦ
489 1177 582 1222 καθ’
602 1179 714 1236 ἡμᾶς
725 1173 825 1237 παρ’
845 1173 983 1225 αὐτοῖς
1008 1171 1308 1235 ἐπαγγέλλεται
1328 1170 1434 1232 βίου.

138 1266 175 1296 is
201 1247 249 1293 Εἰ
270 1245 310 1291 δὲ
331 1245 390 1307 μὴ
410 1245 553 1308 πόρρω
578 1245 841 1299 διεστηκυῖαν
860 1240 933 1299 τὴν
957 1241 1116 1298 οἴκησιν
1139 1243 1332 1302 κατεῖχον
1355 1243 1436 1286 τῶν

198 1314 266 1360 ἐπὶ
297 1314 435 1361 πάντα
465 1314 589 1360 τόπον
626 1312 699 1366 τὰς
721 1312 913 1373 δυνάμεις
935 1311 1207 1375 στρεφόντων,
1233 1309 1438 1369 οἰκονόμοι

197 1387 278 1430 τῶν
301 1383 530 1448 ἀλλοτρίων
554 1382 604 1429 διν
632 1386 819 1445 ὓπῆρχον
844 1383 881 1427 οἱ
900 1380 1031 1444 κύριοι
1049 1383 1131 1426 τῶν
1155 1379 1268 1425 ἰδίων
1287 1378 1437 1435 ἄθλων,

196 1458 269 1511 τῆς
294 1454 498 1519 ῥᾳθυμίας
534 1452 812 1509 ἀδυνατούσης
835 1451 882 1498 τὸ
911 1450 1119 1514 ἐλεύθερον
1137 1450 1267 1496 πλείω
1291 1449 1437 1512 χρόνον

198 1524 421 1586 διατηρεῖν.

133 1611 175 1642 20
263 1609 339 1642 10³.
367 1592 494 1656 Παρὰ
538 1591 581 1638 δὲ
622 1593 698 1647 τὴν
732 1591 875 1655 χώραν
902 1589 1055 1647 ταύτην
1079 1593 1105 1646 ἡ
1141 1588 1214 1650 μὲν
1253 1588 1437 1635 θάλαττα

71 1734 184 1775 Diod.
199 1724 366 1790 πλούτῳ
384 1723 456 1772 καὶ
474 1725 563 1777 ταῖς
584 1723 729 1776 ἄλλαις
746 1721 854 1769 κατὰ
875 1723 996 1785 μέρος
1017 1722 1311 1774 πολυτελείαις.
1363 1721 1437 1769 Ἰἶν

198 1796 278 1859 γὰρ
313 1798 403 1849 ταῖς
424 1798 506 1841 τῶν
531 1793 705 1858 φορτίων
743 1794 946 1854 ἀλλαγαῖς
979 1794 1048 1838 καὶ
1071 1794 1273 1855 πράσεσιν
1304 1790 1439 1854 ὄγκοις

199 1865 431 1928 ἐλαχίστοις
457 1863 655 1920 πλείστην
681 1862 957 1926 ἀποφέρονται
988 1859 1113 1921 τιμὴν
1142 1860 1336 1906 ἁπάντων
1362 1861 1438 1905 ἀν·-

198 1934 371 1998 θριίητων
397 1937 478 1980 τῶν
502 1936 725 1997 ἀργυρικῆς
759 1932 966 1995 ἀμείψεως
988 1931 1105 1977 ἕνεκα
1142 1930 1214 1983 τὰς
1238 1929 1439 1992 ἐμπορίας

135 2022 175 2052 as
197 2002 470 2065 ποιουμένων.
540 2002 694 2065 Διόπερ
716 2001 757 2056 ἐξ
778 2003 925 2055 αἰῶνος
944 2000 1188 2063 ἀπορθήτων
1213 2002 1347 2045 αὐτῶν
1370 2018 1438 2061 γε·

198 2073 433 2136 γενημίνων
470 2071 538 2119 διὰ
574 2072 641 2119 τὸν
684 2071 951 2133 ε’κτοπισμὸν,
990 2069 1062 2116 καὶ
1098 2074 1256 2133 χρυσοῦ
1289 2088 1335 2115 τε
1368 2068 1440 2115 καὶ

199 2143 378 2206 ἀργύρου
400 2142 579 2199 πλήθους
601 2141 915 2193 ἐπικεκλυκότος
944 2140 1043 2203 παρ’
1068 2141 1231 2198 αὐτοῖς,
1254 2138 1325 2184 καὶ
1351 2138 1439 2200 μά-

199 2214 320 2259 λιστα
343 2213 385 2259 ἐν
409 2211 590 2268 Σάὸαις,
614 2213 654 2256 ἐν
678 2204 707 2273 ᾗ
725 2210 777 2255 τὰ
799 2209 991 2272 βασίλεια
1014 2211 1171 2266 κεῖται,
1205 2206 1439 2271 τορεύματα

200 2282 274 2342 μὲν
312 2284 473 2346 ἀργυρᾶ
506 2299 550 2326 τε
587 2280 660 2327 καὶ
690 2286 829 2342 χρυσᾶ
863 2280 1140 2324 παντοδαπῶν
1179 2277 1440 2338 ἐκπωμάτων

138 2365 179 2395 ³0
200 2352 361 2414 ἔχουσι,
383 2350 523 2403 κλίνας
545 2348 588 2396 δὲ
616 2349 688 2396 καὶ
717 2348 914 2412 τρίποδας
947 2347 1252 2411 ἀργυρόποδας,
1272 2347 1343 2394 καὶ
1365 2348 1441 2405 τὴν

200 2421 328 2478 ἀλλην
349 2417 611 2476 κατασκευὴν
635 2419 809 2465 ἄπιστον
841 2422 893 2482 τῇ
918 2417 1188 2482 πολυτελείᾳ,
1213 2416 1360 2464 κιόνων
1397 2435 1441 2464 τε

200 2491 334 2552 ἁδρῶν
357 2490 600 2553 περίστυλα,
623 2488 676 2534 τὰ
693 2487 768 2549 μὲν
794 2487 1022 2553 ἐπίχρυσα,
1039 2488 1091 2534 τὰ
1112 2487 1147 2534 δ’
1167 2488 1440 2551 ἀργυροειδεῖς

203 2560 270 2605 ἐπὶ
300 2562 381 2605 τῶν
404 2558 678 2621 κιονοκράνων
699 2557 852 2609 τύπους
880 2557 1047 2621 ἔχοντα.
1116 2556 1206 2611 Τὰς
1238 2557 1273 2604 δ’
1293 2557 1443 2621 ὀροφὰς

201 2629 272 2674 καὶ
299 2628 421 2691 θύρας
441 2629 615 2691 χρυσαῖς
639 2627 804 2691 φιάλαις
832 2626 1137 2683 λιθοκολλήτοις
1171 2626 1243 2673 καὶ
1268 2634 1442 2680 πυκναῖς

142 2713 181 2742 '35
208 2697 480 2760 διειληφότες,
504 2697 672 2743 ἅπασαν
695 2696 770 2752 τὴν
788 2699 871 2741 τῶν
892 2698 1030 2742 οἰκιῶν
1053 2695 1162 2742 κατὰ
1187 2696 1310 2759 μέρος
1327 2697 1442 2742 οἰκο-

202 2766 350 2826 νομίαν
374 2766 621 2823 πεποίηνται
648 2764 895 2827 θαυμαστὴν
921 2772 1011 2818 ταῖς
1042 2765 1326 2819 πολυτελείαις
1342 2779 1353 2791 ·
1387 2765 1442 2812 τὰ

203 2835 278 2895 μὲν
302 2835 381 2897 γὰρ
417 2835 458 2889 ἐξ
497 2834 675 2898 ἀργύρου
698 2835 768 2881 καὶ
790 2839 965 2898 χρυσοῦ,
995 2835 1048 2881 τὰ
1080 2835 1115 2881 δ’
1142 2834 1183 2889 ἐξ
1223 2835 1441 2899 ἐλέφαντος

202 2905 275 2950 καὶ
293 2907 374 2950 τῶν
394 2904 761 2967 διαπρεπεστάτων
780 2906 903 2950 λίθων
924 2904 984 2950 ἔτι
1015 2903 1058 2950 δὲ
1076 2907 1157 2950 τῶν
1190 2904 1326 2951 ἄλλων
1357 2909 1439 2952 τῶν

201 2973 462 3035 τιμιωτάτων
486 2975 586 3037 παρ’
615 2973 844 3036 ἀνθρώποις
875 2974 1247 3022 κατεσκευάκασιν.
1316 2973 1441 3021 Ἀλλὰ

137 3058 182 3091 ⁴0
201 3043 282 3107 γὰρ
314 3036 427 3090 οὗτοι
473 3041 547 3103 μὶν
585 3045 640 3089 ἐκ
669 3045 834 3088 πολλῶν
864 3042 1023 3105 χρόνων
1067 3041 1142 3098 τὴν
1178 3043 1439 3102 εὐδαιμονίαν

202 3112 427 3160 ἀσάλευτον
459 3112 582 3175 ἔσχον
615 3111 684 3159 διὰ
719 3113 767 3158 τὸ
798 3114 1009 3163 παντελῶς
1046 3112 1324 3165 ἀπεξενῶσθαι
1360 3115 1440 3158 τῶν

202 3181 271 3229 διὰ
290 3181 366 3240 τὴν
387 3183 495 3229 ἰδίαν
525 3182 760 3236 πλεονεξίαν
788 3180 957 3246 ἕρμαιον
988 3181 1226 3244 ἡγουμένων
1262 3181 1333 3229 τὸν
1366 3185 1440 3229 ἀλ·

202 3252 362 3316 λότριον
384 3253 575 3299 πλοῦτον.

270 3337 345 3371 103.
379 3320 433 3369 Ἥ
466 3320 509 3367 δὲ
542 3320 651 3367 κατὰ
679 3319 845 3375 τούτους
879 3320 1063 3368 θάλαττα
1098 3320 1223 3377 λευκὴ
1251 3320 1438 3386 φαίνεται

260 3458 283 3508 S
303 3460 395 3506 102,
409 3455 437 3497 l.
458 3469 473 3496 1
486 3469 521 3497 1.
546 3454 763 3512 ἕξειλῆφθαι
782 3455 1081 3507 λιθοκολλήτοις
1094 3457 1142 3498 Β.
1162 3458 1181 3509 11
1197 3479 1255 3488 —-
1274 3469 1337 3498 12.
1356 3455 1444 3512 παρ’

207 3515 328 3557 αὐτῶν
359 3520 440 3566 τοῖς
462 3523 538 3559 τῶν
571 3518 705 3560 ἄλλων
738 3518 919 3567 πλούτοις
944 3519 991 3560 Β.
1016 3519 1099 3561 Pro
1122 3519 1210 3567 τοὺς
1240 3517 1342 3574 παρὰ
1365 3518 1442 3574 leg.

192 3577 292 3634 sid.
310 3578 411 3634 παρὰ
433 3580 534 3628 τοὺς.
562 3582 577 3634 Η
601 3605 657 3611 -
672 3585 735 3622 16.
757 3582 973 3637 τρεφόντων
996 3580 1140 3632 codd.;
1166 3595 1249 3623 em.
1269 3579 1442 3624 Beltlter.

207 3639 400 3694 Intelligit
419 3650 562 3682 auctor
588 3644 870 3685 Romanorum
894 3652 1143 3698 grassantem
1167 3643 1409 3700 potentiam.

263 3704 404 3755 3103,
422 3702 448 3743 l.
468 3716 536 3744 20.
558 3704 766 3746 θάλαττα
784 3706 834 3747 λε
848 3704 933 3757 υκή
947 3738 956 3748 .
973 3738 982 3748 .
1001 3710 1200 3763 ποταμῷ
1219 3703 1444 3763 ὶμφερὴς]

208 3765 271 3806 De
281 3765 382 3806 mira
390 3763 568 3820 quadam
579 3766 727 3808 coloris
740 3769 862 3809 maris
871 3771 1100 3811 mutatione
1111 3783 1240 3826 prope
1250 3771 1335 3826 Cap
1343 3769 1447 3810 Jask

208 3824 262 3868 ad
277 3826 414 3868 sinum
430 3827 656 3877 Persicum,
679 3843 717 3869 v.
739 3830 885 3871 Ritter.
906 3832 1003 3881 XII,
1024 3846 1067 3887 p.
1087 3835 1184 3886 429,
1211 3831 1282 3888 qui
1303 3839 1446 3873 nostro

209 3888 300 3931 loco
324 3902 414 3930 rem
432 3890 597 3931 nonnisi
617 3889 669 3931 (1ο.-
687 3892 789 3932 mari
814 3892 977 3933 fluentis
1001 3893 1207 3949 undisque
1225 3893 1444 3935 veliemen-

208 3950 290 3992 tius
302 3950 454 4006 agitato
468 3949 778 4006 intelligendum
794 3967 879 3994 csse
895 3955 1146 4010 suspicatur(
1159 3957 1241 3998 XII
1252 3969 1294 4012 p.
1318 3956 1440 4011 248).

209 4011 370 4055 Gen-tius
388 4021 449 4055 est
480 4027 715 4059 sermonem
746 4014 789 4057 h.
810 4014 838 4057 l.
874 4031 960 4058 csse
986 4015 1039 4058 de
1059 4019 1160 4059 mari
1183 4026 1347 4070 extero,
1372 4016 1441 4058 ubi

1170 167 1251 216 EX
1284 165 1769 217 mummulus

2569 165 2643 227 (u,
2654 163 2773 244 ω.)““’

1499 277 1556 320 m
1579 278 1671 320 auri
1694 276 1939 319 ditissimam
1961 275 2169 318 Ptolcmaei
2198 275 2357 331 Syriam
2377 271 2586 324 fecerunt3
2610 273 2656 317 hi
2671 285 2763 326 σοι

1499 338 1663 383 <intimi
1684 340 1928 383 Phoenicum
1959 338 2255 380 lucrosissimas
2284 336 2582 390 negotiationes
2622 357 2641 371 ι.
2670 336 2673 338 ’
2701 334 2776 393 ῒῇ’

1501 410 1617 453 runt.
1637 410 1686 444 nt
1714 410 1908 445 sexcenta
1929 401 2005 443 alia
2026 408 2238 457 pru-terea.
2297 399 2470 452 Magnos
2493 395 2742 460 ἰιιιραῄῐᾪ4
2763 404 2766 410 ’

1501 471 1692 520 sumptus
1707 477 1794 506 non
1810 463 1944 507 solum
1967 464 2011 506 in
2028 469 2258 505 toreumata
2279 459 2535 503 admirabilia
2553 466 2595 500 et
2623 480 2629 493 ·
2649 481 2655 494 ·
2676 482 2687 495 ι
2717 470 2741 503 ’τ

1501 524 1638 568 lorum
1653 527 1890 569 varietatem
1907 534 1949 569 et
1973 525 2174 568 lectorum
2195 532 2236 566 et
2258 522 2472 579 tripodum
2495 522 2633 576 magni
2664 541 2668 555 ι

1501 602 1614 640 nem,
1638 587 1765 647 [sed]
1797 590 1841 632 in
1871 589 2039 646 reliquis
2064 602 2231 646 quoque
2252 586 2376 629 rebus
2407 599 2499 642 quae
2531 584 2643 642 apud
2664 600 2692 629 n
2719 593 2722 594 ’

1500 664 1577 707 per
1593 650 1700 694 mdes
1713 650 2011 704 extenduntur,
2031 651 2239 707 vulgarem
2259 648 2431 692 modum
2454 647 2651 703 egrediun
2683 667 2688 685 ι
2717 657 2724 686 .“

1501 712 1706 770 siquidem
1729 713 1866 766 multi,
1888 722 1935 756 ut
1955 714 2156 757 aestimare
2176 721 2252 764 αι,
2284 720 2474 769 sumptus
2497 710 2653 753 faciunt
2708 710 2737 748 ι’

1502 775 1606 830 gios.
1664 775 1816 818 Multas
1855 775 1933 818 illis
1969 790 2056 819 esse
2090 777 2149 818 ait
2193 774 2406 817 columnas
2445 772 2661 816 deauratas
2711 768 2733 811 ι’

1503 845 1731 893 argenteas,
1751 852 1878 894 porro
1894 838 2018 880 etiam
2036 837 2194 893 fastigia
2215 837 2438 879 domorum
2459 844 2501 878 et
2526 836 2634 878 sores
2653 851 2678 878 c
2709 857 2728 874 ι,

1504 899 1590 941 butu
1628 899 1777 956 phialis
1811 900 2044 956 lapillorum
2080 901 2371 957 pretiosiorum
2414 900 2533 956 copia
2586 913 2690 942 orna

1505 960 1726 1015 distingui,
1765 969 1807 1003 et
1841 962 2032 1004 similiter
2071 962 2302 1018 moeostytta
2338 976 2504 1018 quoque
2539 961 2670 1004 decen
2690 963 2701 974 ⁰
2728 1002 2742 1011 ⁸

1506 1024 1653 1065 simam
1690 1022 1874 1079 praebere
1906 1025 1970 1065 sui
2021 1023 2435 1080 contemplationum
2475 1025 2517 1066 in
2556 1038 2717 1067 summa
2746 1073 2753 1081 ,ᾖ

1506 1084 1706 1141 quiequid
1723 1084 1835 1142 apud
1850 1085 1952 1127 alios
1973 1085 2212 1128 divitiarum
2225 1093 2302 1137 αι,
2318 1085 2363 1127 id
2376 1100 2500 1128 omne
2514 1086 2584 1130 hle
2597 1101 2718 1142 magn
2735 1086 2739 1088 ’

1507 1148 1702 1190 varietate
1729 1148 1963 1205 expositum
1993 1156 2069 1191 est,
2128 1149 2183 1190 Et
2199 1147 2286 1190 haec
2304 1146 2474 1203 quidem
2489 1147 2543 1191 ad
2560 1157 2712 1191 nostran
2728 1172 2730 1183 ι

1507 1223 1638 1266 usque
1649 1218 1809 1253 aetatem
1823 1209 1876 1252 de
1892 1210 1968 1252 illis
1987 1211 2043 1253 ita
2057 1208 2349 1267 praedicantur.
2407 1210 2496 1251 Nisi
2515 1225 2612 1254 vero
2625 1211 2751 1265 long:

1508 1281 1735 1315 summotas
1749 1273 1950 1315 haberent
1966 1272 2083 1315 sedes
2098 1272 2151 1314 ab
2165 1272 2230 1314 his
2243 1273 2314 1328 qui
2330 1271 2383 1314 ad
2405 1286 2572 1315 omnem
2587 1272 2698 1316 ferei
2727 1293 2745 1324 ,-

1507 1349 1603 1376 cum
1620 1336 1759 1392 copias
1774 1344 1963 1388 vertunt,
1980 1335 2206 1378 alienarum
2225 1343 2435 1377 curatores
2450 1348 2578 1391 opum
2594 1334 2708 1378 seren
2736 1337 2742 1340 '

1507 1399 1580 1454 qui
1614 1413 1727 1440 nunc
1752 1399 1795 1440 in
1823 1413 1898 1441 sua
1921 1400 2038 1455 quasi
2069 1399 2239 1455 praemia
2273 1397 2507 1440 dominium
2541 1399 2723 1441 retinent·

1508 1461 1713 1517 siquidem
1741 1462 1902 1517 ignavia
1923 1461 2153 1504 libertatem
2172 1460 2225 1503 ad
2248 1461 2448 1518 prolixius
2468 1469 2629 1518 tempus
2649 1475 2699 1503 co

1509 1539 1671 1567 servare
1696 1526 1853 1582 nequit.

1570 1589 1662 1630 103.
1703 1590 1830 1629 Juxta
1871 1586 1977 1628 hanc
2010 1587 2218 1640 regionem
2255 1599 2367 1627 mare
2405 1586 2659 1642 conspicitur
2690 1588 2738 1628 al

1512 1729 1708 1769 tiosarum
1723 1727 1842 1783 copia
1855 1725 2072 1768 antecellit.
2132 1726 2237 1767 Nam
2252 1726 2292 1767 in
2308 1726 2566 1767 commerciis
2579 1725 2719 1782 quand
2729 1739 2748 1764 ι’

1508 1803 1665 1860 aliquid
1684 1803 1942 1855 distrahunt,
1966 1817 2045 1859 pro
2078 1803 2214 1858 exigui
2246 1801 2443 1859 ponderis
2465 1816 2601 1845 meree
2620 1802 2729 1860 pluri
2776 1823 2778 1825 ·

1508 1896 1625 1923 mum
1661 1881 1856 1924 auserunt
1893 1881 2015 1937 pretii
2052 1894 2137 1936 prae
2169 1879 2363 1921 omnibus
2378 1910 2390 1931 ,
2424 1880 2496 1936 qui
2532 1886 2691 1936 argent
2717 1902 2747 1916 ι·4

1507 1958 1633 2000 rebus
1669 1959 1754 2000 suis
1789 1964 2062 2000 commutant.
2135 1954 2236 1998 Ideo
2271 1970 2402 2012 quum
2447 1969 2524 2013 per
2558 1957 2747 2000 omnium

1508 2036 1753 2079 memoriam
1773 2043 1945 2093 propter
1965 2034 2306 2091 longinquitatem
2324 2035 2427 2076 situs
2444 2034 2488 2076 in
2505 2032 2657 2076 nullius
2672 2020 2752 2076 uri-⁴

1508 2127 1635 2169 quam
1656 2121 1901 2170 potestatem
1935 2112 2145 2163 venerint,
2169 2112 2343 2167 aurique
2374 2118 2417 2154 et
2450 2111 2607 2167 argenti
2631 2116 2750 2168 copia

1509 2191 1627 2247 quasi
1648 2189 1940 2232 circumfluant
1954 2220 1966 2241 ,
1987 2189 2166 2231 maxime
2194 2188 2324 2239 Sabis,
2347 2187 2421 2230 ubi
2453 2188 2563 2243 regia
2585 2186 2662 2230 illis
2689 2200 2759 2240 seq

1510 2265 1607 2318 des,
1630 2273 1866 2308 toreumata
1892 2266 2029 2307 omnis
2052 2265 2212 2320 generis
2233 2272 2275 2306 et
2294 2278 2346 2306 ex
2377 2271 2549 2319 argento
2566 2276 2752 2322 auroque

1509 2342 1673 2400 poeula,
1686 2342 1812 2385 lectos
1826 2343 1951 2385 etiam
1965 2350 2007 2384 et
2024 2340 2207 2398 tripodes
2222 2340 2423 2396 argenteis
2438 2339 2594 2393 finlais,
2611 2327 2755 2426 aliam*¹

1510 2435 1591 2476 que
1609 2419 1903 2477 supellectilem
1925 2419 2054 2474 magis
2076 2432 2203 2475 quam
2222 2416 2365 2461 credas
2382 2423 2638 2460 sumtuosam
2658 2427 2753 2474 ροσ·

1510 2496 1661 2539 sident.
1740 2498 1929 2539 Porticus
1983 2495 2208 2537 multarum
2260 2494 2549 2537 columnarum
2694 2491 2707 2504 ’
2742 2484 2753 2548 J

1510 2573 1716 2615 deauratae
1734 2582 1847 2625 sunt,
1868 2574 2019 2629 partim
2035 2580 2227 2627 argentea
2246 2572 2287 2613 in
2303 2565 2498 2628 capitellis
2515 2569 2668 2613 habent
2684 2540 2754 2614 03

1511 2659 1719 2693 namcnta.
1779 2650 1955 2704 Fastigia
1984 2657 2025 2690 et
2055 2657 2186 2705 portae
2208 2647 2372 2690 crebras
2390 2661 2441 2690 ex
2462 2659 2566 2688 auro
2587 2653 2628 2687 et
2657 2619 2757 2704 proi·

1513 2728 1627 2769 tiosis
1663 2726 1810 2783 lapillis
1845 2725 2000 2782 phialas
2037 2732 2267 2775 ostentant3
2301 2721 2505 2779 siquidem
2538 2723 2581 2764 in
2621 2730 2695 2764 tot·
2728 2727 2730 2729 ’

1511 2803 1661 2845 aedium
1695 2801 2010 2844 adornationem
2044 2800 2240 2842 mirificos
2277 2797 2525 2856 impendunt
2559 2791 2746 2842 summos
2777 2791 2779 2819 }

1512 2893 1624 2921 nunc
1644 2886 1815 2934 argento
1844 2886 1884 2919 ct
1904 2891 2023 2928 auro,
2049 2891 2162 2918 nunc
2183 2875 2309 2917 ebore
2329 2871 2380 2917 et'
2403 2873 2549 2932 lapillis
2570 2889 2650 2932 exq
2683 2875 2693 2886 ⁶
2713 2895 2718 2906 .

1516 2958 1568 2999 tis
1590 2957 1760 3013 aliisque
1791 2955 1902 3013 apud
1926 2957 2115 2999 homines
2148 2970 2304 3012 magnae
2326 2956 2606 2999 aestimationis
2685 2979 2692 2992 ·
2720 3007 2723 3010 ¹

1514 3033 1598 3075 illas
1615 3042 1876 3075 exornantes,
1937 3035 2015 3075 Per
2034 3032 2181 3074 multas
2202 3033 2313 3074 enim
2350 3041 2486 3075 aetates
2508 3032 2708 3076 illabel'a

1513 3118 1594 3151 tam
1614 3111 1820 3152 retinuere
1844 3109 2091 3160 felicitatem,
2109 3109 2222 3165 quod
2238 3109 2472 3164 longissime
2493 3110 2640 3151 remoti
2663 3142 2666 3144 >
2718 3132 2722 3144 .
2768 3093 2773 3101 Ι

1512 3186 1564 3227 ab
1596 3186 1697 3237 inis,
1721 3187 1792 3242 qui
1827 3200 1901 3242 per
1933 3187 2144 3227 avaritiam
2174 3199 2290 3228 suam
2315 3186 2357 3227 in
2391 3185 2568 3228 aliorum
2603 3186 2743 3243 opi·

1512 3253 1675 3295 lucrum
1700 3261 1878 3309 ponunt.
2707 3311 2710 3313 ᾖ

1572 3322 1664 3363 103.
1696 3323 1810 3363 Mare
1830 3321 1910 3363 illic
1935 3320 2160 3363 candidum
2194 3321 2319 3363 refert
2351 3321 2559 3374 colorem,
2586 3330 2631 3365 ut
2663 3314 2714 3385 ιμξῖ

1516 3455 1634 3499 Adm
1659 3465 1743 3498 crat
1770 3455 2005 3498 Sabaeorum
2030 3465 2175 3512 portus
2198 3458 2216 3511 (
2236 3455 2439 3513 Εὖδαίμων
2460 3454 2612 3513 Ἆραὸία
2653 3466 2660 3475 ”
2683 3434 2715 3453 ¹
2754 3423 2757 3431 1

1516 3516 1629 3574 pli);
1666 3532 1760 3559 nam
1798 3533 1920 3560 naves
1939 3518 2095 3561 Indica:
2132 3517 2393 3575 praegrandes
2415 3519 2457 3561 in
2479 3517 2614 3561 sauoes
2671 3545 2672 3548 =

1518 3580 1682 3623 Arabici
1710 3580 1897 3623 nondum
1927 3581 2111 3624 solebant
2132 3589 2347 3638 penetrare
2370 3584 2387 3637 (
2402 3580 2552 3638 Peripl.
2589 3593 2662 3625 ιιι

1518 3707 1747 3760 petentium
1780 3707 1975 3748 stationes
1991 3738 2003 3758 ,
2035 3720 2234 3763 quasnam
2255 3706 2516 3763 potissimum
2536 3703 2592 3747 d
2634 3726 2651 3750 ,ι

1516 3777 1660 3809 auctor
1676 3768 1865 3820 volucrit,
1885 3770 2102 3825 quaeritur.
2115 3770 2305 3824 Cogitare
2326 3768 2420 3811 licet
2434 3767 2488 3811 de
2500 3768 2629 3810 Zeno
2698 3814 2699 3819 ,
2719 3765 2729 3825 J

1516 3831 1613 3872 sulis
1633 3834 1648 3885 (
1666 3832 1991 3875 Karia-Murialn
2009 3835 2025 3887 )
2042 3832 2104 3874 vel
2123 3831 2176 3874 de
2197 3831 2403 3888 Sarapidis
2418 3829 2550 3873 insula
2565 3827 2670 3889 (1³
2693 3826 2700 3830 ”

1516 3898 1582 3948 ra)
1598 3910 1607 3945 ;
1621 3904 1661 3936 at
1682 3895 1768 3951 ipsa
1783 3895 1995 3937 beatarum
2017 3895 2117 3938 iuss.
2139 3894 2422 3937 denominatio
2438 3891 2492 3935 ad
2507 3888 2744 3937 hm

1514 3956 1630 3999 ducit
1648 3961 1841 3999 Socoeam
1861 3958 2054 4010 insulam,
2076 3972 2200 4014 quam
2218 3965 2374 4000 veteres
2391 3947 2745 4013 ςοοςτψωΜ

1514 4019 1664 4061 coridae
1680 4020 1853 4062 insulam
1873 4035 2018 4062 vocare
2044 4020 2196 4073 solent;
2214 4020 2294 4062 hoc
2317 4019 2589 4061 enimnomea
2602 4018 2744 4056 nutum
