2808 4342
885 139 1266 212 STADIASMUS
1299 138 1487 185 MARlS
1522 137 1736 184 MAGNI.

103 264 159 295 88.
201 246 298 292 Ἀπὸ
325 244 512 307 Κόρακος
538 243 592 292 εἷς
612 239 855 303 Εὐφραντὰς
890 239 1048 286 στάδιοι
1072 240 1124 285 σ’·
1144 240 1270 301 λιμήν

37 320 127 363 ἐστι
143 351 155 373 ,
176 315 247 360 καὶ
270 314 378 375 ὕδωρ
403 311 501 373 ἔχει.

104 401 158 430 89.
195 382 295 429 Ἀπὸ
321 381 573 443 Εὖφραντῶν
599 378 666 424 ἐπὶ
688 378 756 424 τὸν
785 378 984 424 Δυσωπὸν
1019 378 1176 423 στάδιοι
1200 377 1272 441 ρν’.

43 539 176 592 rough
195 546 331 578 stones
343 568 354 587 ,
376 536 459 577 and
490 535 607 591 lastly
641 534 786 576 coated
807 535 909 576 with
927 549 980 574 an
998 535 1196 576 excellent
1214 551 1279 577 ee-

44 609 228 642 ment....
253 602 301 640 In
322 600 392 640 the
415 596 736 652 neigbourhood
759 596 807 636 of
817 596 888 636 the
906 596 1084 652 military
1099 598 1280 652 position

15 663 112 704 stare
136 663 205 703 the
238 663 417 702 remains
448 660 496 701 of
516 660 587 701 the
622 668 733 699 town
767 657 895 698 called
929 658 1112 709 Medma,
1144 660 1282 700 where

45 724 159 764 there
179 738 247 764 are
266 738 289 764 a
314 723 493 763 number
521 720 570 761 of
598 719 708 760 wells
726 719 810 759 and
838 718 957 759 tanks
984 720 1026 759 in
1052 734 1148 775 very
1173 721 1281 773 good

44 787 395 841 preservation....
435 786 490 825 At
510 781 862 823 Medinet-Sultan
896 782 1012 822 there
1040 783 1074 822 is
1108 778 1282 839 a'sandy

44 849 123 903 bay
145 850 189 888 in
206 847 343 888 which
363 847 481 886 boats
504 844 637 898 might
659 843 748 884 find
768 844 919 884 shelter
940 844 1039 885 with
1062 845 1284 899 particular

3 954 6 958 ⁴
44 910 199 960 winds;
225 908 308 949 and
328 923 350 949 a
369 907 460 950 lake
479 920 739 948 commences
761 906 874 956 here,
897 907 1135 962 apparently
1155 907 1280 963 deep,

43 971 179 1013 which
202 971 525 1013 communicates
547 969 647 1010 with
693 969 762 1009 the
777 983 842 1009 sea
863 970 906 1008 in
936 977 1019 1010 two
1039 969 1187 1024 places,
1218 970 1281 1012 Cf.

4 1033 10 1039 ’
45 1034 188 1075 Barth.
215 1049 259 1089 p.
283 1034 381 1081 334.
410 1032 528 1072 Idem
550 1039 610 1072 est
646 1031 777 1081 locus,
806 1031 878 1085 qui
905 1031 956 1071 ab
980 1031 1168 1072 Arabicis
1188 1033 1285 1073 scri-

46 1096 236 1151 ptoribus
273 1104 446 1137 vocatur
481 1093 664 1135 Medinet
693 1097 785 1133 Sort
812 1093 875 1133 vel
907 1092 1007 1141 Sirt,
1030 1095 1285 1148 praecipuum

34 1158 211 1212 >Syrticae
243 1157 424 1211 regionis
455 1157 703 1211 emporium.
735 1157 824 1195 Prae
846 1156 990 1195 ceteris
1023 1155 1075 1195 de
1104 1170 1153 1195 eo
1182 1156 1287 1196 dixit

45 1220 299 1261 Abu-Obcid
321 1219 443 1259 Bekri
474 1223 488 1271 (
513 1219 554 1258 in
584 1217 754 1259 No'tices
778 1226 818 1258 et
850 1217 1029 1258 extruits
1051 1217 1100 1258 cle
1124 1218 1164 1257 la
1184 1218 1284 1259 bibl.

33 1281 101 1322 du
131 1282 194 1323 roi
215 1291 246 1323 t.
272 1284 369 1332 XII,
402 1297 445 1336 p.
472 1280 587 1335 450)
612 1294 621 1320 ;
650 1298 665 1319 «
690 1282 785 1321 Sort
816 1288 876 1320 est
894 1294 976 1320 une
999 1280 1153 1333 grande
1171 1280 1283 1332 ville,

44 1344 175 1383 situee
194 1358 265 1383 sur
292 1344 330 1383 le
352 1344 489 1396 rivage
506 1343 557 1383 de
587 1342 625 1382 la
644 1355 749 1391 mer,
774 1342 1025 1381 environnee
1053 1340 1179 1382 d’une
1197 1344 1289 1382 mu-

46 1406 159 1446 raille
174 1405 226 1446 de
242 1406 406 1459 brique,
424 1413 464 1444 et
479 1405 735 1446 renfermant
752 1396 835 1444 une
851 1405 1063 1458 mosquee,
1085 1403 1156 1444 des
1171 1404 1288 1445 bains

36 1476 88 1508 -et
111 1467 182 1507 des
214 1467 427 1516 marches;
465 1467 538 1506 elle
570 1482 593 1507 a
621 1466 722 1506 trois
751 1474 912 1520 portes,
941 1465 1077 1505 savoir
1104 1466 1141 1506 la
1170 1475 1289 1521 porte

48 1528 391 1578 meridionale,'la
421 1528 739 1582 septentrionale
772 1536 812 1567 et
830 1542 913 1567 une
944 1527 1036 1581 plus
1063 1529 1189 1582 petite
1217 1530 1288 1583 qui

49 1589 168 1630 mene
191 1588 214 1630 a
252 1590 292 1630 la
323 1605 428 1630 mer.
460 1590 547 1629 Elle
575 1590 642 1629 n’a
673 1590 793 1643 point
821 1589 873 1628 de
904 1588 1150 1642 faubourgs3
1186 1593 1288 1631 mais

49 1647 111 1694 ses
130 1654 323 1694 environs
343 1653 498 1693 offrent
512 1660 680 1707 partout
691 1651 762 1691 des
778 1650 911 1705 plants
927 1650 978 1690 de
990 1651 1196 1705 palmierS,
1216 1652 1286 1692 des

33 1714 204 1770 jardins
220 1746 230 1765 ,
252 1714 324 1755 des
338 1716 450 1770 puits
473 1713 594 1754 d'eau
621 1713 754 1754 douce
773 1721 813 1752 et
830 1712 881 1752 de
902 1721 1031 1752 vastes
1053 1713 1282 1754 citernes...

51 1779 129 1818 Les
154 1777 361 1818 habitants
384 1776 435 1816 de
457 1777 551 1816 Sort
570 1784 664 1816 sont
683 1775 756 1814 des
774 1774 962 1813 hommes
980 1774 1114 1813 beaux
1138 1782 1178 1814 et
1194 1775 1289 1816 bien

51 1838 157 1889 faits,
182 1840 284 1879 mais
307 1852 404 1878 avec
424 1837 597 1891 lesquels
620 1851 675 1876 on
696 1850 749 1876 ne
767 1844 867 1890 peut
889 1836 1004 1875 avoir
1034 1849 1113 1889 que
1140 1835 1211 1876 des
1228 1853 1290 1878 re-

50 1901 198 1942 lations
217 1899 523 1941 commerciales
539 1899 666 1939 d’une
687 1907 834 1939 nature
855 1897 1139 1951 desagreable3
1163 1900 1209 1939 ils
1239 1916 1290 1941 ne

8 1982 25 1990 >·
54 1963 231 2003 vendent
253 1971 293 2002 et
314 1960 548 2002 n'achetent
574 1975 654 2015 que
679 1961 844 2000 suivant
871 1973 929 1999 un
956 1959 1058 1999 tarif
1071 1960 1191 2014 qu’ils
1217 1971 1291 2003 ont

51 2025 131 2066 fixe
156 2033 272 2065 entre
308 2039 412 2075 eux,
445 2032 486 2064 et
526 2023 630 2063 dont
651 2023 699 2062 ils
730 2036 782 2062 ne
814 2021 1033 2062 s’ecartent
1063 2036 1188 2076 pas...
1212 2026 1290 2064 Les

4 2113 6 2115 >
51 2086 258 2127 habitants
277 2085 330 2126 de
348 2087 444 2126 Sort
462 2093 556 2126 sont
574 2093 750 2126 souvent
764 2084 953 2137 designes
976 2098 1052 2138 par
1066 2084 1103 2124 le
1119 2099 1289 2126 surnom

44 2147 386 2189 -d’Abid-Korlalz
413 2149 428 2201 (
444 2147 622 2188 esclaves
638 2147 690 2187 de
712 2147 869 2187 Korlah
886 2147 898 2201 )
917 2162 927 2196 ;
950 2154 991 2186 et
1010 2161 1056 2186 ce
1079 2147 1292 2202 sobricfuet

52 2211 183 2250 excite
197 2224 250 2251 au
264 2210 356 2265 plus
370 2210 471 2250 haut
488 2210 608 2264 point
622 2210 711 2249 leur
730 2218 956 2249 courrouX.
973 2209 1043 2248 Un
1059 2211 1178 2262 poete
1195 2211 1291 2250 sati-

49 2274 170 2327 ·rique
192 2287 216 2313 a
242 2272 303 2312 dit
325 2286 376 2312 en
391 2271 552 2326 parlant
571 2270 696 2311 d’eux
723 2284 732 2311 :
768 2290 784 2305 α
807 2272 887 2310 Les
915 2269 1091 2310 esclaves
1110 2270 1162 2311 de
1180 2272 1291 2312 Kor-

52 2334 118 2375 lah
137 2343 232 2375 sont
252 2335 308 2374 les
326 2334 418 2389 plus
443 2333 611 2375 fourbes
644 2332 716 2373 des
745 2333 933 2373 hommes
955 2331 1058 2372 dans
1075 2332 1167 2373 leur
1191 2334 1293 2375 rela-

54 2398 161 2438 tions
194 2395 499 2440 commerciales
537 2403 578 2435 et
609 2395 666 2435 les
694 2395 787 2449 plus
821 2395 1028 2434 criminels
1067 2393 1169 2435 dans
1203 2396 1293 2437 leur

51 2458 248 2499 conduite
265 2476 281 2497 »
293 2491 300 2499 .
311 2488 339 2499 ..
349 2490 358 2498 .
375 2460 453 2498 Les
468 2457 657 2498 habitans
674 2456 726 2498 de
741 2457 1003 2512 Sortparlent
1012 2465 1128 2498 entre
1140 2473 1219 2499 eux
1234 2473 1290 2499 un

26 2521 197 2576 Jjargon
220 2522 291 2575 qui
314 2535 366 2560 ne
389 2520 610 2560 ressemble
625 2521 668 2560 ni
688 2518 712 2560 a
732 2519 899 2569 l’arabe,
918 2520 962 2559 ni
985 2534 1036 2559 au
1059 2534 1223 2574 persan,
1248 2523 1291 2562 ni

53 2598 107 2624 au
139 2583 302 2634 herber,
335 2584 379 2623 ni
417 2597 470 2623 au
495 2591 637 2637 copte‚
675 2591 715 2622 et
749 2583 820 2636 qui
852 2581 956 2622 n’est
986 2582 1170 2623 entendu
1213 2598 1293 2638 que

32 2646 178 2688 ,d’eux
195 2646 318 2687 seuls.
342 2646 396 2686 Ils
416 2644 610 2686 different
633 2659 684 2685 en
713 2653 804 2685 tout
833 2645 951 2699 point
984 2644 1056 2685 des
1085 2646 1292 2687 habitants

53 2708 106 2749 de
136 2708 359 2749 Tarabolos
396 2707 637 2764 (Tripoli),
674 2708 746 2762 qui
783 2715 877 2748 sont
898 2707 954 2753 les
975 2707 1067 2762 plus
1100 2708 1293 2750 aimables

55 2770 126 2810 des
158 2770 347 2811 hommes
375 2769 479 2810 dans
515 2770 623 2810 leurs
663 2769 856 2809 relations
889 2769 1082 2819 sociales,
1118 2770 1174 2810 les
1203 2771 1293 2825 plus

31 2837 34 2840 ’
54 2833 204 2888 probes
220 2833 321 2874 dans
335 2833 422 2874 leur
438 2847 606 2887 negoce,
628 2840 668 2871 et
686 2832 743 2872 les
762 2831 854 2887 plus
874 2832 1129 2887 hospitaliers
1149 2847 1293 2874 envers

55 2894 110 2935 les
129 2896 352 2948 etrangers.
371 2914 387 2929 »
417 2893 481 2934 Cf.
498 2893 635 2934 Edrisi
655 2895 690 2943 I,
717 2908 761 2948 p.
781 2896 878 2947 274,
905 2892 1021 2947 cujus
1037 2895 1293 2948 temporibus

51 2957 150 2997 Sort
183 2957 283 2997 urbs
307 2957 492 2997 Arabum
526 2955 834 2996 incursionibus
867 2955 972 2995 male
1005 2954 1151 2996 assecta
1188 2965 1289 2998 erat.

0 3054 1 3059 ,
51 3019 247 3059 Ceterum
268 3032 372 3072 quos
388 3018 512 3058 Bekri
531 3018 720 3059 homines
746 3018 893 3072 pingit,
922 3031 1007 3057 non
1033 3018 1099 3057 alii
1122 3019 1200 3058 nisi
1222 3021 1246 3060 J
1250 3034 1294 3059 u-

53 3079 133 3120 daei
156 3079 323 3129 fuerint,
338 3088 379 3120 et
398 3080 560 3121 Charax
576 3080 690 3121 locus
702 3088 826 3130 recte,
845 3087 891 3119 ut
910 3079 1087 3130 videtur,
1102 3094 1125 3120 a
1141 3082 1294 3135 Lapieo

53 3149 97 3181 et
126 3142 294 3182 Barthio
317 3144 583 3197 componitur
615 3157 711 3183 cum
743 3142 971 3192 mansione,
1006 3156 1098 3196 quae
1116 3143 1159 3182 in
1185 3143 1290 3184 Tab.

56 3205 244 3258 Peuting.
270 3212 442 3244 vocatur
459 3204 605 3255 Scina,
631 3204 741 3244 Iocus
757 3203 991 3244 Judoeomm
1011 3203 1218 3255 Augusti,
1249 3205 1293 3245 in

26 3267 30 3270 '
57 3266 152 3305 Itin.
174 3279 216 3319 p.
237 3266 287 3305 63
304 3266 455 3306 rectius
473 3266 616 3306 Iscina
630 3299 640 3314 ,
661 3275 702 3306 et
718 3265 866 3306 ’Ίσκινα
881 3265 992 3320 apud
1007 3266 1290 3319 Ptolemaeum,

54 3329 129 3381 qui
166 3326 335 3380 quidem
367 3342 498 3380 quum
537 3329 671 3368 Iscina
710 3328 849 3368 locum
899 3330 942 3368 in
982 3329 1293 3371 mediterraneis

59 3389 131 3435 43⁰
158 3386 225 3428 20'
252 3387 475 3441 longitud„
497 3388 719 3429 Pharacem
739 3403 837 3430 vero
855 3390 899 3429 in
924 3404 997 3430 ora
1018 3393 1101 3439 ’440
1126 3392 1198 3433 30⁰
1221 3407 1295 3447 po-

58 3458 151 3499 nat,
189 3464 338 3504 parum
372 3449 508 3490 favere
540 3450 638 3489 huic
662 3451 871 3490 sententiae
899 3450 1029 3491 videri
1061 3454 1204 3507 possit.
1239 3457 1295 3496 At

59 3511 300 3551 Ptolemaeus
318 3510 420 3551 dum
443 3511 746 3552 mediterranea
767 3526 817 3551 ex
836 3513 1076 3563 Itinerariis,
1102 3514 1244 3556 litorea
1271 3531 1294 3556 e

59 3572 229 3627 Periplis
249 3572 476 3623 describat,
496 3575 643 3628 saepius
662 3573 829 3613 exhibet
840 3573 1081 3627 incongrua,
1107 3584 1153 3615 ut
1171 3591 1292 3632 supra

52 3631 142 3686 jam
162 3634 354 3676 vidimus.
374 3635 501 3687 Quod
523 3645 571 3676 ut
591 3637 630 3675 in
648 3636 725 3676 hac
740 3649 907 3689 quoque
926 3649 999 3675 ora
1020 3635 1096 3676 fiat·
1105 3646 1294 3691 apertum

62 3693 140 3735 hcc
158 3710 289 3735 unum
321 3710 487 3737 mone0.
524 3700 627 3738 Aras
657 3698 934 3738 Philaenorum
962 3699 1081 3751 ponit
1110 3701 1183 3747 460
1209 3699 1292 3750 45',

62 3765 205 3799 contra
233 3773 329 3799 vero
370 3761 604 3814 proximam
633 3761 731 3800 hinc
760 3760 1002 3809 stationem,
1023 3761 1212 3814 Tagulin,
1242 3765 1292 3811 24

64 3818 192 3866 (Itin.
211 3820 306 3872 >vel
327 3822 379 3861 30
399 3822 468 3874 (T.
490 3823 558 3874 P.)
582 3822 633 3861 ab
655 3817 754 3862 Aris’
771 3821 883 3862 milia
902 3820 1143 3872 distantem,
1172 3823 1297 3864 collo-

62 3888 130 3919 cat
154 3884 242 3930 44⁰,
269 3883 336 3932 30,
365 3896 493 3936 quum
515 3883 751 3924 collocanda
780 3883 864 3923 fere
881 3892 984 3923 esset
1003 3886 1076 3932 46⁰
1107 3883 1185 3925 15'.
1205 3887 1298 3927 Jam

33 3976 38 4003 3
66 3941 172 3982 sicut
198 3943 402 3996 Thagulin
438 3946 479 3984 1⁰
510 3944 579 3993 45'
607 3946 735 3998 magis
772 3959 894 3999 quam
939 3944 1113 3986 debebat
1158 3961 1297 3989 versus

2488 150 2576 187 459

1401 247 1468 287 88.
1501 247 1538 286 A
1573 246 1726 287 Corace
1765 245 1818 286 ad
1856 245 2116 300 Euphrantas
2155 244 2285 286 stadia
2315 232 2396 300 290
2435 248 2451 300 (
2469 247 2526 299 04¹
2541 252 2578 302 );

1345 322 1488 367 portus
1506 322 1593 364 est;
1617 327 1768 368 aquam
1789 313 1902 354 locus
1923 312 2060 354 habet.

1403 383 1471 434 89.
1504 381 1570 422 Ab
1589 381 1840 437 Euphrantis
1854 380 1908 421 ad
1930 383 2145 435 Dysopum
2163 379 2293 422 stadia
2317 381 2409 423 150.

1347 552 1539 578 occasum
1573 547 1778 588 removet,
1822 539 2008 579 similiter
2040 540 2163 580 etiam
2212 540 2356 581 Iscinae
2397 541 2532 582 locum
2561 558 2582 583 a

1349 600 1527 640 Pharace
1546 611 1587 640 1⁰
1611 599 1673 642 10'
1691 599 1902 654 disjungit.

1406 665 1427 714 S
1458 667 1527 705 88.
1558 662 1780 718 Εὖφραντ
1793 662 1842 710 ὄις
1861 664 1875 718 ]
1895 663 2036 718 πύργος
2056 662 2258 718 Εὖφράντοί
2277 665 2401 716 Ptol.;
2420 665 2581 709 Strabo.

1350 737 1392 777 p.
1413 724 1492 764 836
1513 737 1522 764 ε
1544 723 1654 765 Μετὰ
1670 723 1711 764 δὲ
1729 722 1797 774 τὴν
1814 724 1956 779 λίμνην
1972 725 2086 772 τόπος
2103 725 2203 766 ἐστὶν
2226 725 2362 777 Ἀσπὶς,
2386 729 2450 769 καὶ
2464 728 2583 785 λιμὴν

1350 784 1557 832 κάλλιστος
1573 789 1648 825 τῶν
1664 784 1702 825 ἐν
1722 788 1769 841 τῇ
1786 785 1932 840 Σύρτει,
1954 784 2081 841 ἐφεξῆς
2097 786 2137 827 δὲ
2159 787 2180 827 ὁ
2193 786 2411 842 Εὗφράντας
2426 790 2582 846 πύργος,

1352 846 1455 900 ὅριον
1468 848 1535 898 τῆς
1551 847 1733 901 πρότερον
1750 847 2018 902 Καρχηδονῖας
2037 850 2108 902 γῆς
2123 849 2188 889 καὶ
2208 852 2275 901 τῆς
2296 851 2505 906 Κυρηναίας
2517 856 2580 903 τῆς

1351 907 1424 949 ὑπὸ
1444 909 1679 965 Πτολεμαίῳ
1694 940 1705 958 ,
1737 909 1840 950 adeo
1861 918 1908 950 ut
1936 918 2048 950 certo
2071 910 2253 965 quodam
2278 920 2464 967 tempore
2482 915 2582 956 huc·

1353 984 1483 1024 usque
1512 971 1613 1011 fines
1638 972 1857 1026 protulisse
1889 973 2141 1026 Cyrenenses
2171 973 2400 1015 videantur.
2437 976 2499 1016 Cf.
2522 978 2582 1020 St.

1351 1032 1449 1085 Byz.
1488 1045 1498 1072 t
1527 1031 1728 1087 Εὕφραντα
1759 1032 1773 1088 (
1793 1033 1991 1089 Εὖφραντά
2013 1049 2052 1075 v.
2074 1035 2101 1075 l.
2123 1038 2156 1088 ),
2175 1036 2284 1083 πόλις
2302 1037 2461 1088 Λιὸυκή.
2490 1036 2586 1080 Ἀλέ-

1354 1092 1508 1149 ξανδρος
1536 1093 1574 1135 ἐν
1604 1094 1645 1150 γ’
1672 1095 1858 1136 Αιῧυκῶν.
1891 1097 1949 1136 Tb
1985 1095 2132 1137 ἐθνικὸν
2157 1097 2429 1153 Εὖφρανθαῖος.
2462 1101 2583 1155 Apud

1355 1155 1599 1196 Strabonem
1622 1155 1741 1211 λιμὴν
1766 1158 1972 1205 κάλλιστος
1995 1158 2125 1198 videri
2151 1162 2278 1214 possit
2300 1175 2429 1216 prope
2456 1164 2584 1217 Aspin

1355 1217 1602 1271 quaerendus
1625 1233 1725 1268 esse,
1746 1219 1818 1259 sed
1842 1220 1898 1260 ibi
1922 1220 2033 1260 bono
2055 1223 2194 1275 portui
2219 1223 2353 1263 nullus
2376 1232 2436 1264 est
2449 1223 2584 1276 locus3

1356 1279 1668 1334 componendus
1684 1295 1780 1321 cum
1795 1282 2047 1336 Euphrantae
2068 1284 2189 1324 turri.
2211 1285 2447 1340 Utrumque
2462 1288 2582 1340 perti-

1356 1347 1426 1379 net
1448 1339 1501 1380 ad
1518 1340 1619 1382 hod.
1642 1341 1779 1382 Mirscc
1807 1350 1848 1382 et
1864 1346 1996 1383 Kassr
2018 1344 2220 1399 Saphran,
2243 1345 2295 1385 de
2311 1361 2394 1400 quo
2410 1347 2586 1389 dubitari

1357 1403 1515 1455 nequit,
1540 1404 1613 1443 etsi
1634 1403 1827 1444 distantia
1855 1405 1897 1444 in
1920 1404 2032 1445 Stad.
2059 1414 2196 1446 notata
2217 1421 2300 1446 non
2325 1408 2440 1449 ducit
2475 1425 2591 1450 eous-

1356 1477 1451 1516 que,
1478 1472 1609 1519 quum
1626 1481 1710 1506 non
1735 1479 1831 1516 200,
1854 1466 1926 1507 sed
1947 1468 2026 1509 300
2046 1467 2130 1508 scre
2145 1469 2270 1510 stadis
2287 1471 2474 1526 δειρὴν-(ιη
2500 1471 2513 1527 (
2531 1474 2590 1513 vel

1358 1525 1542 1578 Zaffmn
1566 1530 1581 1582 )
1601 1537 1744 1583 portus
1767 1529 1783 1581 (
1804 1530 1874 1577 14⁰
1895 1528 1962 1568 21¹
1989 1528 2067 1578 14''
2088 1529 2199 1584 long.
2219 1533 2235 1584 )
2257 1546 2279 1571 a
2302 1532 2486 1572 Medinet
2501 1535 2591 1573 Sul-

1358 1597 1429 1627 tan
1450 1590 1467 1641 (
1487 1592 1572 1638 14⁰,
1587 1589 1675 1648 55',
1699 1590 1752 1630 3⁸
1771 1591 1882 1644 long.
1905 1593 1998 1632 Par.
2021 1591 2034 1647 )
2069 1591 2298 1646 disjunctus
2317 1595 2382 1634 sit.
2409 1595 2592 1652 Beechey

1357 1664 1398 1703 p.
1419 1652 1495 1704 137
1513 1665 1522 1691 ι
1549 1669 1563 1688 «
1583 1651 1746 1692 Zaffran
1759 1653 1831 1693 has
1844 1653 1947 1692 been
1965 1653 2169 1709 evidently
2183 1670 2205 1694 a
2221 1656 2398 1711 military
2414 1659 2561 1698 station
2575 1689 2586 1707 ,

1356 1712 1439 1751 and
1456 1714 1487 1752 it
1506 1714 1539 1752 is
1564 1714 1679 1754 there
1698 1715 1785 1754 that
1807 1729 1869 1755 we
1887 1715 2017 1768 began
2038 1724 2080 1756 to
2103 1718 2291 1770 perceive
2310 1732 2426 1759 more
2448 1720 2593 1775 clearly

1358 1774 1427 1813 the
1450 1784 1595 1815 nature
1614 1776 1663 1815 of
1673 1777 1789 1816 those
1815 1792 2040 1817 numerous
2063 1778 2369 1833 quadrangular
2387 1781 2593 1836 buildings

1358 1837 1494 1876 which
1517 1852 1586 1877 are
1609 1838 1809 1878 scattered
1830 1840 1872 1878 in
1893 1839 1943 1879 all
1964 1839 2186 1880 directions
2206 1856 2305 1881 over
2326 1839 2396 1882 tlie
2409 1844 2537 1898 Syrtis
2551 1846 2593 1884 in

1358 1900 1523 1953 passing
1552 1899 1661 1940 srom
1691 1900 1838 1941 Sooleb
1874 1909 1917 1940 to
1944 1902 2117 1954 Bengazi
2154 1922 2228 1943 n...
2254 1905 2301 1943 P.
2329 1905 2404 1957 139
2430 1918 2438 1944 :
2467 1925 2483 1940 «
2504 1906 2594 1946 The

1358 1969 1453 2014 port
1472 1970 1512 2001 at
1530 1961 1695 2002 Zaffran
1718 1963 1751 2002 is
1773 1963 1856 2003 also
1875 1964 2001 2003 much
2037 1963 2113 2004 less
2133 1964 2233 2005 than
2256 1965 2466 2021 formerly,
2493 1968 2590 2018 and,

1359 2022 1438 2063 like
1457 2024 1546 2064 that
1585 2033 1626 2065 at
1656 2024 1827 2076 Lebida,
1859 2025 1999 2080 nearly
2036 2025 2146 2066 filled
2175 2041 2232 2081 up
2264 2028 2364 2068 with
2398 2029 2521 2080 sand;
2549 2046 2596 2071 so

1359 2084 1446 2124 that
1461 2085 1657 2139 although
1679 2087 1709 2125 it
1730 2095 1882 2127 cannot
1915 2102 2010 2127 now
2032 2086 2084 2126 be
2114 2087 2358 2130 considered
2384 2104 2426 2129 as
2445 2105 2468 2130 a
2490 2092 2597 2143 good

1360 2160 1439 2185 onc
1463 2147 1587 2199 (nor,
1625 2146 1797 2197 indeed,
1823 2148 1866 2186 in
1892 2149 1962 2188 the
1986 2157 2152 2203 present
2174 2152 2427 2204 acceptati0n
2452 2152 2500 2191 of
2527 2154 2596 2193 the

1360 2215 1480 2257 term,
1503 2223 1545 2247 as
1561 2223 1641 2262 any
1659 2217 1755 2262 port
1771 2217 1811 2248 at
1826 2210 1877 2249 all
1894 2210 1906 2264 )
1922 2211 1953 2249 it
1971 2224 2064 2264 may
2081 2211 2275 2266 certainly
2290 2212 2393 2251 have
2408 2212 2595 2254 afforded

1361 2282 1458 2323 very
1492 2268 1601 2322 good
1640 2269 1790 2310 shelter
1829 2271 1912 2310 and
1948 2271 2303 2312 accommodatior]
2341 2272 2406 2313 for
2450 2276 2592 2315 vessels

1360 2331 1462 2370 such
1486 2345 1528 2371 as
1548 2332 1666 2372 those
1696 2331 1744 2371 of
1758 2332 1827 2372 the
1842 2334 2040 2373 ancients.
2065 2336 2104 2374 It
2122 2334 2154 2373 is
2174 2333 2335 2375 formed
2355 2335 2410 2390 by
2433 2336 2594 2392 arocky

1359 2391 1588 2447 projection
1600 2425 1611 2444 ,
1638 2394 1773 2434 which
1793 2394 1995 2450 appeared
2014 2404 2058 2436 to
2076 2396 2180 2436 have
2198 2396 2301 2437 been
2324 2398 2456 2453 partly
2475 2408 2595 2439 natu-

1360 2454 1420 2494 ral
1440 2454 1520 2495 and
1537 2456 1670 2512 partly
1691 2456 1897 2507 artificia13
1919 2456 2001 2497 and
2026 2458 2183 2512 though
2206 2458 2256 2499 its
2273 2458 2597 2502 inconsiderable

1361 2518 1441 2557 size
1461 2518 1601 2559 would
1619 2528 1693 2560 not
1723 2520 1841 2561 allow
1865 2521 2009 2561 vessels
2039 2522 2082 2560 in
2101 2522 2132 2561 it
2157 2529 2199 2561 to
2222 2522 2311 2561 ride
2341 2522 2447 2562 clear
2468 2523 2516 2562 of
2529 2524 2594 2564 the

1362 2579 1456 2619 surf
1468 2581 1511 2623 in
1535 2596 1558 2621 a
1577 2581 1662 2635 gale
1685 2581 1734 2622 of
1750 2582 1878 2632 wind,
1903 2591 1971 2638 yet
1988 2584 2031 2622 in
2051 2583 2260 2624 moderate
2282 2585 2461 2625 weather
2483 2585 2600 2628 there

1361 2641 1500 2682 would
1519 2642 1571 2683 be
1594 2644 1707 2698 quite
1729 2643 1936 2684 sufficient
1958 2644 2107 2685 shelter
2126 2644 2190 2685 sor
2211 2645 2324 2685 them
2347 2654 2389 2685 to
2405 2637 2499 2685 load
2517 2646 2596 2686 and

1361 2703 1516 2745 unload
1529 2721 1540 2755 3
1563 2705 1644 2746 and
1674 2707 1716 2746 in
1746 2706 1815 2747 the
1845 2715 1965 2747 event
1987 2706 2036 2747 of
2051 2722 2075 2747 a
2093 2706 2179 2761 gale
2203 2707 2300 2762 they
2322 2707 2454 2761 might
2471 2708 2600 2763 easely

1361 2767 1464 2808 have
1482 2767 1586 2808 been
1619 2768 1770 2809 hauled
1793 2784 1849 2824 up
1879 2784 1934 2810 on
1954 2770 2024 2810 the
2060 2769 2206 2810 beach.
2227 2794 2284 2800 ——
2314 2770 2404 2810 The
2423 2771 2600 2810 remains

1362 2845 1416 2870 on
1439 2831 1509 2871 the
1530 2831 1660 2872 beach
1683 2846 1752 2872 are
1772 2831 2036 2872 constructed
2069 2832 2170 2880 with
2191 2831 2322 2886 larger
2344 2841 2481 2873 stones
2500 2833 2600 2873 than

1363 2906 1432 2932 are
1451 2893 1607 2948 usually
1621 2893 1837 2949 employed
1855 2894 1896 2933 in
1917 2894 1986 2933 the
2002 2894 2146 2948 Syrtis,
2165 2893 2262 2944 and,
2281 2893 2388 2934 from
2407 2894 2516 2935 what
2533 2909 2594 2935 we
2649 2894 2653 2899 ⁴

1365 2954 1487 2994 could
1503 2956 1691 3010 perceive
1713 2955 1762 2996 of
1780 2955 1908 3006 them,
1927 2955 1990 2996 for
2011 2956 2079 2996 the
2098 2964 2190 3010 tops
2213 2956 2309 3011 only
2332 2971 2481 3011 appear
2502 2957 2598 2996 abo-

1366 3030 1415 3055 ve
1436 3016 1504 3056 the
1520 3016 1638 3067 sand,
1657 3016 1760 3056 have
1779 3016 1883 3057 been
1904 3017 2008 3058 built
2029 3018 2130 3058 with
2146 3032 2261 3057 more
2280 3018 2379 3057 than
2406 3031 2598 3057 common

1366 3079 1568 3125 attention
1605 3087 1648 3118 to
1670 3078 1978 3134 workmanship
2010 3079 2093 3119 and
2126 3079 2360 3133 regularity.
2381 3080 2529 3118 Traces
2558 3077 2601 3118 01

1368 3140 1555 3195 building
1578 3155 1671 3196 may
1693 3141 1776 3181 also
1794 3141 1846 3180 be
1866 3141 2064 3181 observed
2088 3140 2152 3180 for
2174 3140 2312 3194 nearly
2330 3155 2354 3180 a
2377 3140 2470 3180 mile
2493 3139 2598 3179 srom

1366 3202 1436 3243 the
1450 3205 1587 3244 Mersa
1599 3212 1641 3243 to
1663 3203 1731 3242 the
1753 3202 1967 3252 eastward,
1989 3202 2070 3242 and
2087 3203 2155 3242 the
2170 3202 2302 3242 whole
2324 3202 2437 3256 place
2456 3202 2488 3241 is
2505 3209 2601 3241 stre-

1366 3265 1457 3306 wed
1476 3266 1576 3306 with
1597 3265 1817 3318 fragments
1838 3265 2074 3319 ospottery.
2098 3282 2114 3301 »
2129 3288 2186 3294 —-
2202 3264 2393 3304 Ceterum
2413 3263 2465 3303 ad
2487 3263 2600 3303 hunc

1367 3328 1505 3368 locum
1528 3342 1623 3368 cum
1651 3327 1803 3380 Lapieo
1826 3335 1866 3366 et
1892 3327 2061 3366 Barthio
2082 3324 2343 3367 referendum
2368 3334 2428 3365 est
2447 3339 2598 3366 nomen

1365 3389 1565 3444 punicum
1594 3387 1795 3437 stationis,
1834 3401 1925 3441 quae
1947 3388 1990 3427 in
2015 3388 2112 3428 Itin.
2136 3395 2306 3427 vocatur
2339 3386 2600 3428 Macomades

1369 3450 1410 3490 in
1438 3449 1548 3505 Syrti
1578 3450 1594 3502 (
1612 3450 1662 3497 34
1681 3448 1781 3488 mill.
1803 3448 1854 3488 ab
1871 3448 2052 3504 Iscina),
2081 3450 2123 3489 in
2155 3448 2261 3488 Tab.
2283 3449 2599 3502 Peutingeriana

1365 3510 1627 3553 Macomades
1647 3510 1838 3551 Selorum.
2123 3542 2130 3547 .

1424 3577 1530 3627 §89.
1549 3573 1606 3612 Δυ
1619 3588 1643 3613 σ
1654 3589 1684 3612 ω
1696 3573 1752 3613 πό
1766 3589 1784 3613 ν
1801 3574 1816 3628 ]
1836 3586 1987 3613 nomen
2003 3572 2169 3613 aliunde
2188 3587 2273 3614 non
2292 3581 2455 3614 notum.
2477 3574 2600 3628 Apud

1365 3637 1630 3678 Ptolemaeum
1656 3637 1841 3688 sequitur
1861 3635 2073 3690 Σακάμαζα
2103 3636 2242 3692 κώμη;
2267 3637 2325 3676 sic
2349 3636 2504 3685 Wilb.;
2530 3636 2602 3675 Σα-

1367 3700 1522 3753 κάζαμα
1545 3698 1679 3750 vulgo,
1714 3696 1839 3751 idque
1861 3697 2012 3738 rectius
2027 3729 2038 3748 ,
2058 3706 2182 3753 puto,
2215 3711 2346 3753 quum
2368 3702 2600 3749 Zagazaeua

1367 3761 1575 3802 mansioin
1593 3760 1764 3799 T.Peut.
1786 3768 2054 3811 memoretur,
2073 3761 2140 3801 cui
2156 3759 2264 3800 idem
2284 3774 2434 3800 nomen
2446 3759 2599 3808 subest;

1372 3836 1620 3878 quamquam
1637 3835 1684 3861 ea
1700 3823 1861 3862 mansio
1880 3821 1931 3862 ad
1952 3831 2133 3863 nostram
2153 3823 2361 3875 regionem
2378 3835 2461 3860 non
2479 3821 2603 3875 perti-

1370 3893 1454 3935 net,
1479 3897 1613 3937 neque
1638 3897 1821 3923 errorem
1841 3883 2062 3924 Ptolemaeo
2080 3883 2273 3923 tribueris
2299 3882 2419 3922 talem
2441 3881 2599 3935 qualem

1369 3946 1514 3987 tribuit
1543 3945 1733 3985 Barthius
1762 3960 1804 4000 p.
1838 3947 1934 3999 372.
1958 3945 2170 3999 Σακάζαμα
2200 3943 2308 3984 idem
2330 3943 2442 3983 locus
2464 3943 2599 3994 suerit,
