2808 4342
96 175 154 235 <24
165 175 311 236 -26.)

94 278 163 323 τὸν
196 277 362 332 κόλπον,
405 273 452 319 τὸ
491 270 645 324 πλάτος
683 273 739 323 ὡς
778 270 954 318 σταδίων
994 275 1256 336 τριακοσίων,
1289 277 1326 320 οἱ

95 347 286 398 πλέοντες
321 346 376 396 εἷς
421 335 646 405 Βαρύγαζα
683 342 981 404 διαπερῶνται,
1026 342 1068 396 ἐξ
1106 343 1326 405 εὐωνύμων

97 416 306 479 ἀκροφανῆ
345 409 647 468 καταλιπόντες,
679 409 754 466 τὴν
783 413 922 469 νῆσον,
951 411 1075 473 (καὶ)
1111 415 1166 464 εἷς
1198 412 1325 469 αὐτὴν

98 483 231 546 [τὴν]
250 479 453 535 ἀνατολὴν
476 481 542 524 ἐπ’
569 479 669 524 αὐτὸ
695 478 742 524 τὸ
767 478 901 539 στόμα
925 483 995 526 τοῦ
1025 485 1215 541 ποταμοῦ
1240 485 1328 528 Βα-

48 571 68 599 5
94 551 289 615 ρυγάζων·
308 548 472 611 λέγεται
490 548 533 593 δὲ
551 547 673 599 αὖτὸς
694 550 716 593 ὁ
733 548 920 607 ποταμὸς
944 549 1197 608 Ναμνάδιος.

153 636 208 667 43.
244 618 297 666 Ὅ
318 618 360 664 δὲ
379 617 528 669 κόλπος
547 616 667 669 αὐτὸς
688 618 709 661 ὃ
729 615 839 661 κατὰ
858 616 1085 679 Βαρύγαζα
1109 617 1244 671 στενὸς
1268 615 1325 662 ὢν

93 697 173 743 τοῖς
196 687 472 747 ἐκ·πελάγους
504 684 741 750 ἐρχομένοις
764 685 851 731 ἐστὶ
875 685 1162 739 δυσεπίὸολος·
1186 686 1212 742 ἢ
1249 685 1328 748 γὰρ

95 760 232 813 εἷς’τόι
262 759 371 813 δεξιὰ
401 756 427 813 ἢ
460 760 513 809 εἷς
532 755 584 802 τὰ
618 755 809 815 εὐώνυμα
839 756 1192 819 παραπίπτουσιν,
1225 750 1253 818 ᾗ
1282 774 1328 817 γε

95 828 490 891 ἐπιὸολὴ..κρείσσων
513 826 599 881 ἐστὶ
622 830 693 882 τηῦς
718 825 872 888 ἑτέρας.
940 826 1049 873 Ἀλλ’
1073 829 1118 872 ἐκ
1150 825 1224 887 μὲν
1247 829 1326 872 τῶν

31 910 70 940 10
94 899 232 954 δεξιῶν
271 897 361 944 κατ’
395 897 494 943 αὐτὸ
524 897 570 942 τὸ
607 895 740 956 στόμα
775 900 846 941 τοῦ
886 895 1040 942 κόλπου
1081 895 1329 960 παράκειται

94 969 227 1014 ταινία
275 973 450 1031 τραχεῖα
495 965 566 1012 καὶ
608 965 845 1024 διάσπιλος,
888 965 1054 1029 Ἣρώνη
1096 965 1326 1028 λεγομένη,

67 1086 70 1088 ,
94 1037 201 1083 κατὰ
226 1035 439 1097 Καμμωνὶ
460 1034 605 1094 κώμην
622 1052 631 1062 ·
659 1036 704 1079 ἐκ
725 1032 766 1078 ’δὲ
786 1035 868 1087 τῶν
893 1033 1112 1094 εὐωνύμων
1134 1035 1329 1080 ἀπέναντι

94 1106 246 1162 ταύτης
281 1106 329 1150 τὸ
352 1104 432 1166 πρὸ
465 1101 762 1163 Ἀστακοῖπρων
798 1102 1068 1164 ἀκρωτήριον,
1094 1107 1121 1159 ἡ
1153 1101 1328 1159 Παπικὴ

92 1174 295 1236 λεγομένη
310 1209 323 1235 ,
349 1174 547 1236 δύσορμος
567 1164 668 1217 οῧσα
691 1170 757 1216 διά
779 1189 823 1216 τε
842 1171 911 1217 τὸν
935 1175 1025 1236 ῥοῦν
1047 1172 1116 1218 τὸν
1142 1173 1236 1235 περὶ
1257 1175 1329 1218 αὖ·

34 1260 69 1288 15
95 1245 169 1300 τὴν
191 1244 263 1290 καὶ
283 1244 350 1290 διὰ
382 1243 429 1290 τὸ
451 1241 700 1289 ἀποκόπτειν
732 1241 805 1295 τὰς
825 1241 1006 1306 ἀγκύρας
1042 1242 1198 1305 τραχὺν
1230 1242 1329 1289 ὄντα

94 1314 165 1360 καὶ
183 1314 371 1376 πετρώδη
396 1313 462 1358 τὸν
492 1311 627 1374 βυθόν.
697 1311 787 1360 Κᾶν
815 1313 906 1358 κατ’
932 1311 1052 1358 αὐτὸν
1078 1311 1123 1358 δέ
1151 1331 1211 1364 τις
1230 1314 1330 1358 ε’πι-

94 1383 204 1444 ὅάλῃ
224 1383 292 1428 τὸν
313 1382 483 1442 κόλπον,
518 1381 617 1426 αὐτὸ
644 1381 689 1427 τὸ
714 1380 846 1442 στόμα
866 1386 937 1428 τοῦ
966 1382 1073 1428 κατὰ
1105 1380 1329 1444 Βαρύγαζα

94 1455 282 1510 ποταμοῦ
312 1449 551 1512 δυσεύρετόν
582 1452 669 1495 ἔστι
690 1450 757 1514 διὰ
781 1449 827 1495 τὸ
857 1449 929 1505 τὴν
956 1450 1095 1512 χώραν
1132 1451 1328 1506 ταπεινὴν

96 1511 198 1564 εἶναι
227 1517 298 1563 καὶ
330 1517 455 1573 μηδὲν
484 1517 696 1579 ἐγγύτερον
726 1517 925 1580 ἕνεχύρως
959 1523 1222 1580 θεωρεῖσθαι·
1251 1518 1329 1565 κᾶν

37 1607 78 1636 20
100 1590 263 1651 εὑρεθῇ,
289 1585 551 1638 δυσείσὸολός
574 1588 661 1631 ἐστι
681 1586 747 1631 διὰ
770 1585 821 1631 τὰ
838 1587 932 1648 περὶ
952 1588 1071 1633 αὐτὸν
1091 1587 1238 1648 τενάγη
1258 1593 1330 1634 τοῦ

95 1661 299 1716 ποταμοῦ.

156 1740 210 1771 44.
245 1723 407 1771 Τούτου
431 1722 553 1785 χάριν
577 1722 670 1786 περὶ
700 1722 824 1770 αὐτὸν
846 1723 915 1770 τὸν
950 1723 1143 1770 εἴσπλουν
1170 1728 1330 1787 βασιλι-

97 1794 163 1839 κοὶ
190 1793 316 1844 ἁλιεῖς
340 1793 517 1838 ἐντόπιοι
540 1791 794 1854 πληρώμασι
820 1797 988 1855 μακρῶν
1013 1795 1182 1851 πλοίων,
1208 1794 1232 1838 ἃ
1258 1795 1332 1839 λέ-

96 1880 213 1924 γεται
234 1861 462 1925 τράππαγα
494 1861 565 1907 καὶ
589 1861 802 1923 κότυμὸα,
826 1864 928 1925 πρὸς
960 1864 1190 1919 ἀπάντησιν
1220 1863 1330 1925 ἐξέρ-

33 1944 73 1974 25
95 1949 236 1994 χονται
268 1931 391 1994 μέχρι
426 1935 499 1986 τῆς
523 1933 840 1994 Συραστρηνῆς,
875 1931 944 1994 ἀφ’
967 1925 1022 1977 ὧν
1047 1934 1254 1993 ὁδηγεῒται
1278 1933 1330 1978 τὰ

52 2044 61 2051 ,
94 2003 219 2059 πλοῖα
242 2000 367 2063 μέχρι
385 2000 657 2063 Βαρυγάζων.
714 2001 912 2047 Κλίνουσι
931 2001 1009 2064 γὰρ
1029 2001 1141 2054 εὐθὺς
1162 2002 1332 2047 ἀπὸτοῦ

95 2069 298 2129 στόματος
328 2073 399 2115 τοῦ
423 2068 578 2115 κόλπου
603 2069 670 2114 διὰ
694 2068 843 2130 τενάγη
873 2073 957 2122 τοῖς
986 2071 1239 2133 πληρώμασι
1261 2070 1333 2116 καὶ

95 2140 392 2200 ῥυμουλκοῦσιν
429 2138 534 2183 αὐτὰ
568 2139 764 2198 σταθμοῖς
785 2139 865 2194 ἤδη
890 2140 1173 2200 τεταγμένοις,
1205 2146 1330 2202 ἀρχο-

64 2260 82 2265 a
97 2206 220 2266 μένης
239 2207 312 2268 μὲν
344 2211 416 2263 τῆς
439 2206 612 2266 πλήμης
647 2208 848 2269 αἴροντες,
886 2209 1108 2268 ἱσταμένης
1143 2208 1184 2253 δὲ
1220 2210 1334 2269 διορ-

35 2293 76 2324 30
96 2275 276 2335 μίζοντες
317 2275 424 2322 κατά
468 2294 579 2327 τινας
626 2275 775 2337 ὅρμους
813 2276 884 2320 καὶ
925 2278 1144 2338 κυθρίνους.
1211 2279 1265 2323 Οἱ
1290 2274 1333 2321 δὲ

95 2343 272 2405 κύθρινοι
292 2344 408 2389 τόποι
432 2344 507 2389 εἶσὶ
531 2349 603 2389 τοῦ
635 2349 825 2404 ποταμοῦ
852 2345 1065 2407 βαθύτεροι
1097 2344 1219 2406 μέχρι
1243 2348 1333 2390 Βα-

99 2413 296 2474 ρυγάζων·
322 2413 470 2473 ἀπέχει
494 2413 571 2475 γὰρ
596 2413 678 2457 ἀπὸ
698 2418 767 2458 τοῦ
792 2414 992 2473 στόματος
1015 2413 1098 2458 ἅνω
1126 2413 1240 2475 παρὰ
1263 2414 1331 2459 τὸν

96 2481 280 2539 ποταμὸν
299 2481 467 2540 κειμένη
492 2484 544 2532 ὡς
572 2480 748 2525 σταδίων
776 2481 1038 2542 τριακοσίων.

158 2564 215 2593 45.
256 2551 380 2594 Πᾶσα
404 2547 478 2606 μὲν
505 2552 531 2603 ἡ
557 2548 708 2602 Ἰνδικὴ
729 2548 845 2610 χώρα
874 2548 1082 2608 ποταμοὺς
1106 2549 1190 2610 ἔχει
1209 2549 1331 2594 πλεί-
1377 2583 1394 2588 2.

101 2697 137 2724 Ι.
166 2683 219 2723 τὸ
243 2683 396 2723 πλάτο
411 2685 454 2738 ς]
481 2683 525 2723 τὶ)
548 2683 714 2739 πέλαγος
737 2684 867 2724 codex
886 2693 926 2724 et
949 2684 1084 2734 editt„
1110 2684 1223 2738 quod
1243 2699 1334 2725 sen-

94 2759 187 2785 sum
207 2759 292 2785 non
309 2744 460 2785 fundit.
489 2745 580 2798 11-
594 2744 634 2786 5.
652 2745 719 2786 Να
731 2747 822 2800 μνά
834 2747 958 2801 ὄιος]
974 2747 1170 2801 Λαμναῖος
1185 2746 1331 2787 codex.

94 2806 313 2847 Ptolemaeo
329 2808 477 2848 fluvius
495 2815 664 2848 vocatur
680 2808 888 2862 Ναμάδης;
907 2809 1047 2862 lingua
1063 2810 1262 2848 sanserita
1276 2817 1336 2849 est

95 2867 313 2907 Narmdda
347 2870 362 2919 <
382 2883 567 2909 amoenus
591 2869 624 2926 ).
658 2870 841 2923 Νάμαδος
872 2871 934 2910 vel
965 2870 1179 2926 Νάμμαδος
1222 2870 1332 2924 conj.

95 2928 373 2971 Schwanbeck
386 2945 429 2986 p.
452 2934 555 2985 4993
573 2933 782 2987 Νάμναῧος
797 2947 876 2973 scr.
897 2933 1122 2974 Fabricius.
1144 2933 1337 2973 Fluvium

95 2989 205 3044 apud
237 2990 364 3032 Indos
394 2993 671 3047 percelebrem
702 2994 840 3034 multis
871 2994 1066 3035 describit
1093 2995 1224 3034 Ritter
1245 2995 1308 3034 VI
1321 3024 1332 3044 ,

96 3063 138 3105 p.
163 3052 240 3093 568
260 3068 350 3108 sqq.
374 3058 450 3095 621
481 3070 572 3110 sqq.

152 3116 259 3166 §4:3,
276 3115 304 3156 l.
325 3120 363 3157 6.
387 3116 408 3156 ὁ
425 3116 472 3157 δὲ
495 3117 609 3159 κολπ.
629 3118 644 3173 ]
666 3119 686 3159 ὅ
706 3134 746 3159 τε
767 3134 802 3160 κ.
829 3118 942 3170 cod.;
960 3134 1040 3159 em.
1063 3118 1223 3160 Fabric.
1245 3119 1262 3172 Η
1283 3143 1338 3149 -

100 3177 140 3215 8.
167 3171 191 3231 ᾗ
216 3178 306 3231 γε]
334 3178 417 3229 ἥτε
437 3179 583 3221 codex.
612 3182 704 3235 11-
741 3194 806 3222 11.
835 3182 1126 3236 διάσπιλος]
1154 3196 1236 3222 vox
1268 3181 1339 3221 ali-

101 3234 145 3274 bi
162 3250 247 3276 non
267 3239 402 3289 obvia,
422 3250 624 3295 quantum
641 3243 781 3283 sciam.
805 3244 820 3296 {l
839 3268 896 3274 —
919 3257 982 3284 12.
1000 3244 1178 3299 Καμμω
1192 3243 1261 3298 vl]
1281 3244 1339 3283 sic

101 3296 251 3347 codex3
274 3299 456 3354 Καμάνην
482 3302 583 3344 dicit
600 3304 842 3346 Ptolemaeus
860 3307 958 3355 VII,
988 3320 1025 3356 1,
1055 3307 1127 3361 qui
1149 3307 1289 3347 locum
1315 3320 1338 3346 a

99 3357 281 3401 Namade
296 3361 339 3403 fl.
353 3362 520 3405 boream
539 3380 678 3407 versus
694 3368 797 3408 male
810 3368 994 3410 collocat.
1015 3369 1031 3423 Η
1051 3393 1108 3400 -
1123 3370 1187 3415 13.
1211 3367 1339 3409 Ἀστα-

102 3422 285 3477 κάμπρων
309 3424 452 3467 codex.
470 3427 570 3468 Vid.
595 3443 735 3483 supra.
758 3431 774 3483 11
790 3454 846 3460 -
869 3445 934 3484 19.
965 3447 1024 3486 μη
1037 3431 1116 3472 δὲν
1138 3431 1254 3487 ἐγγύ
1267 3446 1288 3471 τ
1302 3446 1338 3471 ε-

103 3497 180 3536 ρον
199 3482 214 3536 ]
234 3483 311 3537 leg.
332 3495 392 3526 est
413 3496 483 3528 aut
504 3489 569 3528 καὶ
584 3489 700 3544 μηδὲν
720 3489 771 3545 μὴ
794 3490 998 3547 ἐγγύτερον
1023 3493 1065 3533 ὄν
1082 3501 1154 3533 aut
1169 3493 1232 3533 καὶ
1247 3492 1336 3547 μηδ’

107 3543 312 3599 ἐγγύτερον
336 3547 432 3588 ὄντι.

159 3609 181 3658 S
203 3610 272 3655 44,
291 3607 319 3648 l.
342 3621 411 3662 29.
431 3609 632 3667 ἱσταμ.]
656 3612 791 3667 ἓσταμ.
818 3613 930 3664 cod.;
956 3629 1036 3655 em.
1058 3615 1285 3656 Fabricius.
1318 3617 1332 3669 1}

103 3693 159 3699 —
178 3669 244 3710 30.
265 3685 319 3709 κυ
334 3671 352 3709 0
367 3686 386 3725 ρ
402 3671 443 3711 ίν
456 3686 504 3711 ου
518 3674 564 3727 ς]
588 3676 650 3713 De
672 3689 770 3714 voce
786 3689 824 3715 v.
844 3676 983 3730 Steph.
1001 3677 1125 3717 Thes.
1149 3691 1188 3717 v.
1206 3677 1340 3732 χύτρι·

107 3744 169 3777 νος
187 3737 226 3770 et
241 3729 457 3772 Salmasius
472 3734 642 3774 Exercc.
661 3734 766 3775 Plin.
789 3750 831 3790 p.
859 3737 926 3777 83.
955 3738 970 3790 Η
993 3761 1050 3768 -
1067 3738 1134 3778 33.
1157 3739 1206 3786 ὡς
1227 3748 1283 3780 ot
1296 3754 1338 3779 α-

106 3791 228 3831 δίων
262 3807 316 3846 τρ
333 3808 493 3834 ιακοσ.
520 3796 535 3852 ]
561 3795 624 3835 Ibi
657 3810 770 3836 nunc
803 3796 904 3836 urbs
939 3805 1108 3838 vocatur
1136 3801 1335 3840 Baroach.

107 3854 268 3907 Lingua
289 3856 486 3897 sanserita
513 3871 664 3898 nomen
684 3872 830 3898 sonare
852 3858 1015 3900 videtur
1040 3859 1167 3912 Briga
1187 3860 1338 3902 kalc'lza

108 3916 124 3967 (
143 3916 255 3968 regio
277 3916 444 3959 litoralis
465 3920 642 3973 Brigu),
668 3920 740 3960 sed
762 3919 888 3961 dubia
917 3935 982 3961 res
1003 3929 1077 3962 est.
1100 3923 1156 3963 V.
1186 3924 1338 3965 Lassen

108 3976 203 4017 Iml.
219 3978 361 4031 Alt.1‚
374 3993 416 4036 p.
439 3993 531 4036 107.
547 3981 669 4036 Apud
682 3982 818 4022 Hiuan
832 3982 998 4036 Thsang
1013 3997 1055 4038 p.
1078 3984 1157 4037 39²
1171 3993 1340 4026 vocatur

929 172 1233 221 PERIPLUS·
1255 175 1448 223 MARIS
1484 178 1826 226 ERYTHRAEI.

2533 204 2611 243 291

1396 292 1536 326 torum
1558 286 1643 328 fere
1664 287 1892 329 stadiorum
1921 288 2137 331 latitudine
2150 322 2162 341 ,
2187 294 2386 348 Barygaza
2411 306 2593 350 petentes
2609 334 2620 351 ‚

1395 364 1536 407 relicta
1552 380 1576 407 a
1595 368 1769 408 sinistris
1785 368 1940 420 insula,
1961 369 2064 410 adeo
2082 379 2129 411 ut
2158 373 2226 412 vix
2244 379 2492 428 apparuerit,
2514 382 2623 435 traji-

1396 447 1511 488 ciunt
1529 462 1669 490 versus
1688 458 1828 491 ortum
1846 451 2065 506 ipsumque
2084 466 2129 493 os
2149 453 2262 493 fluvii
2278 456 2536 510 Barygazeni‚
2555 465 2624 516 qui

1394 537 1564 570 vocatur
1581 530 1853 572 Namnadius.
2238 527 2248 536 ⁹

1453 624 1523 671 43.
1551 626 1645 679 Ipse
1663 634 1800 667 autem
1823 627 1936 667 sinus
1957 627 2010 668 ad
2038 630 2239 684 Barygaza
2270 646 2397 686 quum
2422 635 2474 674 sit
2503 649 2627 691 angu-

1397 693 1505 735 stus,
1532 685 1743 728 difficilem
1767 703 1818 728 ex
1835 689 1916 730 alto
1936 692 2192 732 venientibus
2213 708 2419 736 accessum
2447 698 2627 751 praebet3

1398 755 1468 788 aut
1499 748 1677 789 enimin
1709 750 1854 792 dextra
1885 753 2081 794 excidunt
2105 764 2174 795 aut
2199 757 2238 796 in
2270 758 2455 810 sinistra3
2487 775 2630 815 quam·

1398 823 1523 864 quam
1556 811 1655 852 hinc
1690 826 1874 854 accessus
1901 815 2028 855 altero
2064 817 2206 857 melior
2238 827 2311 859 est.
2371 816 2572 864 Videlicet
2607 839 2629 865 a

1398 874 1553 917 dextris
1572 877 1624 918 ad
1645 878 1782 934 ipsum
1804 881 1917 921 sinus
1940 882 2090 922 ostium
2124 885 2242 924 taenia
2261 899 2401 940 aspera
2432 889 2629 943 scopulis-

1398 956 1479 996 que
1507 943 1720 996 distincta‚
1746 960 1837 1000 quae
1870 948 2035 988 Herone
2055 958 2237 1000 vocatur,
2272 965 2293 990 e
2319 953 2484 1006 regione
2511 955 2631 995 Cam-

1398 1010 1513 1050 moni
1541 1012 1619 1052 vici
1652 1012 1914 1064 extendum-3
1939 1029 1962 1054 a
1990 1015 2162 1056 sinistris
2194 1025 2329 1057 autem
2354 1027 2496 1061 contra
2524 1021 2631 1063 hanc

1398 1083 1528 1116 exstat
1563 1076 1795 1132 projectum
1827 1081 2063 1135 Astacapris
2095 1083 2240 1137 Papice
2270 1087 2627 1138 promontorium,

1398 1141 1511 1195 quod
1534 1144 1708 1185 navibus
1722 1145 1973 1200 appellendis
1991 1161 2064 1201 per
2082 1155 2141 1188 est
2156 1149 2483 1202 incommodum,
2502 1167 2631 1207 quum

1398 1206 1534 1248 fluxus
1555 1210 1740 1250 marinus
1760 1210 1869 1251 circa
1891 1211 1935 1252 id
1959 1211 2112 1254 feratur
2132 1228 2372 1270 ancoraeque
2406 1217 2536 1258 fundo
2562 1233 2632 1274 pe·

1398 1274 1471 1313 tris
1511 1276 1664 1329 asperis
1693 1275 1889 1317 horrente
1928 1277 2198 1320 dissecentur.
2273 1282 2432 1321 Verum
2474 1284 2633 1324 etiamsi

1398 1339 1442 1379 in
1464 1340 1601 1381 sinum
1635 1340 1807 1383 feliciter
1838 1343 1984 1398 aliquis
2016 1345 2220 1398 ingressus
2249 1347 2324 1396 sit,
2345 1348 2494 1387 ostium
2519 1349 2633 1390 ssuvii

1397 1406 1642 1460 Barygazeni
1665 1407 1778 1448 haud
1813 1407 1928 1448 facile
1951 1410 2176 1460 invenitur,
2201 1411 2398 1464 quoniam
2420 1414 2634 1454 continens

1397 1469 1639 1523 perhumilis
1658 1480 1718 1511 est
1739 1486 1874 1526 neque
1897 1473 2127 1527 quidquam
2142 1505 2152 1524 ,
2180 1475 2258 1529 nisi
2291 1476 2528 1530 proximum
2558 1478 2632 1529 sit,

1399 1541 1489 1576 tuto
1507 1536 1774 1591 conspicitur.
1834 1535 1998 1588 Quodsi
2028 1551 2125 1578 vero
2143 1539 2267 1579 etiam
2288 1540 2493 1581 inveneris
2508 1572 2520 1592 ‚
2542 1542 2634 1583 bre-

1401 1602 1464 1641 via
1492 1615 1583 1655 quae
1619 1602 1671 1642 ad
1694 1602 1846 1642 ostium
1882 1602 2065 1643 fluminis
2095 1611 2214 1654 sunt,
2255 1603 2413 1646 aditum
2452 1606 2634 1661 praebent

1399 1666 1625 1707 difficilem.

1456 1734 1524 1779 44.
1558 1725 1696 1784 Quare
1728 1732 1929 1786 indigenae
1953 1734 2058 1787 regis
2080 1734 2302 1788 piscatores
2327 1733 2379 1774 ad
2406 1735 2541 1789 ipsum
2569 1737 2632 1775 in·
2695 1771 2699 1774 .

1402 1802 1575 1840 troitum
1601 1816 1696 1841 cum
1726 1802 1858 1855 longis
1881 1802 2129 1856 quibusdam
2161 1803 2348 1853 navibus,
2374 1817 2474 1857 quas
2503 1805 2635 1858 Trap-

1402 1883 1505 1924 paga
1526 1878 1567 1911 et
1592 1870 1794 1926 Cotymba
1814 1870 1957 1925 lingua
1989 1870 2205 1911 vernacula
2226 1871 2450 1926 appellant,
2487 1871 2636 1912 adven-

1402 1939 1583 1979 tantibus
1626 1940 1670 1979 in
1709 1953 1926 1980 occursum
1977 1938 2244 1992 egrediuntur
2281 1939 2334 1980 ad
2371 1940 2635 1994 Syrastrenen

1403 2020 1554 2060 usque,
1577 2015 1618 2047 et
1637 2009 1842 2062 Barygaza
1863 2020 1986 2047 naves
2015 2005 2244 2047 deducunt.
2303 2007 2357 2046 Hi
2379 2008 2490 2047 enim
2523 2008 2635 2047 navi-

1402 2074 1477 2127 giis
1499 2075 1583 2114 suis
1617 2075 1752 2115 statim
1782 2074 1834 2115 ab
1856 2075 1962 2115 ostio
1985 2075 2098 2114 sinus
2120 2089 2193 2129 per
2215 2074 2356 2115 brevia
2377 2075 2570 2125 flectunt,
2596 2083 2636 2115 et

1402 2141 1578 2182 advenas
1597 2156 1720 2182 naves
1742 2142 1925 2182 remulco
1951 2142 2124 2182 trahunt
2142 2141 2342 2182 ordinatis
2362 2143 2630 2192 stationibus;

1402 2208 1620 2249 accedente
1642 2217 1743 2249 aestu
1769 2209 1952 2258 solvunt,
1977 2209 2192 2249 recedente
2214 2210 2257 2248 in
2289 2218 2417 2250 certas
2436 2209 2633 2263 quasdam

1403 2279 1597 2318 stationes
1633 2286 1673 2317 et
1708 2278 1919 2331 cythrinos
1953 2292 1995 2317 se
2027 2278 2245 2332 recipiunt.
2305 2279 2408 2318 Sunt
2439 2292 2535 2317 vero
2567 2292 2634 2331 cy-

1405 2347 1530 2386 thrini
1553 2347 1642 2386 loca
1666 2347 1780 2386 fluvii
1798 2345 2076 2400 profundiora
2093 2360 2222 2399 usque
2237 2346 2289 2385 ad
2310 2341 2525 2400 Barygaza,
2544 2359 2635 2400 quae

1405 2414 1503 2453 urbs
1541 2413 1592 2453 ab
1626 2404 1732 2453 ostio
1764 2413 1972 2463 fluminis,
2013 2413 2078 2452 cui
2105 2411 2286 2465 adjacet,
2329 2413 2520 2453 trecentis
2550 2412 2635 2453 sere

1404 2481 1527 2522 distat
1546 2480 1701 2521 stadiis.

1459 2549 1527 2597 45.
1550 2549 1762 2589 Universa
1780 2546 1948 2602 quidem
1969 2547 2089 2588 India
2111 2547 2257 2587 fluvios
2277 2547 2399 2587 habet
2416 2546 2631 2600 plurimos,

1407 2684 1867 2738 Palou-lsotsclzen-plzo‚
1884 2681 1999 2736 quod
2013 2681 2148 2722 indice
2162 2689 2223 2722 est
2238 2694 2247 2721 ε
2271 2684 2314 2722 V
2311 2680 2632 2730 cirilsalc’hablnz‚

1406 2747 1434 2786 i.
1457 2761 1494 2786 e.
1516 2747 1629 2799 regio
1646 2745 1835 2800 palustris
1852 2745 2070 2798 (v.Ritter.
2091 2744 2208 2794 XIV,
2233 2757 2275 2798 p.
2296 2743 2374 2796 393
2392 2742 2424 2799 ).
2447 2743 2636 2784 Nicolaus

1405 2811 1647 2849 Damascen.
1669 2822 1735 2862 ap.
1761 2807 1952 2848 Strabon.
1980 2808 2097 2856 XVI,
2129 2821 2171 2860 p.
2202 2819 2282 2860 720
2300 2805 2501 2860 Βαργόσην
2521 2805 2633 2847 dicit.

1404 2871 1560 2910 Mirum
1580 2878 1640 2909 est
1661 2867 1775 2923 quod
1794 2883 1860 2923 ap.
1885 2868 2079 2923 Stephan.
2101 2869 2198 2922 Byz.
2218 2866 2366 2920 legitur
2384 2880 2393 2907 :
2418 2867 2634 2922 Βαρύγαζα,

1407 2930 1588 2986 ἐμπόριον
1612 2931 1693 2971 Pe&
1707 2946 1726 2985 ρ
1739 2946 1802 2970 ωσ
1816 2931 1826 2969 ί
1838 2945 1886 2978 ας
1901 2934 1977 2970 τῶν
2002 2930 2144 2984 σφόδρα
2161 2929 2370 2983 ἐπισήμων·
2394 2929 2431 2969 οἱ
2450 2928 2638 2976 οἰκοῦντες

1406 2995 1472 3034 καὶ
1499 2994 1520 3034 ὁ
1543 2993 1686 3041 κόλπος
1718 2993 1998 3047 Βαρυγαζηνοί.
2032 2992 2095 3032 Cf.
2120 2992 2225 3032 Ptol.
2251 2993 2346 3041 VII,
2376 3005 2412 3032 1.
2435 2991 2636 3032 Lamhens

1406 3055 1717 3096 meridionalem
1728 3055 1842 3095 urbis
1858 3062 2015 3109 partem
2031 3052 2255 3095 Nerbudda
2266 3053 2412 3092 fluvius
2422 3051 2636 3106 profundi-

1407 3126 1488 3159 tate
1503 3119 1605 3159 adeo
1620 3127 1743 3168 caret,
1762 3126 1807 3157 ut
1822 3117 1984 3157 nonnisi
1995 3115 2164 3169 juvante
2176 3115 2299 3155 maris
2320 3114 2435 3153 ssuxu
2444 3121 2482 3153 et
2496 3112 2635 3154 Africo

1408 3190 1530 3222 vento
1562 3181 1614 3222 ad
1645 3181 1790 3221 urbem
1818 3177 2064 3219 adscendere
2097 3178 2253 3231 possint
2289 3190 2410 3216 naves
2442 3175 2632 3225 leviores;

1408 3244 1557 3298 quibus
1576 3257 1672 3283 vero
1695 3256 1799 3295 aqua
1816 3240 1994 3280 sulcatur
2012 3237 2271 3293 profundius,
2294 3251 2344 3277 ne
2364 3245 2448 3277 tum
2468 3235 2634 3290 quidem

1408 3319 1625 3345 arenarum
1657 3304 1818 3344 taeniam
1853 3315 2042 3356 superare
2061 3301 2173 3349 licet,
2205 3313 2295 3353 quae
2321 3299 2423 3338 ostia
2459 3298 2572 3337 fluvii
2592 3299 2635 3338 in

1408 3367 1525 3407 litore
1555 3365 1774 3421 perhumili
1802 3363 2098 3416 arboribusque
2124 3375 2291 3416 prorsus
2331 3359 2526 3417 destituto
2562 3358 2634 3400 ob·

1408 3430 1541 3469 struit.
1579 3428 1657 3468 Vel
1691 3428 1748 3467 sic
1768 3434 1902 3466 tamen
1939 3423 2254 3479 opportunitatis
2289 3420 2508 3462 commoda
2539 3420 2637 3461 huic

1408 3491 1498 3531 loco
1518 3488 1807 3537 vindicaveris,
1833 3485 2035 3540 siquidem
2067 3485 2238 3525 interior
2259 3484 2371 3523 sinus
2389 3497 2483 3537 pars
2506 3481 2635 3523 multo

1408 3552 1709 3608 impeditiorem
1725 3549 1778 3590 ob
1798 3562 2015 3588 arenarum
2038 3546 2222 3587 cumulos
2241 3546 2542 3600 navigationem
2563 3544 2634 3585 ha-

1408 3616 1492 3664 bet,
1527 3629 1573 3654 ac
1594 3613 1728 3668 parvis
1749 3609 2038 3651 tantummodo
2064 3609 2235 3664 navigiis
2258 3608 2272 3664 (
2291 3607 2419 3661 crosts
2435 3614 2580 3646 vocant
2600 3605 2631 3660 ),

1410 3691 1499 3732 quae
1516 3691 1539 3716 a
1559 3675 1769 3715 levissimis
1803 3672 2014 3714 Gullivats
2039 3671 2158 3712 dictis
2189 3670 2370 3712 remulco
2401 3669 2630 3716 trahuntur,

1409 3751 1565 3779 accessa
1582 3738 1647 3776 sit.
1668 3736 1855 3789 Denique
1882 3748 1972 3789 quae
1990 3732 2042 3774 de
2064 3733 2217 3787 ingenti
2240 3733 2373 3773 fluxus
2396 3738 2435 3770 et
2455 3729 2632 3769 refluxus

1409 3801 1447 3840 vi
1474 3800 1581 3839 circa
1602 3795 1833 3838 Nerbuddce
1862 3796 1966 3837 ostia
1997 3796 2245 3836 recentiores
2277 3792 2458 3840 tradunt,
2480 3791 2633 3844 optime
2663 3841 2666 3844 ‚

1409 3860 1557 3915 Peripli
1588 3859 1865 3899 narrationem
1890 3857 2134 3899 confirmant
2157 3856 2170 3911 (
2193 3855 2300 3895 Vide
2321 3852 2473 3894 For-bes
2496 3850 2633 3891 Orien-

1412 3922 1472 3962 ταί
1501 3920 1695 3962 Μοηιοίιις
1728 3928 1758 3960 t.
1784 3923 1839 3971 ΙΙ,
1865 3934 1906 3975 p.
1945 3923 1968 3961 8
2006 3933 2096 3973 sqq.
2126 3920 2216 3965 104.
2259 3928 2349 3956 112.
2375 3914 2519 3954 Riuer.
2555 3913 2630 3960 vl,

1409 3999 1451 4039 p.
1475 3987 1552 4037 627
1570 3996 1631 4036 sq.
1652 3984 1684 4036 ).

2416 4053 2465 4082 19.
