2808 4342
378 259 1093 340 MAPKIANOY

240 408 708 505 ΗΡΑΚΛΕΩΤΟΥ
750 447 885 493 ΤΟΥ
928 450 1218 499 ΠοΝΤοΥ

304 607 1160 713 ΠΕΡΙΠΛΟΥΣ

180 819 378 901 ΤΗΣ
437 821 627 898 Em
691 827 1263 932 ΘΑΛΑΣΣΗΣ,

453 1014 593 1049 mor
624 1009 713 1051 ΚΑΙ
745 1014 1007 1067 ΕΣΠΕΡῙΟΥ,

217 1076 304 1114 ΚΑΙ
336 1081 435 1116 ΤΩΝ
467 1083 533 1119 EN
564 1083 706 1119 ΑΥΤΗι
737 1087 995 1124 ΜΕΓῙΣΤΩΝ
1039 1090 1227 1125 ΝΗΣΩΝ.

562 1222 659 1257 ΤΩΝ
691 1223 772 1257 ΕΙΣ
803 1225 891 1259 ΔΥΟ

456 1351 544 1396 ΤΟ
579 1353 989 1401 ΠΡΟΤΕΡΟΝ.

665 1518 770 1526 —..

594 1618 853 1655 ΥΠΟΘΕΣΙΣ.

95 1810 157 1848 καὶ
179 1812 424 1859 μεσημὸρινοῠ
444 1813 623 1850 ὠκεανοῦ.

144 1865 357 1914 ῘῘροοίμηιον

41 1950 46 1952 .
143 1921 225 1957 Τῶν
241 1921 278 1957 δε
262 1921 364 1964 εξιῶν
384 1926 501 1971 μερῶν
517 1927 582 1961 τοῦ
602 1937 641 1961 τε
659 1924 825 1972 Ἀραὸίου
841 1924 980 1963 κόὶπου
999 1927 1061 1964 καὶ
1080 1933 1143 1974 τῆς
1165 1930 1334 1979 Ἐρυθρᾶς

8 1996 71 2176 ἓ
95 1974 278 2021 θαλάσσης
297 1978 359 2014 καὶ
380 1982 445 2015 τοῦ
471 1978 622 2016 Ἰνδικοῦ
646 1979 826 2026 πελάγους
841 1981 1049 2028 περίπλους.

13 2183 50 2208 ,.

142 2030 255 2067 Τῶν’
239 2036 436 2081 αριστερῶν
453 2037 570 2100 μερῶν
582 2037 648 2071 τοῦ
664 2048 704 2073 τε
718 2035 884 2085 Ἀραὸίου
909 2036 1048 2074 κόλπου
1070 2040 1132 2076 καὶ
1154 2045 1217 2086 τῆς
1227 2041 1311 2091 ὐΕρ
1316 2063 1332 2070 -

94 2085 176 2132 θρᾶς
197 2086 382 2132 θαλάσσης
405 2088 468 2125 καὶ
488 2093 553 2126 τοῦ
575 2089 728 2128 Ἰνδικοῦ
750 2090 930 2139 πελάγους
949 2092 1159 2141 περίπλους.

141 2140 198 2178 Τὰ
223 2141 262 2179 δὲ
273 2143 370 2180 κατὰ
393 2157 497 2192 μερος
522 2145 638 2189 οὕτως
669 2147 763 2195 ἔχει·

38 2235 41 2238 ,
139 2197 216 2233 Του
243 2196 409 2245 Ἀραὸίου
428 2199 570 2237 κόλπου
597 2202 659 2238 καὶ
679 2207 752 2239 τῶν
777 2203 974 2250 ἀριστερῶν
995 2209 1112 2253 μερῶν
1143 2211 1215 2245 τῶν
1232 2209 1331 2258 παρὰ

44 2250 155 2296 τὴν
179 2251 402 2301 Ἐὐδαίμονα
421 2253 586 2302 Ἆραὸίαν
603 2256 811 2304 περίπλους

139 2308 340 2353 Σουσιανῆς
364 2309 570 2358 περίπλου.ς

139 2363 316 2412 Περσίδος
338 2364 543 2413 περίπλους.

109 2419 351 2469 Καρμανίας
370 2420 577 2469 περίπλους.

2 2273 4 2299 l

138 2474 342 2522 Γεδρωσίας
362 2476 566 2524 περίπλους.

87 2547 90 2550 «
137 2527 288 2575 Ἰνδικῆς
308 2535 371 2577 τῆς
391 2531 487 2574 ἐντὸς
501 2532 646 2581 Γάγγου
665 2539 834 2582 ποταμου
851 2534 912 2574 και
925 2540 997 2575 τῶν
1013 2538 1048 2575 ἐν
1070 2538 1160 2587 αὐτῃ
1180 2539 1326 2578 κόλπων

89 2585 152 2622 καὶ
175 2586 298 2630 νήσων
317 2586 525 2635 περίπλους

56 2651 72 2674 -;
137 2641 377 2689 Ταπροὸάνης
403 2643 516 2686 νήσου
534 2643 742 2692 περίπλους.

135 2696 211 2732 Τοῦ
234 2697 463 2743 Γαγγητικοῦ
489 2698 628 2736 κόλπου
647 2700 856 2749 περίπλους.

26 2910 37 2921 .
8 2749 50 2901 *25:7254312',
15 2720 51 2744 κ.
26 2698 35 2707 2
15 2395 59 2691 &hauseram-722

18 2923 63 2978 Ψ..
139 2941 336 2981 Marciani
367 2941 636 2996 geographica
667 2943 878 2999 (periplus
911 2947 1034 2986 maris
1066 2948 1221 2997 exteri,
1247 2948 1324 2987 ini-

19 2972 50 3068 }
85 3004 144 3043 tio
176 3010 216 3042 et
251 3002 333 3042 fine
360 3017 550 3053 manem,
583 3012 705 3058 atque
743 3006 924 3061 periplus
964 3009 1088 3048 maris
1119 3009 1269 3049 interni
1303 3024 1326 3049 e

19 3064 62 3111 *ξ
82 3063 268 3119 Menippi
291 3079 415 3119 opere
433 3065 655 3116 breviatus,
681 3066 797 3121 cujus
815 3070 981 3109 nonnisi
1000 3070 1166 3111 initium
1185 3085 1325 3126 super-

8 3114 55 3147 3²
79 3136 163 3168 stes
183 3128 306 3181 est)
297 3142 339 3167 in
363 3127 494 3168 tribus
514 3137 674 3169 exstant
693 3129 807 3170 libris
832 3145 958 3172 manu
979 3133 1168 3187 scriptis:
1191 3134 1233 3173 in
1253 3148 1323 3174 co-

43 3190 175 3235 dice
193 3190 379 3230 Parisino
401 3191 480 3238 443
498 3191 633 3246 suppl.
655 3205 697 3246 p.
734 3196 882 3243 1—60‚
904 3192 1073 3249 ejusque
1092 3195 1135 3235 in
1155 3209 1324 3250 apogra-

18 3258 41 3289 ἰ
82 3251 175 3306 phis
190 3252 392 3291 Vaticano
412 3250 510 3305 (fol.
538 3254 614 3293 186
645 3267 737 3308 sqq.
755 3255 829 3308 >et
842 3256 1090 3296 Monacense
1112 3257 1196 3297 sive
1218 3259 1322 3298 Her-

54 3346 56 3349 ,
82 3328 158 3353 voi
162 3314 289 3353 tiano.
305 3313 395 3353 Pa1
386 3327 477 3353 lsml
496 3314 649 3354 codicis
663 3317 879 3369 quaternio
894 3319 1053 3372 primus
1063 3327 1104 3359 et
1118 3320 1322 3361 secundus

35 3369 40 3371 Δ
54 3375 246 3417 excidei
250 3383 346 3425 unt
387 3376 531 3415 tertius
569 3390 667 3416 velo
697 3379 858 3431 (quem
892 3379 1007 3420 litera
1029 3379 1069 3434 γ’
1100 3381 1143 3420 in
1162 3396 1323 3424 summa

27 3454 35 3483 :3
81 3452 229 3494 pagina
244 3437 432 3490 1nd1cat)
464 3437 607 3491 incipit
639 3438 774 3478 verbis
800 3452 810 3479 ε
834 3441 1009 3494 κειμένης
1034 3441 1243 3495 θαλάσσης,
1275 3445 1320 3496 ἢν

35 3543 42 3555 ,Α
78 3500 103 3541 ὁ
132 3501 318 3555 περιέχων
342 3497 411 3550 τὴν
444 3502 518 3553 γῆν
539 3499 707 3547 ὠκεανὸς
738 3500 825 3541 κτλ.
847 3502 1010 3542 Priores
1033 3507 1320 3558 quaterniones

9 3570 24 3611 ἦ
55 3562 181 3613 .duo,
207 3563 276 3617 qui
292 3576 403 3603 nunc.
429 3561 731 3612 desiderantur,
752 3571 900 3617 praeter
912 3565 1046 3619 prima
1072 3567 1196 3607 verba
1210 3570 1321 3609 Peri-

22 3627 25 3631 ’
55 3637 57 3640 ⁴
80 3625 136 3680 pli
157 3626 279 3665 maris
303 3626 432 3665 exteri
467 3625 717 3665 continuisse
742 3624 935 3665 videntur
957 3625 1177 3681 Epitomen
1200 3632 1320 3671 Arte-

10 3713 25 3729 ,
82 3686 249 3737 midori‚
273 3701 396 3742 quam
413 3695 507 3728 ante
518 3688 672 3728 Oceani
689 3686 1007 3742 descriptionem
1026 3691 1260 3731 Marcianus
1278 3707 1320 3732 se

16 3774 26 3795 z
78 3750 359 3804 composuisse
396 3749 519 3790 semel
553 3750 786 3804 iterumque
817 3758 1004 3792 testatur.
1039 3753 1088 3791 In
1118 3753 1319 3795 Vaticano

12 3819 30 3862 g,
59 3854 61 3856 ,
79 3809 186 3851 libro
210 3811 306 3852 solia
328 3812 470 3853 decem
489 3813 506 3865 (
526 3812 555 3853 f.
577 3812 753 3866 176-185
773 3812 786 3868 )
812 3812 864 3853 ad
900 3813 1160 3868 explendam,
1179 3816 1210 3855 si
1231 3831 1318 3857 sors

79 3873 233 3924 tulerit,
255 3873 443 3915 lacunam
468 3874 593 3915 habes
620 3889 768 3931 yacua;
790 3874 940 3916 deinde
965 3875 1050 3916 solii
1082 3879 1158 3918 186
1181 3880 1315 3933 prima

57 3979 59 3982 Α
80 3934 204 3976 verba
226 3945 322 3977 sunt
345 3950 354 3977 :
377 3936 446 3988 τὴν
475 3935 625 3991 εἴσροὴν
656 3937 907 3992 ποιούμενος,
930 3939 1090 3979 omissis
1106 3940 1314 3994 prioribus

13 3996 42 4054 ζ
78 3998 252 4040 Parisini
275 3998 428 4040 codicis
458 4000 573 4040 lineis
593 3999 776 4051 duabus,
806 4000 955 4055 quibus
982 4000 1162 4055 legendis
1183 4003 1315 4059 impar

145 1753 270 1791 Τάδε’
255 1767 390 1794 ενεστιν
403 1756 440 1794 ἐν
455 1760 508 1805 τῷ
523 1759 658 1807 πρώτῳ
677 1760 892 1808 Μαρκιανου
911 1760 1075 1811 περίπλῳ
1093 1765 1146 1811 τῷ
1163 1767 1228 1801 τοῦ
1242 1766 1336 1814 ἑῴου

1737 270 2335 355 MARCIANI

1565 435 2103 516 HERACLEENSIS
2149 470 2238 517 Ex
2278 472 2516 522 ΡοΝΤο

1675 621 2467 733 PERIPLUS·

1557 841 1928 922 MARIS
2004 851 2506 951 EXTERI,

1632 1027 1922 1063 ORIENTALIS
1956 1033 2016 1064 ET
2051 1034 2430 1083 occmENTAms,

1508 1099 1664 1142 ATQUE
1698 1103 2008 1139 MAXIMARUM
2051 1109 2102 1141 IN
2147 1111 2205 1143 EO
2242 1113 2550 1149 INSULARUM.

1805 1243 1973 1276 OPERIS
2007 1244 2258 1281 BIPARTITI

1783 1365 1987 1413 LIBER
2033 1369 2269 1417 PRIOR.

1975 1532 2085 1539 *-

1838 1636 2209 1675 ARGUMENTUM.

1450 1782 1573 1815 Pri-mo
1596 1783 1780 1816 Marciani
1795 1783 1898 1827 libro,
1912 1785 1977 1829 qui
1993 1789 2045 1821 est
2062 1787 2105 1821 de
2115 1788 2259 1832 periplo
2279 1790 2469 1826 orientalis
2481 1795 2514 1823 et
2533 1802 2641 1827 ‘merz-

1405 1835 1567 1870 de'onalis
1578 1836 1715 1878 oceani,
1734 1835 1971 1872 insunthoec.
1967 1850 1975 1858 ·

1448 1889 1692 1924 Prooemium.
2395 1915 2397 1918 <

1449 1944 1600 1978 Dextrae
1621 1954 1692 1978 oroe
1707 1944 1812 1979 sinus
1827 1945 1981 1980 Arabici
2003 1950 2038 1981 et
2052 1948 2166 1982 maris
2182 1950 2298 1984 Rubri
2318 1954 2352 1985 et
2372 1952 2496 1987 Indici
2515 1955 2642 1996 pelaqi

1401 1998 1574 2041 periplus.

1444 2052 1610 2087 Sinistrae
1629 2063 1698 2087 orae
1708 2053 1814 2087 sinus
1830 2053 1983 2088 Arabici
2000 2059 2039 2088 et
2055 2057 2168 2090 maris
2192 2058 2311 2092 Rubri
2326 2063 2361 2093 et
2376 2060 2500 2094 Indici
2513 2063 2638 2104 pelam·

1415 2107 1590 2150 periplus.
1934 2150 1942 2162 Δ

1442 2159 1688 2195 Ρανίἱειιῑανίε
1700 2162 1824 2194 autem
1840 2161 2032 2204 descriptio
2048 2162 2100 2196 ita
2114 2163 2225 2198 habet
2236 2175 2249 2197 .·
2297 2184 2299 2187 -

1443 2213 1599 2246 Arabici
1618 2213 1724 2246 sinus
1741 2216 1775 2247 et
1794 2215 1960 2256 partium
1982 2224 2063 2258 quae
2085 2217 2135 2250 ad
2149 2217 2338 2252 sinistram
2345 2220 2461 2261 juxta
2481 2223 2635 2257 Felicem

1400 2267 1583 2302 Arabiam
1599 2267 1772 2310 periplus.

1440 2321 1606 2355 Susianae
1624 2321 1799 2365 periplus.

1442 2376 1601 2410 Persidis
1623 2376 1798 2420 periplus.

1445 2431 1654 2464 Carmaniae
1674 2430 1849 2473 periplus.

1445 2486 1623 2520 Gedrosiae
1647 2485 1825 2529 periplus.

1440 2540 1560 2574 Indice
1577 2540 1679 2574 intra
1716 2540 1881 2583 Ganqem
1899 2539 2125 2584 sinuumque
2141 2544 2174 2575 et
2205 2542 2414 2577 insularum
2437 2545 2514 2587 ejus
2534 2546 2630 2588 peri-

1397 2595 1492 2637 plus.

1443 2649 1675 2692 Taprobanes
1698 2648 1832 2683 insuloe
1848 2649 2023 2693 periplus.

1443 2703 1635 2747 Ganqetici
1656 2704 1761 2738 sinus
1782 2704 1959 2747 periplus.

1394 2948 1527 2989 scriba
1545 2956 1646 2997 erat,
1664 2955 1808 3002 utpote
1830 2946 2029 2997 evanidis,
2047 2955 2088 2988 et
2112 2961 2224 2988 nunc
2243 2947 2410 2988 demum
2426 2957 2511 2989 arte
2534 2950 2626 2990 che-

1393 3010 1760 3064 mica‘aliquatenus
1773 3010 1814 3049 in
1830 3009 1964 3049 lucem
1978 3010 2190 3050 revocatis.
2208 3011 2465 3050 Monacensis
2478 3011 2622 3061 codex,

1392 3073 1464 3127 qui
1487 3072 1539 3113 ab
1562 3071 1707 3112 iisdem
1730 3071 1864 3111 verbis
1887 3071 2115 3121 exorditur,
2146 3071 2332 3111 lacunam
2356 3079 2498 3111 notare
2520 3074 2624 3112 omi-

1392 3136 1456 3176 sit.
1489 3135 1743 3175 Varietatem
1766 3133 1967 3183 lectionis,
2000 3147 2123 3188 quam
2149 3133 2333 3187 praebent
2367 3135 2596 3189 apographa
2609 3166 2620 3186 ‚

1391 3212 1522 3252 quum
1543 3197 1694 3237 nullius
1710 3195 1963 3236 auctoritatis
1986 3196 2051 3244 sit,
2077 3194 2212 3235 licebit
2223 3195 2383 3235 silentio
2398 3197 2618 3250 praeterire.

1395 3258 1411 3313 ΙΙ
1430 3282 1487 3289 —--
1500 3258 1718 3312 Inscriptio
1733 3257 1882 3311 operis,
1906 3256 2066 3310 qualem
2085 3254 2290 3305 dedimus,
2313 3257 2355 3296 in
2371 3256 2512 3298 codice
2527 3257 2622 3312 legi-

1390 3327 1458 3360 tur
1488 3319 1540 3359 ad
1562 3319 1687 3360 finem
1719 3318 1812 3359 libri
1838 3318 1986 3373 prioris
2001 3348 2012 3368 ,
2038 3318 2114 3358 nisi
2139 3317 2251 3372 quod
2276 3332 2352 3372 pro
2376 3317 2472 3374 ἑῴου
2495 3319 2621 3360 habes

1390 3380 1508 3421 ἓώτου
1535 3381 1551 3433 (
1566 3381 1610 3420 in
1632 3394 1714 3434 quo
1733 3379 1883 3422 tlitera
1905 3387 1999 3420 nata
2014 3387 2073 3419 est
2088 3393 2139 3419 ex
2168 3380 2250 3419 iota
2265 3379 2509 3434 subscripto,
2535 3396 2620 3422 non

1389 3458 1485 3483 vero
1504 3457 1554 3483 ex
1577 3441 1672 3498 ἑῴου
1692 3457 1754 3492 τε,
1770 3449 1816 3482 ut
1832 3442 1990 3496 putavit
2013 3441 2145 3482 scriba
2159 3442 2382 3496 apographi
2396 3442 2585 3483 Vaticani
2604 3444 2617 3498 )

1388 3515 1428 3546 et
1450 3504 1563 3560 quod
1580 3518 1657 3559 pro
1672 3508 1747 3544 τῶν
1770 3502 1819 3550 εἷς
1840 3502 1877 3557 β’
1894 3503 1939 3544 τὶ)
1965 3502 2003 3543 α’
2021 3511 2234 3544 exaratum
2250 3512 2310 3544 est
2328 3508 2403 3544 τῶν
2425 3503 2476 3552 εἰς
2493 3503 2530 3558 β’
2547 3506 2594 3545 τά
2605 3537 2615 3555 ,

1388 3568 1499 3608 unde
1522 3567 1709 3607 usitatam
1735 3565 1786 3606 de
1823 3580 1997 3621 operum
2019 3565 2221 3607 divisione
2237 3566 2490 3608 locutionem
2512 3569 2618 3607 eruit

1387 3631 1517 3670 Haase
1538 3629 1579 3668 in
1600 3628 1718 3668 Hall.
1740 3627 2119 3680 Licet-aturzeitung
2142 3629 2264 3683 1839,
2284 3630 2338 3670 N.
2363 3627 2437 3671 105
2453 3642 2497 3683 p.
2517 3642 2612 3681 227.

1386 3693 1434 3731 In
1456 3703 1597 3745 apogr.
1618 3690 1819 3730 Vaticano
1834 3697 1894 3730 est
2026 3689 2152 3741 νήσων
2172 3690 2394 3746 τὸπρῶτον.
2413 3692 2617 3730 Emanue-

1385 3753 1446 3792 lus
1461 3751 1594 3792 Miller
1605 3750 1625 3804 ('
1633 3750 1794 3806 Pe‘riple
1808 3751 1857 3792 de
1871 3752 2058 3793 Marcien
2070 3752 2102 3793 d
2105 3753 2321 3801 'Heraclea
2340 3751 2464 3793 Paris
2483 3751 2611 3807 1839)

1385 3813 1637 3854 dederat
1668 3813 1793 3865 νήσων
1825 3818 1900 3855 τῶν
1922 3813 1972 3862 εἰς
1990 3815 2056 3854 δύο
2082 3815 2216 3869 τεύχη.
2248 3814 2301 3854 Tb
2331 3817 2495 3869 πρῶτον.
2521 3814 2536 3867 ΙΙ
2560 3837 2615 3844 —-

1386 3881 1689 3931 Argumentum
1708 3890 1730 3916 e
1759 3877 1942 3931 capitum
1959 3877 2088 3918 titulis
2110 3877 2323 3917 collectum
2352 3875 2614 3916 exhibuimus

1384 3939 1436 3980 ad
1459 3937 1691 3992 exemplum
1713 3938 1800 3994 ejus
1815 3938 2006 3991 indiculi,
2027 3939 2099 3994 qui
2114 3937 2296 3979 secundo
2314 3937 2421 3979 libro
2434 3937 2613 3994 praemit·

1385 4004 1498 4044 titur.

2382 4076 2433 4104 2323.
