2808 4342
195 302 342 366 τηγη*
357 300 430 348 καὶ
452 300 644 365 δαφνῶνα
669 294 831 359 μικρὸν,
854 290 1111 354 ἀκρωτήριον
1134 287 1334 353 Ἐλέφας·
1355 306 1434 336 πο-

197 370 332 433 ταμὸν
362 371 398 417 δ’
420 368 509 431 ἔχει
539 367 608 414 τὸν
634 364 852 426 λεγόμενον
889 358 1125 423 Ἐλέφαντα
1146 357 1220 404 καὶ
1243 358 1436 421 δαφνῶνα

201 440 333 503 μέγαν
371 437 594 499 λεγόμενον
627 432 819 481 Ἀκᾶνναι
837 464 851 489 ,
879 429 921 474 ἐν
953 421 983 490 ᾔ
1020 428 1250 489 μονογενῶς
1270 426 1437 481 λίὸανος

78 553 82 556 .
197 508 220 555 ὃ
241 506 461 572 περατυιὸς
479 507 668 553 πλεῖστος
685 498 756 546 καὶ
777 496 967 561 διάφορος
979 496 1153 559 γίνεται.

155 591 176 623 ⁸
262 592 318 624 12.
346 574 431 622 Καὶ
454 572 559 633 μετὰ
576 568 756 623 ταύτην,
776 568 851 621 τῆς
868 567 945 627 γῆς
963 562 1263 628 ὑποχωροῦσης
1280 565 1337 618 εἰς
1356 563 1437 612 “rev

196 645 311 692 νότον
330 644 435 699 ἤδη,
460 640 506 685 τὸ
527 640 609 683 τῶν
641 633 894 697 Ἀρωμᾶτων
915 632 1114 696 ἐμπόριον
1146 632 1220 680 καὶ
1241 632 1438 697 ἀκρωτή-

198 731 281 777 ριον
298 708 528 758 τελευταῖον
548 709 622 762 τῆς
639 703 909 767 Βαρὸαρικῆς
928 701 1101 766 ἠπείρου
1115 701 1217 766 πρὸς
1232 700 1435 759 ἀνατολὴν

197 779 420 827 ἄπόκοπον·
458 779 480 822 ὃ
518 773 561 821 δὲ
593 773 720 837 ὅρμος
743 772 939 825 ἐπίσαλος
962 771 1070 835 [καὶ
1134 771 1244 818 κατὰ
1271 770 1438 834 καιροὺς

194 847 444 898 ἐπικίνδυνος
467 843 535 890 διὰ
558 843 605 889 τὸ
627 845 816 906 προσεχῆ
837 841 907 889 τὸν
933 840 1059 889 τόπον
1079 859 1098 888 ε
1116 860 1184 887 ναι
1206 842 1266 904 τῷ
1291 840 1433 905 βορέᾳ.

138 931 175 962 10
196 919 380 979 Σημεῑον
412 913 455 960 δὲ
483 917 555 960 τοῦ
592 913 812 973 μέλλοντος
845 913 1050 974 χειμῶνος
1082 909 1252 957 τοπικὸν
1287 909 1335 956 τὸ
1366 908 1436 956 τὸν

196 986 316 1049 βυθὸν
340 981 614 1046 θολερώτερον
635 983 820 1044 γίνεσθαι
843 980 915 1027 καὶ
938 979 1013 1037 τὴν
1037 978 1169 1042 χρόαν
1196 978 1435 1027 ἀλλάσσειν.

190 1055 351 1104 Τούτου
389 1054 431 1100 δὲ
475 1051 696 1115 γενομένου
745 1050 898 1103 πάντες
942 1048 1244 1113 ἀποφεύγωσιν
1297 1050 1353 1100 εἷς
1392 1047 1438 1094 τὸ

194 1123 302 1186 μέγα
337 1121 618 1185 ἀκρωτήριον,
654 1120 778 1166 τόπον
809 1119 880 1165 καὶ
922 1118 1099 1175 σκέπην,
1138 1117 1185 1164 τὸ
1217 1116 1439 1180 λεγόμενον

192 1285 403 1341 προχωρεῖ·
427 1281 516 1324 εἶτα
531 1282 583 1331 εἰς
600 1281 694 1323 Mea
709 1280 733 1333 ἣ
746 1283 859 1336 χώρα
876 1279 1074 1336 ποταμοὺς
1092 1277 1176 1334 ἔχει
1187 1278 1275 1320 κτλ.
1287 1279 1443 1320 Trans-

192 1348 313 1403 posui
345 1354 386 1388 et
407 1346 566 1387 mutavi
603 1359 643 1385 v.
668 1343 1006 1399 παραπλεύσαντα,
1040 1356 1118 1398 pro
1154 1355 1237 1397 qua
1264 1340 1444 1382 scribere

195 1410 319 1450 etiam
350 1417 447 1449 cum
479 1405 649 1448 Stuckio
683 1405 779 1447 lieet
799 1404 1112 1461 παραπλεύσαντι
1145 1402 1255 1459 ὰντᾷ.
1282 1401 1445 1444 Deinde

194 1470 258 1512 vel
280 1469 644 1525 Νειλοπτολεμαῖον
675 1467 738 1509 vel
761 1467 912 1509 Νεῖλον
930 1466 1178 1523 Πτολεμαίου
1197 1465 1322 1507 scrib.
1356 1479 1445 1507 mo·

194 1535 287 1576 nuit
306 1535 541 1575 Letronnus
559 1534 697 1572 Poem.
713 1544 849 1583 geogr.
863 1544 906 1586 p.
926 1531 1024 1581 314,
1041 1530 1113 1585 qui
1128 1530 1252 1571 etiam
1267 1528 1333 1569 καὶ
1349 1536 1446 1570 ante

195 1594 390 1651 ἄκρωτήρ.
418 1592 584 1635 delevit.
605 1593 695 1646 Ego
711 1605 894 1646 quaeram
916 1606 968 1633 an
982 1605 1061 1647 pro
1080 1589 1444 1646 Νειλοπτολεμαῗον

195 1655 302 1697 sorte
320 1655 445 1697 suerit
463 1654 799 1710 Νειλοποτάμιον;
821 1668 918 1695 nam
934 1652 1081 1702 Νεῖλος
1098 1652 1271 1708 ποταμία
1290 1665 1446 1692 memo-

196 1726 313 1760 ratur
340 1717 394 1759 ab
422 1715 692 1759 Artemidoro
726 1730 795 1772 ap.
829 1716 1024 1757 Strabon.
1048 1715 1078 1758 1.
1112 1715 1141 1756 1.
1179 1717 1445 1768 Quamquam

197 1782 233 1823 si
251 1782 400 1823 seriem
429 1781 679 1822 narrationis
700 1779 983 1822 Strabonianae
1003 1786 1192 1835 reputes,
1216 1785 1258 1819 et
1277 1790 1445 1819 accura-

199 1852 285 1886 tam
303 1858 391 1885 esse
406 1857 587 1891 censeas,
609 1843 685 1883 ista
703 1842 981 1898 Nilopotamia
1003 1842 1070 1882 vix
1085 1847 1221 1897 potest
1237 1838 1445 1895 pertinere

200 1905 255 1948 ad
275 1919 324 1947 ea
343 1905 435 1947 loca
454 1903 507 1945 de
526 1903 679 1959 quibus
699 1904 850 1945 Noster
856 1902 944 1958 jam
959 1903 1144 1958 exponit.
1167 1899 1357 1942 Indieare
1367 1901 1444 1941 Pe·

184 1967 297 2025 ⁶1·th
324 1975 471 2010 auctor
492 1965 656 2007 videtur
675 1966 887 2020 regionem
921 1965 1036 2007 ssuvii
1063 1963 1165 2006 Gori
1182 1963 1268 2004 sive
1292 1965 1344 2003 S.
1369 1965 1445 2003 Pe·

179 2030 295 2072 ι-ιίνιι,
323 2029 389 2072 Cf.
417 2028 606 2071 Edrisius
641 2030 678 2079 Ι,
702 2043 744 2085 p.
775 2029 827 2079 45
863 2042 873 2070 ε
912 2047 930 2064 ι
967 2030 1005 2070 A
1037 2026 1147 2069 deux
1174 2025 1370 2081 journeoe
1389 2024 1444 2067 de

192 2093 370 2136 Markala
385 2124 397 2144 ,
422 2091 527 2134 dans
546 2092 582 2133 le
600 2091 752 2143 desert,
780 2100 841 2134 est
855 2106 938 2133 une
955 2089 1103 2133 riviere
1128 2090 1200 2146 qui
1218 2097 1279 2131 est
1296 2086 1444 2143 sujette

193 2153 218 2197 ὲ
236 2154 309 2197 da
333 2169 452 2196 cruoe
474 2167 639 2195 comme
658 2153 695 2195 le
715 2153 798 2203 Nil,
821 2162 862 2194 et
882 2167 956 2194 sur
971 2152 1029 2193 les
1051 2150 1179 2193 bords
1195 2149 1249 2191 de
1271 2150 1443 2205 laquelle

193 2232 248 2259 on
268 2216 378 2259 seme
406 2215 466 2258 du
497 2214 668 2256 dhorra.
698 2235 715 2251 ι
751 2214 942 2255 Verbum
966 2228 1190 2269 ταπατηγη,
1213 2211 1328 2267 quod
1355 2213 1442 2267 ipse

193 2279 348 2321 codicis
375 2278 510 2320 scriba
533 2279 659 2319 misso
689 2286 862 2318 accentu
885 2285 1081 2332 tanquam
1114 2282 1359 2331 corruptum
1378 2274 1441 2316 vel

189 2348 428 2397 suspectum
447 2340 621 2389 notavit,
646 2340 848 2380 intactum
871 2338 1035 2393 reliqui.
1058 2336 1308 2380 Letronnius
1317 2337 1443 2382 scrib.

190 2404 423 2460 suspicatur
449 2416 459 2444 :
485 2402 535 2444 τὰ
563 2402 735 2457 πατάγη,
763 2400 819 2441 les
848 2399 1049 2451 brisants,
1086 2400 1172 2441 sive
1203 2398 1342 2440 locum
1366 2397 1438 2439 ubi

193 2473 420 2521 strepentes
453 2463 579 2506 undae
600 2465 643 2505 in
673 2477 867 2505 saxosum
897 2462 994 2503 litus
1017 2461 1249 2512 illiduntur,
1292 2460 1439 2502 collato

195 2527 424 2570 Stadiasmo
446 2542 551 2569 mar.
573 2541 711 2582 magn.
731 2529 754 2580 S
773 2529 825 2577 [07
845 2539 855 2567 ε
880 2523 967 2567 Ἀπὸ
981 2524 1197 2580 Ναζαρῑδος
1218 2523 1438 2579 παραπλεύ-

197 2604 264 2639 σας
285 2590 338 2632 τὰ
364 2591 621 2646 παταγαῖα
650 2589 702 2637 εἰς
728 2588 892 2644 Ζαρίνην
923 2588 1033 2630 στάδ.
1060 2586 1109 2642 ρ’,
1145 2588 1187 2627 in
1210 2586 1362 2642 quibus
1389 2586 1438 2628 τὰ

195 2654 395 2707 παταγαῖα
412 2667 462 2693 eo
480 2666 603 2693 sensu
621 2651 703 2693 dici
724 2662 871 2704 parum
891 2656 1002 2688 recte
1020 2650 1161 2691 statuit
1177 2651 1436 2693 Mannertus.

192 2712 435 2753 Ptolemaeus
480 2714 588 2753 inter
621 2712 848 2768 Mossylum
886 2721 927 2753 et
965 2712 1235 2768 Elephantem
1269 2713 1434 2754 nonnisi

191 2787 323 2815 unum
346 2774 483 2815 locum
502 2783 720 2825 memorat,
742 2775 869 2827 Κόὸην
888 2773 1071 2830 ἐμπόριον
1095 2777 1111 2828 (
1127 2773 1229 2816 hod.
1247 2775 1432 2832 Haboe)

190 2836 384 2877 Eundem
414 2838 537 2877 etiam
575 2838 616 2877 in
648 2837 813 2892 Periplo
845 2846 989 2877 nostro
1023 2837 1196 2880 indicari
1231 2838 1432 2893 suspicor,

190 2911 445 2955 quamquam
476 2900 711 2953 emporium
733 2899 789 2939 ibi
809 2899 998 2939 nondum
1020 2901 1183 2940 novisse
1203 2908 1349 2941 auctor
1377 2901 1435 2941 vi-

190 2958 328 3004 detur.
359 2965 420 3004 Ac
439 2961 578 3002 nescio
596 2975 648 3002 an
672 2960 768 3001 sort.
791 2961 990 3015 scriptum
1011 2960 1134 3002 suerit
1161 2974 1170 3002 :
1189 2962 1301 3003 Τάπα
1327 2962 1432 3017 (leg.

191 3022 324 3073 Γάζαῖ
344 3024 358 3080 )
374 3055 387 3075 ,
408 3021 539 3080 πηγὴν
562 3022 627 3064 καὶ
642 3023 822 3078 ὃαφνῶνα
842 3039 903 3078 μ.,
928 3022 1032 3063 adeo
1047 3033 1093 3064 ut
1111 3024 1263 3077 δαφνὼν
1289 3025 1362 3065 iste
1381 3025 1432 3066 ad

188 3085 370 3128 eundem
406 3087 542 3128 locum
575 3086 795 3142 pertineat,
829 3086 948 3126 sicuti
983 3099 1079 3126 mox
1102 3085 1227 3126 habes
1255 3086 1433 3140 δαφνῶνα

192 3149 315 3205 μέγαν
343 3147 562 3205 λεγόμενον
593 3146 766 3189 Ἆκάνναι
790 3146 892 3203 (ubi
921 3151 975 3189 de
989 3161 1066 3188 suo
1083 3161 1194 3203 penu
1222 3147 1433 3189 Fabricius

188 3211 352 3268 scripsit
366 3212 546 3267 δαφνῶνα
564 3226 607 3267 μ.
629 3210 726 3266 [καὶ
743 3209 926 3266 ἐμπόριον
942 3210 958 3266 ]
975 3209 1192 3266 λεγόμενον
1211 3208 1381 3252 Ἆκάνναι
1398 3215 1429 3265 ),

189 3273 243 3315 de
277 3274 458 3316 Acannis
481 3273 573 3315 loeo
606 3274 648 3314 in
677 3273 835 3315 laureto
860 3287 1027 3327 magno.
1062 3272 1189 3327 Quod
1221 3287 1299 3330 pro
1323 3274 1433 3315 Τάπα

188 3334 409 3390 legendum
438 3344 542 3391 puto
564 3335 668 3384 Γάζα
690 3337 707 3390 (
722 3336 811 3377 sine
841 3333 1115 3377 declinatione
1146 3342 1194 3376 ut
1223 3337 1372 3392 passim
1398 3337 1430 3393 ),

190 3406 329 3439 movet
354 3398 511 3440 Plinius
532 3402 691 3441 Gazam
709 3398 857 3440 urbem
877 3412 1113 3440 memorans
1126 3429 1138 3450 ,
1158 3405 1199 3439 et
1217 3398 1289 3454 qui
1308 3399 1431 3441 etiam

189 3458 315 3500 hodie
332 3459 384 3501 ab
413 3462 572 3502 oriente
603 3462 880 3517 promontorii
901 3460 1003 3503 Gori
1024 3469 1086 3502 est
1119 3460 1268 3503 Gazim
1299 3462 1429 3504 sinus.

187 3522 381 3576 ⁴Denique
390 3524 597 3577 pertinent
605 3523 688 3565 buc
702 3538 794 3579 quae
808 3538 858 3565 ex
876 3522 1145 3566 Artemidoro
1154 3521 1274 3565 ass'ert
1284 3523 1432 3565 Strabo

190 3595 234 3640 p.
256 3586 335 3637 774
364 3597 373 3624 ε
393 3584 570 3639 Συνεχῶς
590 3584 662 3626 εἰσὶ
682 3587 698 3639 (
714 3600 772 3627 sc.
789 3594 883 3641 post
900 3586 1111 3640 regionem
1137 3598 1230 3640 quae
1251 3584 1432 3627 Pseudo·

188 3645 360 3687 cassiam
385 3645 491 3701 sert)
514 3648 699 3702 ποτάμιαι
727 3648 916 3699 πλείονες,
940 3647 1101 3703 ἔχουσαι
1127 3646 1287 3689 λίὸανον
1309 3662 1431 3704 παρα·

189 3707 384 3764 πεφυκότα
398 3738 410 3759 ,
451 3708 516 3748 καὶ
564 3710 736 3765 ποταμὸς
786 3712 900 3766 μέχρι
948 3714 1015 3763 τῆς
1066 3710 1427 3767 κινναμωμοφόρου·

191 3768 257 3811 ὁδ’
268 3768 408 3826 ὁρίζων
424 3770 567 3823 ταύτην
586 3772 759 3827 ποταμὸς
774 3774 874 3828 φέρει
894 3773 957 3813 καὶ
974 3773 1095 3828 φλοῦν
1112 3773 1337 3830 πάμπολυν·
1356 3770 1430 3815 εἶτ’

192 3829 315 3880 ἄλλος
327 3831 502 3888 ποταμὸς
516 3832 581 3874 καὶ
597 3834 627 3873 Δ
642 3848 695 3887 αφ
712 3848 731 3873 ν
745 3848 765 3873 ο
779 3837 800 3873 ῦ
814 3850 829 3881 ς
851 3832 1009 3888 λιμὴν
1032 3835 1096 3875 καὶ
1115 3835 1286 3892 ποταμία
1301 3834 1433 3878 22:67.-

189 3891 316 3943 λωνος
334 3893 607 3951 καλουμένη...
642 3893 715 3936 εἶτ’
746 3894 767 3935 ὁ
795 3894 955 3951 Ἐλέφας
975 3897 1019 3937 τὸ
1038 3898 1138 3952 ὄρος.
1167 3901 1183 3952 ΙΙ
1208 3922 1266 3931 -
1289 3896 1430 3941 ‘EM-

191 3956 306 4012 φας]
330 3956 507 4013 Elephas
527 3959 568 3999 in
589 3957 737 4012 linguis
758 3957 999 4013 AEthiopicis
1028 3969 1198 4001 vocatur
1224 3961 1318 4011 Fia-
1333 3973 1430 4016 pro-

191 4019 446 4060 montorium
470 4019 579 4061 istud
598 4020 722 4061 etiam
745 4034 856 4061 nunc
883 4029 1027 4062 vocant
1055 4025 1135 4063 Rus
1154 4022 1193 4063 el
1210 4022 1293 4072 Fit,
1319 4020 1431 4064 unde

980 187 1271 237 ANONYMI
1305 179 1622 250 (Annum,
1649 189 1739 239 m·
1771 189 2048 251 FERTUR)

2630 188 2680 249 (⁷.
2692 191 2746 253 υἱ)

1506 296 1684 341 fluvium
1703 297 1830 341 habet
1859 298 2131 355 Elephantem
2149 310 2275 353 quem
2294 304 2458 348 vocant,
2482 304 2523 339 et
2539 295 2748 357 lumem

1506 362 1640 421 majus
1653 366 1724 408 cui
1737 379 1891 408 nomen
1907 368 2088 409 Aeannoe
2100 381 2114 417 ς
2134 379 2187 407 eo
2202 366 2327 406 unico
2347 365 2390 407 in
2409 365 2502 407 loeo
2515 363 2755 422 peratiemi

1506 432 1594 474 sive
1620 431 1944 476 transfretanum
1962 433 2060 475 thus
2088 441 2130 475 et
2149 432 2379 489 plurimum
2401 442 2442 475 et
2462 426 2772 490 praestantississ'

1507 514 1626 543 mum
1655 501 1863 558 provenit.
2741 488 2783 560 ξ’

1568 581 1635 611 12.
1663 570 1763 612 Post
1785 569 1901 612 bunc
1920 568 2076 620 locum,
2102 577 2211 611 terra
2231 568 2318 625 jam
2342 570 2385 611 in
2406 579 2596 613 austrum
2624 569 2761 611 decli-'
2790 579 2796 582 ·

1507 646 1646 690 nante,
1664 644 1911 682 Aromatum
1932 647 1995 681 est
2014 640 2248 696 emporium
2266 639 2542 696 ultimumque
2558 639 2746 681 Barbari·

1507 707 1821 750 oeoontinentis
1829 721 1971 749 versus
1977 714 2116 749 ortum
2125 708 2459 763 promontorium
2471 716 2744 764 praeruptum.

1506 775 1685 818 Navium
1699 776 1820 818 statio
1834 776 2037 819 unctuosa
2050 776 2219 818 etcertis
2229 776 2486 832 temporibus
2497 775 2743 831 periculosa,

1508 857 1642 900 quum
1656 844 1796 887 boreae
1808 844 1925 887 locus
1943 846 1997 886 sit
2009 846 2235 902 expositus.
2294 846 2467 900 Signum
2483 859 2583 886 vero
2598 844 2748 888 suturae

1507 912 1758 968 tempestatis
1768 909 1857 967 ejus
1875 912 1956 956 loci
1972 912 2193 968 proprium
2211 921 2287 964 est,
2297 914 2332 954 si
2352 913 2611 970 profundum
2626 914 2750 956 maris
2803 924 2808 932 ·

1507 979 1719 1023 turbidius
1766 980 1813 1022 fit
1857 988 2074 1036 mutatque
2117 979 2314 1023 colorem.
2373 984 2472 1038 Quo
2512 984 2747 1034 eveniente,

1509 1062 1654 1091 omnes
1675 1046 1925 1102 confugiunt
1949 1048 1993 1090 in
2015 1061 2214 1103 magnum
2226 1051 2579 1105 promontorium,
2609 1059 2748 1093 tutum

1509 1116 1698 1174 praebens
1718 1130 1942 1167 recessum,
1978 1116 2047 1158 cui
2079 1114 2205 1157 Tabae
2232 1130 2403 1159 nomen.
2458 1119 2512 1160 In
2542 1118 2624 1161 hoe
2650 1120 2747 1161 item

1513 1276 1702 1319 nonnulli
1718 1275 1903 1318 fecerunt
1920 1279 2006 1319 Bas
2022 1276 2150 1319 Fellis
2163 1293 2180 1326 ‚·
2200 1276 2299 1319 binc
2314 1276 2495 1333 denique
2509 1285 2629 1320 natus
2647 1292 2751 1336 quo·

1513 1339 1692 1382 rundam
1714 1354 1828 1382 mons
1854 1339 1978 1382 Felix
2008 1338 2091 1396 (V.
2120 1340 2253 1381 Bruoe
2278 1339 2448 1381 Travels
2474 1341 2551 1392 vl,
2573 1354 2615 1398 p.
2652 1345 2749 1385 261.

1513 1403 1647 1445 Ritter
1665 1401 1798 1445 Erdk.
1814 1403 1850 1453 1,
1871 1415 1915 1458 p.
1939 1404 2015 1451 164
2034 1403 2067 1457 ).
2091 1403 2197 1455 Quae
2210 1409 2305 1457 post
2327 1415 2367 1442 v.
2391 1399 2553 1457 Ἐλέφας
2568 1416 2750 1461 sequun-

1513 1472 1583 1506 tur
1599 1463 1674 1507 ἀπὸ
1699 1463 1877 1516 Ὀπώνης
1899 1462 1951 1512 εἰς
1965 1464 2079 1505 νότον
2095 1465 2299 1519 προχωρεῖ
2311 1460 2398 1504 εἶτα
2414 1462 2464 1511 εἰς
2481 1463 2574 1505 MS&
2592 1463 2616 1517 ἡ
2640 1467 2753 1522 χώρα
2783 1487 2796 1500 ·

1514 1535 1610 1570 nata
1638 1535 1735 1569 sunt
1754 1541 1806 1569 ex
1835 1534 1935 1568 nota
1963 1525 2193 1581 marginali,
2224 1539 2317 1581 quae
2337 1526 2515 1581 pertinet
2541 1526 2595 1568 ad
2626 1530 2650 1581 5
2685 1529 2749 1579 15,

1513 1589 1588 1631 ubi
1610 1603 1620 1632 τ
1644 1589 1720 1632 ἀπὸ
1761 1588 1940 1641 Ὀπώνης
1974 1591 2042 1641 τῆς
2074 1587 2191 1640 ἀκτῆς
2211 1587 2262 1636 εἰς
2281 1587 2350 1629 τὸν
2378 1588 2490 1630 νότον
2523 1588 2751 1646 ὒποχωρού·

1515 1665 1583 1704 σης
1599 1650 1661 1694 ἐπὶ
1675 1651 1829 1702 πλεῖον,
1846 1655 1979 1706 πρῶτα
1995 1650 2063 1707 μὲν
2078 1649 2159 1692 ἔστι
2173 1649 2253 1691 τὰ..
2272 1648 2515 1693 Ἆπόκοπα...
2535 1653 2623 1707 παρ’
2635 1652 2751 1696 αὗτδν

1513 1711 1589 1767 ἤδη
1618 1713 1686 1755 τὸν
1714 1713 1821 1755 λίὸα.
1847 1715 1953 1767 Quae
1981 1727 2046 1755 τοι
2078 1713 2131 1754 sit
2166 1720 2277 1754 recte
2309 1712 2611 1756 interviderunt
2646 1716 2752 1758 Vin·
2792 1706 2803 1716 ’

1513 1783 1658 1818 centus
1687 1783 1729 1818 et
1752 1777 2011 1817 Mannertus.
2044 1775 2296 1817 Letronnius
2325 1777 2541 1831 proposuit
2576 1789 2586 1817 ε
2619 1774 2753 1834 ἐλέφας

1516 1837 1574 1894 [ὃ]
1593 1837 1669 1881 ἀπὸ
1693 1836 1873 1891 Ὀπιῖινης
1886 1836 1994 1888 κτλ.;
2017 1836 2059 1879 id
2080 1852 2192 1887 vero,
2215 1836 2342 1878 modo
2372 1852 2476 1889 rem,
2498 1852 2583 1880 non
2610 1840 2749 1894 verba,
2805 1844 2808 1845 ⁷

1512 1909 1685 1956 spectes,
1715 1899 1878 1942 admitti
1916 1901 2075 1955 nequit.
2103 1899 2228 1941 Nihili
2254 1907 2350 1940 sunt
2383 1913 2475 1955 quae
2502 1899 2776 1956 Schwanbe„

1513 1961 1670 2005 ckiusl.
1685 1963 1713 2005 l.
1730 1977 1775 2019 p.
1793 1962 1931 2013 485111
1947 1961 2131 2004 medium
2147 1960 2334 2018 protulit.
2362 1963 2378 2015 ΙΙ
2394 1985 2452 1994 -
2470 1975 2507 2003 1.
2525 1964 2717 2020 ποταμδ
2730 1979 2750 2007 ν

1512 2025 1557 2065 δ’
1579 2026 1595 2082 ]
1617 2025 1813 2082 ποταμοὺς
1844 2023 1939 2067 eod.
1979 2026 1996 2079 ΙΙ
2031 2048 2090 2057 -
2125 2022 2327 2079 Ἆκάνναι]
2365 2025 2524 2066 Locum
2547 2036 2752 2070 memorat

1510 2088 1634 2131 etiam
1650 2088 1893 2131 Ptolemaeus
1905 2087 1933 2129 l.
1950 2087 1998 2138 1.,
2015 2086 2087 2129 ιὼί
2102 2101 2180 2143 pro
2195 2085 2371 2128 Ἀκάνναι
2387 2087 2497 2129 varia
2509 2086 2629 2129 lectio
2646 2087 2749 2131 Ἀκά-

1511 2163 1574 2190 ναι
1594 2158 1636 2192 οῖ
1658 2148 1833 2192 Ἆκκάνα.
1858 2148 2149 2192 Artemidorus
2164 2149 2191 2190 Ι.
2213 2148 2242 2191 l.
2265 2150 2320 2191 ita
2345 2162 2356 2190 ε
2382 2147 2456 2191 εἶτ’
2480 2149 2503 2191 ὁ
2523 2148 2685 2206 Ἐλέφας
2706 2153 2750 2195 τὸ

1509 2210 1597 2266 ὄρος
1626 2210 1847 2268 ἐκκείμενον
1878 2210 1930 2260 εἰς
1962 2210 2160 2252 Θάλασσαν
2193 2211 2258 2252 καὶ
2276 2210 2412 2267 διῶρυξ
2440 2210 2649 2270 (Elephas
2672 2215 2749 2257 ssu-

1510 2272 1658 2330 viusi‘)
1688 2273 1754 2315 καὶ
1774 2271 1903 2329 ἐφεξῆς
1924 2272 2137 2329 Ψυγμοῦ
2157 2272 2340 2329 λιμήν,
2365 2287 2451 2330 quo
2469 2287 2603 2330 graeco
2629 2291 2749 2319 voca·
2770 2291 2779 2298 ·

1508 2334 1608 2377 bulo
1620 2335 1730 2378 idem
1745 2344 1915 2378 notatur
1923 2343 2068 2392 portus
2079 2349 2203 2391 quem
2216 2336 2436 2378 vernaculo
2446 2338 2616 2381 nomine
2629 2337 2752 2383 Ἀκάν-

1509 2412 1571 2439 ναι
1602 2397 1705 2441 dicit
1734 2400 1901 2441 Noster.
1935 2399 2044 2440 Cum
2072 2397 2247 2440 Ἀκάνναι
2278 2398 2342 2441 vel
2380 2397 2533 2442 Ἀκάναι
2562 2404 2751 2459 emporio

1507 2461 1712 2503 Somaulis
1726 2462 1859 2517 gentis
1873 2462 2013 2503 nescio
2027 2476 2080 2503 an
2098 2470 2208 2503 recte
2223 2461 2403 2504 conferri
2422 2462 2543 2505 velim
2557 2463 2750 2519 objaoem

1507 2523 1550 2564 in
1573 2523 1736 2566 Arabiae
1750 2539 1823 2566 ora
1838 2524 1944 2578 Κάνη
1959 2525 2211 2580 emporium,
2235 2524 2289 2566 ad
2309 2523 2411 2567 bod.
2431 2524 2545 2568 Ht'sn
2566 2526 2747 2581 Ghomb,

1507 2586 1579 2629 ubi
1596 2587 1754 2630 Arabes
1768 2595 1939 2630 narrant
1959 2587 2060 2629 olim
2077 2587 2281 2630 habitasse
2299 2587 2456 2630 tribum
2480 2588 2609 2631 Wadi
2622 2590 2749 2634 Mise-

1507 2659 1597 2700 nat,
1623 2649 1886 2692 conviciandi
1916 2664 2038 2691 causa
2066 2651 2400 2705 cognominatam
2423 2650 2544 2693 Abid
2566 2651 2606 2693 e!
2620 2653 2744 2704 [bad.

1506 2713 1534 2753 i.
1574 2726 1612 2753 e.
1654 2727 1793 2754 servos
1823 2711 2167 2763 Somaulensium,
2199 2713 2396 2767 quoniam
2434 2726 2531 2755 cum
2566 2717 2749 2759 Sonmulc'

1505 2782 1625 2829 gente
1643 2774 1848 2816 Barbaria!
1868 2788 1912 2815 se
1936 2774 2208 2815 miscuissent.
2234 2773 2470 2830 Repetenda
2495 2774 2582 2817 haec
2595 2791 2745 2832 cogna-

1505 2836 1565 2877 tio
1586 2850 1637 2877 ex
1651 2835 1912 2877 commerciis
1929 2849 2022 2891 quae
2042 2835 2250 2877 Arabibus
2282 2850 2377 2878 eum
2403 2836 2609 2882 Barbariae
2627 2849 2747 2894 gente

1505 2897 1815 2940 intercedebant
1850 2899 1867 2952 (
1893 2898 1949 2939 V.
1989 2897 2135 2939 Ritter.
2170 2899 2268 2949 ΧΠ,
2307 2913 2349 2955 p.
2392 2900 2471 2955 3¹7
2493 2902 2532 2955 ),
2570 2901 2743 2959 fierique
2799 2943 2808 2958 α

1503 2961 1655 3015 potuit,
1673 2969 1721 3002 ut
1734 2962 1915 3003 Acannae
1933 2958 2118 3002 Arabum
2139 2961 2312 3002 istorum
2328 2970 2433 3003 esset
2451 2962 2629 3006 colonia.
2792 3008 2794 3013 ,

1558 3026 1666 3077 §¹2-
1689 3039 1706 3065 ε
1720 3022 1757 3072 ἴς
1785 3022 1868 3064 τὸν
1901 3038 1920 3063 ν
1934 3022 2050 3064 ότον
2067 3023 2081 3078 ]
2099 3024 2194 3065 Orae
2213 3023 2423 3066 inclinatio
2439 3026 2514 3067 ista
2529 3040 2669 3069 revera
2683 3036 2746 3072 est

1503 3086 1739 3140 perexigua,
1753 3084 1825 3127 sed
1840 3085 1936 3127 satis
1952 3099 2140 3139 magnam
2150 3085 2345 3128 exhibent
2357 3087 2505 3130 tabulae
2516 3088 2742 3135 Ptolemaei.

1509 3149 1524 3200 ΙΙ
1552 3172 1607 3179 -
1623 3152 1663 3189 6.
1697 3146 1739 3188 ’A
1753 3163 1816 3202 ρω
1829 3163 1857 3202 μ
1869 3148 1893 3187 ά
1905 3162 1926 3188 τ
1938 3163 1999 3187 ων
2016 3146 2144 3202 Jbod.
2157 3149 2466 3204 prom.arabioe
2480 3150 2588 3192 lae-d
2602 3152 2743 3206 Asoun

1506 3209 1519 3263 (
1536 3209 1741 3264 Caaesomm
1753 3224 1820 3265 ap.
1844 3209 2054 3251 Edrisium
2075 3212 2110 3261 1,
2141 3225 2182 3267 p.
2203 3213 2254 3261 45
2273 3213 2305 3266 ),
2330 3211 2442 3253 unde
2462 3211 2616 3255 sactum
2641 3218 2740 3272 Cap.

1503 3271 1752 3325 Gar-dasoui.
1780 3273 1845 3314 Cf.
1882 3272 2124 3314 Ptolemaeus
2152 3273 2179 3316 Ι.
2202 3274 2229 3316 l.
2255 3287 2264 3315 :
2302 3273 2503 3330 Ἀρώματα
2535 3275 2652 3332 ἄκρον
2679 3276 2745 3323 καὶ
2778 3322 2783 3324 ⁷

1503 3333 1701 3389 ἐμπόριον.
1723 3334 1864 3390 Stepb.
1883 3337 2005 3390 Byz.:
2027 3335 2197 3391 Ἀριομα,
2216 3336 2327 3385 πόλις
2341 3336 2549 3389 Αἰθιόπων,
2566 3338 2619 3388 ὡς
2632 3338 2743 3398 Μαρ-
2778 3382 2782 3383 .

1501 3397 1646 3444 κιανός.
1670 3396 1986 3452 Antiquioribus
2007 3399 2251 3455 geographis
2265 3399 2393 3442 hoece
2406 3402 2743 3456 promontorium
2766 3394 2780 3418 '¹

1502 3457 1624 3499 fuisse
1642 3458 1804 3500 videtur
1823 3458 1949 3501 Νότου
1965 3461 2088 3516 κέρας,
2113 3469 2160 3503 ut
2174 3460 2441 3504 Artemidoro
2458 3477 2526 3519 ap.
2547 3462 2740 3508 strabon.

1499 3520 1528 3562 1.
1546 3520 1593 3572 1.,
1614 3522 1684 3577 qui
1698 3531 1790 3578 post
1806 3522 1978 3579 Ψυγμοῦ
1994 3523 2132 3579 λιμένα
2151 3533 2354 3567 memorat
2364 3524 2510 3582 ἵδρυμα
2524 3530 2600 3567 τῶν
2620 3526 2742 3569 Κυνο-
2773 3530 2779 3541 ”

1500 3584 1678 3639 κεφάλων
1702 3585 1943 3641 καλούμενον
1972 3586 2241 3643 (Sesostridis
2258 3588 2576 3645 monumenta),
2601 3587 2666 3630 καὶ
2681 3603 2742 3632 τε·

1499 3645 1681 3688 λευταῖον
1701 3646 1937 3704 ἀκρωτήριον
1957 3652 2024 3702 τῆς
2045 3649 2233 3706 παραλίας
2246 3650 2385 3704 ταύτης
2398 3650 2443 3692 τὸ
2466 3649 2594 3693 Νότου
2613 3651 2736 3707 κέρας.
2769 3703 2772 3706 .

1501 3708 1600 3751 Vid.
1620 3711 1825 3752 Mannert.
1857 3712 1913 3762 X,
1948 3725 1986 3764 t,
2006 3726 2050 3769 p.
2069 3715 2139 3767 74.
2170 3713 2186 3767 ΙΙ
2205 3714 2315 3755 -8.
2338 3711 2601 3756 ἀπόκοπον
2617 3714 2632 3769 J
2647 3711 2739 3756 Noli

1499 3771 1703 3826 conjicere
1727 3772 1966 3825 ἀπόσκοπον,
1991 3773 2106 3830 quod
2134 3774 2178 3816 in
2203 3783 2385 3817 mentem
2411 3774 2527 3817 facile
2556 3776 2736 3831 venerit3

1500 3848 1640 3890 reapse
1655 3834 1882 3877 admodum
1898 3845 2154 3893 praeruptum
2168 3845 2230 3878 est
2241 3851 2378 3893 prom.
2402 3839 2419 3893 ΙΙ
2438 3839 2545 3880 -8.
2562 3837 2642 3879 καὶ
2667 3851 2746 3881 ιιι·
2771 3835 2774 3841 ’

1500 3912 1521 3938 τ
1535 3896 1557 3935 ὰ
1571 3899 1583 3951 ]
1597 3898 1659 3937 καὶ
1678 3898 1813 3954 suppl.
1830 3899 2043 3940 Fabricius
2056 3907 2098 3941 et
2115 3898 2411 3942 Schwanbeck.
2427 3900 2443 3955 11
2459 3923 2516 3932 —-
2530 3913 2548 3941 1
2559 3913 2576 3941 ι
2586 3931 2596 3942 .
2619 3897 2738 3941 &Me-

1502 3974 1580 4000 σειν
1600 3960 1694 4002 cod.
1716 3970 1754 4002 et
1772 3960 1890 4003 editt.
1910 3963 1992 4004 Pro
2010 3962 2222 4018 γενομένου
2241 3963 2380 4005 malim
2393 3963 2615 4019 γινομένου.
2641 3961 2659 4016 ΙΙ
2676 3983 2734 3994 -
2791 3986 2808 4019 ²}

1507 4023 1572 4064 13.
1591 4024 1705 4065 Fort.
1729 4025 1848 4066 τόπον
1867 4023 1962 4079 ἔχον
1985 4024 2050 4066 καὶ
2071 4025 2213 4078 σκέπην
2229 4025 2291 4067 vel
2320 4040 2356 4067 τ.
2392 4024 2487 4080 ἔχον
2510 4023 2571 4067 ἐπὶ
2596 4023 2734 4075 σκέπης
