2782 4348
178 220 239 261 se
539 207 585 248 0

178 317 299 360 πιοῦσι
330 311 483 365 Δίὸυες
522 309 772 374 Λωτοφάγοι
798 307 909 359 ἔθνος
941 306 1067 368 μέχρι
1097 310 1168 352 τοῦ
1206 304 1411 367 στόματος

177 385 252 440 τῆς
286 381 428 445 ἑτέρας
466 379 678 443 Σύρτιδος.
763 369 893 423 Οὗτοι
926 376 1050 437 λωτῷ
1090 377 1275 438 χρῶνται
1311 374 1414 440 σίτῳ

178 450 250 497 καὶ
287 454 419 511 ποτῷ.
488 449 588 495 Ἀπὸ
621 446 663 492 δὲ
688 443 799 497 Νέας
816 443 975 496 πόλεως
1008 446 1085 500 τῆς
1117 444 1413 508 Καρχηδονίων

176 519 317 583 χώρας
346 519 549 581 Γρᾶφαρα
579 515 711 567 πόλις.
778 510 949 569 Ταύτης
980 511 1226 576 παράπλους
1256 512 1415 578 ἡμέρας

178 595 273 647 μιᾶς
300 587 382 635 ἀπὸ
403 586 512 637 Νέας
530 583 703 634 πόλεως.
772 580 874 628 Ἀπὸ
897 580 940 628 δὲ
965 581 1200 646 Γραφᾶρων
1222 582 1413 647 Ἀὅρότο-

176 675 244 703 νον
272 656 388 705 πόλις
420 654 490 699 καὶ
526 650 668 712 λιμήν.
733 650 903 708 Ταύτης
924 653 948 696 ὁ
977 649 1222 714 παράπλους
1252 651 1414 716 ἡμέρας

176 730 288 784 μιᾶς.
378 720 479 768 Ἀπὸ
516 719 559 765 δὲ
598 718 838 783 Ἀὅροτόνου
873 721 1127 783 Ταριχεῖαι,
1175 719 1292 773 πόλις
1340 718 1412 765 καὶ

173 792 318 853 λιμήν.
386 789 643 853 Παράπλους
682 788 768 836 ἀπὸ
808 788 1048 851 Ἀὅροτόνου
1091 790 1251 853 ἡμέρας
1294 796 1408 850 μιᾶς.

175 859 297 909 Κατὰ
322 858 364 906 δὲ
385 859 518 905 ταῦτά
539 861 628 905 ἐστι
657 862 802 917 νῆσος,
828 852 857 921 ᾖ
876 858 1007 920 ὄνομα
1041 858 1276 923 Βραχείων,
1306 857 1412 919 μετὰ

171 1039 250 1091 ΙΠ,
275 1050 316 1089 2,
343 1038 422 1089 25;
443 1037 591 1080 Strabo
609 1051 652 1093 p.
679 1036 773 1092 157.
792 1039 900 1092 829;
923 1036 1032 1078 Plin.
1048 1037 1105 1086 V,
1129 1038 1176 1085 4:
1196 1035 1318 1077 Silius
1331 1036 1411 1086 111,

176 1115 280 1154 1103
308 1101 462 1158 Hygin.
498 1100 582 1143 sab.
618 1100 722 1151 125;
755 1100 930 1156 Dionys.
964 1103 1070 1150 260;
1094 1098 1202 1140 Mela
1221 1100 1257 1148 1,
1286 1113 1327 1153 7.
1354 1099 1418 1139 De

172 1164 258 1207 loto
287 1165 526 1206 etiamnunc
562 1164 672 1204 circa
698 1163 853 1219 Syrtim
884 1162 1092 1204 minorem
1129 1161 1336 1217 frequenti
1365 1162 1420 1202 ci-

172 1226 357 1284 bumque
386 1225 676 1283 suppeditante
712 1239 753 1267 v.
778 1224 895 1266 Della
915 1224 1025 1267 Cella
1045 1226 1082 1275 1,
1106 1238 1150 1280 p.
1193 1225 1271 1266 188
1303 1237 1415 1279 sqq-3

172 1290 294 1332 Sbaw
329 1289 499 1332 Travels
537 1303 581 1344 p.
606 1287 712 1338 2253
745 1288 878 1328 Ritter
909 1286 1043 1329 Erdk.
1063 1288 1085 1328 1
1119 1300 1163 1342 p.
1194 1289 1294 1341 949.
1317 1286 1416 1335 Νέας

172 1352 264 1395 πολ.
283 1354 298 1409 ]
316 1351 490 1394 Νεαπόλ.
513 1350 635 1392 hoel.
649 1348 796 1391 codex.
823 1351 839 1403 Η
858 1373 917 1381 —
935 1351 1015 1401 τῆς
1042 1348 1191 1405 Καρχ.
1224 1350 1414 1405 χώρας]

173 1416 273 1458 naec
287 1414 570 1471 interpolatori
593 1412 773 1454 vindicat
789 1412 960 1454 Gailius.
979 1414 1151 1462 Auctor,
1172 1425 1223 1452 ex
1242 1425 1326 1466 quo
1348 1426 1419 1467 pe-

171 1477 302 1535 riplus
324 1485 465 1519 noster
483 1477 618 1527 ssuxit,
640 1474 752 1517 haud
778 1474 904 1516 dubie
927 1474 970 1515 in
993 1482 1149 1515 antece.
1174 1472 1334 1515 dixerat
1353 1472 1419 1514 di·

173 1541 330 1582 tionem
350 1539 543 1594 Carthag.
568 1539 750 1595 incipere
781 1537 833 1579 ab
855 1538 937 1579 aris
967 1536 1263 1579 Philaenorum.
1291 1536 1418 1590 Quod

174 1617 251 1645 suo
287 1603 379 1644 loco
415 1610 560 1643 notare
590 1615 721 1657 quum
751 1608 971 1656 excerptor
1002 1607 1144 1641 noster
1177 1598 1416 1654 neglexerit,

174 1665 277 1708 nihil
290 1666 442 1707 mirum
463 1673 524 1706 est
544 1664 586 1706 id
606 1663 787 1706 hoclieri
803 1662 910 1713 loco,
925 1662 1123 1718 tantoque
1142 1662 1286 1716 magis,
1304 1661 1419 1718 quod

173 1727 410 1784 praecedens
435 1726 535 1768 urbs
557 1726 712 1782 Cinyps
735 1739 819 1767 non
842 1733 929 1766 erat
951 1725 1118 1766 Punicae
1135 1723 1322 1778 originis,
1346 1722 1417 1764 sed

174 1791 344 1833 Graeoee.
384 1790 401 1844 ΙΙ
428 1789 761 1844 -Γράφαρα]
803 1788 862 1829 sic
894 1786 1043 1829 codex.
1085 1785 1219 1828 Scrib.
1257 1784 1421 1827 videtur

172 1853 344 1909 Γάφαρα,
370 1861 416 1893 ut
431 1860 491 1893 est
512 1867 579 1908 ap.
603 1851 712 1893 Plin.
728 1852 786 1901 V,
811 1853 833 1900 4
859 1863 868 1891 :
892 1849 1107 1907 Gaphara.
1128 1847 1288 1891 Eodem
1310 1848 1421 1890 redit

172 1916 295 1958 lectio
312 1923 509 1971 corrupta
524 1915 566 1955 in
583 1913 802 1956 Stadiasm.
824 1912 873 1954 τὰ
888 1912 1026 1968 ἄφορα,
1044 1913 1074 1954 i.
1091 1926 1114 1953 e
1150 1911 1318 1967 Γάφαρα.
1335 1914 1417 1967 Ap.

171 1977 280 2020 Ptol.
313 1979 390 2029 IV,
421 1979 443 2020 3
468 1992 511 2033 p.
554 1978 652 2028 263,
680 1992 704 2032 9
731 1976 881 2031 legitur
904 1977 1061 2032 Γάραφα
1082 1975 1219 2032 λιμήν.
1256 1976 1419 2017 Nomen

174 2039 329 2098 Γᾷφαρα
372 2040 479 2083 Ptol.
512 2054 555 2097 p.
580 2041 679 2090 280,
704 2046 771 2095 ’27
812 2039 938 2081 habet
970 2041 1092 2081 etiam
1123 2039 1231 2080 inter
1266 2038 1419 2094 oppida

172 2103 430 2145 Marmaricae
462 2101 779 2144 mediterranea.
809 2103 825 2156 ΙΙ
852 2126 909 2134 -
930 2101 1119 2157 ἡμέρας
1156 2102 1302 2157 μιᾶς]
1339 2102 1419 2144 3οο

174 2166 281 2209 stad.
306 2181 388 2208 sec.
414 2165 653 2215 Stadiasm.;
681 2163 853 2206 secund.
889 2164 1067 2206 Ptolem.
1098 2163 1292 2205 distantia
1314 2178 1419 2204 non-

172 2229 252 2271 nisi
274 2238 420 2285 quarta
442 2243 537 2285 pars
550 2235 611 2269 est
627 2226 779 2282 gradus
798 2227 1077 2282 geographici.
1099 2226 1277 2282 Lapieus
1298 2226 1420 2269 sitam

173 2288 297 2332 fuisse
328 2290 477 2332 urbem
510 2297 650 2332 censet
682 2304 813 2346 prope
851 2288 976 2331 Ouad
1007 2289 1046 2331 el
1077 2287 1283 2331 Demseid.
1324 2290 1421 2344 ΙΙ-

178 2350 494 2410 Ἀὸρότονον]
516 2354 609 2395 Hoc
640 2352 810 2394 nomine
833 2352 982 2395 urbem
1006 2360 1240 2394 memorant
1272 2353 1420 2395 Strabo

174 2415 314 2466 XVII,
350 2430 395 2471 p.
435 2415 533 2466 835,
566 2414 757 2472 Ephorus
784 2423 826 2457 et
856 2417 992 2471 Lycus
1021 2415 1232 2470 Rheginus
1265 2429 1333 2472 ap.
1357 2417 1418 2459 St.

172 2479 270 2533 1352.
295 2493 329 2520 s.
351 2492 392 2520 v.
417 2486 458 2519 et
476 2477 633 2519 Plinius
648 2479 704 2530 V,
727 2481 752 2528 4
776 2491 785 2519 τ
811 2477 1025 2534 Neapolis,
1046 2477 1260 2534 Gaphara,
1285 2478 1420 2520 Abro-

176 2549 330 2582 tonum.
355 2543 460 2594 Quae
494 2539 627 2582 forma
651 2549 710 2582 est
734 2541 971 2595 graecissans
1009 2539 1191 2580 nominis
1222 2540 1421 2595 phoenicii

175 2602 287 2656 quod
298 2604 338 2643 in
348 2604 485 2643 numis
494 2603 676 2644 occurrit
688 2615 697 2643 t
708 2602 906 2643 Sabe-oron
918 2600 980 2641 vel
991 2601 1208 2649 Sabraton,
1221 2604 1420 2673 tumim

177 2670 239 2712 vel
256 2672 379 2712 etiam
402 2672 568 2720 Sabrat,
588 2683 728 2722 namn
752 2671 769 2724 (
789 2684 829 2711 v.
855 2671 1021 2710 Movers
1042 2668 1072 2710 l.
1092 2668 1122 2710 l.
1139 2670 1196 2718 11,
1215 2682 1258 2723 p.
1284 2670 1362 2722 491
1379 2670 1419 2722 );

178 2732 277 2774 hinc
300 2732 481 2788 Σαδράτα
517 2748 585 2789 ap.
620 2731 815 2781 Ptolem.,
850 2730 980 2773 Solin.
1015 2745 1054 2771 c.
1081 2730 1149 2784 37,
1188 2730 1287 2771 Ῑιὶη.
1318 2731 1419 2771 Ant.

177 2809 220 2852 p.
243 2799 312 2846 61,
335 2795 542 2850 Σαδαραθά
564 2809 632 2850 ap.
654 2796 830 2850 Procop.
852 2795 915 2835 De
934 2792 1044 2835 aedif.
1069 2793 1145 2842 VI,
1179 2794 1220 2842 4,
1244 2791 1422 2847 ΣαράΟρα

178 2867 373 2915 corrupte
393 2859 435 2899 in
465 2857 682 2900 Stadiasm.
702 2857 765 2899 Cf.
785 2857 908 2898 etiam
928 2855 1049 2898 Silius
1066 2856 1144 2905 111,
1163 2854 1244 2896 256
1264 2863 1305 2895 et
1319 2856 1420 2897 Sue-

180 2929 270 2964 ton.
287 2922 462 2977 Vespas.
478 2935 518 2962 c.
542 2920 584 2961 3.
604 2920 798 2962 Ceterum
819 2918 976 2959 Plinius
994 2925 1143 2973 praeter
1166 2917 1422 2959 Abrotonum

178 2983 302 3027 etiam
324 2983 502 3026 Sabraea
521 2996 674 3024 nomen
696 2980 836 3031 hahet,
859 2981 974 3036 quasi
994 2979 1080 3019 duo
1098 2988 1232 3020 essent
1251 2980 1419 3035 oppida.

178 3047 341 3089 Vitium
374 3047 417 3087 in
443 3044 667 3101 compilato
703 3043 824 3086 Plinii
858 3057 983 3098 opere
1025 3041 1419 3096 frequentissimum.

179 3109 316 3152 Etiam
346 3122 460 3151 nunc
496 3107 647 3149 Sabrae
679 3106 780 3147 urbs
814 3113 1000 3147 vocatur.
1023 3105 1185 3146 Nomen
1222 3104 1423 3158 significat

169 3169 547 3229 fhrumfrumenei.
572 3168 735 3212 Scilicet
758 3168 859 3210 urbs
881 3167 947 3209 illa
968 3167 1088 3208 sicuti
1113 3167 1252 3222 Leptis
1270 3175 1310 3208 et
1332 3168 1423 3209 OEa

181 3234 290 3275 inter
306 3233 513 3290 praecipua
535 3239 654 3274 erant
667 3231 869 3287 emporia,
891 3230 935 3272 in
953 3243 1045 3285 quae
1061 3228 1210 3285 Libyes
1229 3228 1422 3271 mediter-

181 3296 295 3338 ranei
314 3295 520 3338 frumenta
541 3295 656 3337 statis
672 3293 771 3336 anni
792 3293 1051 3349 temporibus
1064 3290 1343 3348 asportabant.
1362 3294 1423 3333 De

183 3357 274 3400 soro
287 3358 450 3401 Abratae
462 3357 579 3400 urbis
586 3355 963 3412 frequentatissimo
977 3355 1101 3397 etiam
1114 3353 1253 3396 medio
1261 3369 1348 3396 aevo
1363 3354 1422 3396 lo-

185 3421 328 3475 quitur
355 3421 435 3462 Ibn
456 3418 792 3462 Abd-el-Hakem
813 3419 854 3460 in
866 3416 1044 3460 Journal
1056 3415 1281 3474 Asiatique
1300 3419 1421 3468 1844,

185 3491 217 3523 t.
238 3484 295 3533 ΙΙ,
319 3498 362 3538 p.
378 3484 475 3525 358.
498 3481 661 3536 Quodsi
684 3482 809 3537 igitur
826 3479 1057 3537 Stephanus
1071 3480 1127 3522 ait
1149 3492 1159 3521 :
1182 3477 1420 3535 Ἇὸρότονον.

185 3544 339 3593 maog&
359 3543 540 3599 Ῥηγῖνος
552 3544 699 3599 χωρίον
718 3541 840 3584 οἴεται
857 3540 975 3595 εἶναι,
996 3540 1037 3583 id
1056 3541 1110 3584 ita
1124 3541 1291 3598 intelligi
1307 3556 1426 3599 posse

185 3615 324 3649 censet
343 3608 588 3658 Moversius,
611 3615 657 3648 ut
686 3614 771 3648 tota
798 3606 886 3648 haec
908 3605 1191 3661 emporiorum
1211 3605 1425 3660 regio-isto

185 3670 357 3712 nomine
388 3669 533 3710 assecta
570 3670 638 3710 sit.
686 3667 802 3710 Idem
845 3668 1076 3724 Stephanus
1115 3667 1168 3710 de
1208 3667 1425 3711 Abrotono

189 3732 324 3775 urbe:
349 3730 536 3773 Καλεῖται
564 3730 605 3772 δὲ
640 3730 705 3772 καὶ
739 3730 946 3781 Νεάπολις,
984 3730 1035 3779 ὡς
1068 3730 1249 3787 'Epope
1276 3730 1424 3787 Leptin

189 3809 380 3851 magnam
397 3793 450 3836 ab
468 3793 639 3850 Ephoro
656 3807 751 3835 cum
773 3793 991 3835 Abrotono
1009 3793 1221 3835 confusam
1240 3808 1327 3835 esse
1344 3801 1425 3835 sta-

190 3857 269 3899 tuit
288 3857 497 3899 Mannert.
519 3857 574 3906 X,
605 3869 641 3906 1,
663 3869 706 3910 p.
737 3856 828 3909 ¹37·
855 3855 1052 3895 Fortassis
1077 3864 1207 3906 τροις,
1232 3854 1303 3897 sed
1324 3854 1424 3896 nihil

188 3919 402 3962 incertius.
426 3919 531 3960 Nam
551 3931 681 3973 quum
704 3916 882 3974 plurima
903 3916 1246 3973 Libyphoenicum
1272 3915 1425 3974 oppida

190 3983 308 4023 novis
325 3981 470 4024 incolis
480 3996 502 4023 a
515 3978 917 4036 Carthaginiensibus
930 3978 1183 4036 frequentata
1199 3981 1296 4032 sint,
1312 3979 1422 4022 ideo·

193 4059 272 4099 que
291 4046 413 4087 ctiam
437 4044 605 4087 nomina
627 4042 846 4087 Kurelmda
867 4051 908 4085 et
931 4043 1178 4086 Macomada
1205 4044 1233 4086 i.
1258 4059 1296 4086 e.
1323 4042 1424 4085 Νεά-

1055 187 1343 252 scvmcts
1375 185 1835 253 casertanensis

2710 0 2735 26 ’ἀ-
2748 0 2782 63 ξ

2733 57 2746 62 ’Δ
2770 65 2782 72 n

2743 92 2753 106 z
2768 83 2782 107 ,¹

2772 107 2782 128 ἵ.

2561 204 2635 269 (⁴7,
2646 211 2720 269 ιο.)

1475 312 1818 370 Ιιοιορῐιιςοτιιω
1843 326 1943 367 gens
1963 311 2111 354 accolit
2133 326 2263 369 usque
2283 311 2336 354 ad
2354 311 2521 354 alterius
2541 312 2743 372 Syrtitlisjg¹

1475 393 1645 435 ostium.
1704 392 1760 436 m
1773 392 1860 434 loto
1874 400 2051 434 utuntur
2064 406 2142 449 pro
2159 392 2255 435 cibo
2266 407 2314 434 ac
2330 401 2446 448 potu.
2509 394 2606 435 Post
2616 381 2782 658 Nea-i

1436 519 1443 523 ,
1476 470 1591 527 polin
1623 472 1668 514 in
1700 470 2102 526 Carthaginiensium
2141 470 2301 514 ditione
2337 471 2558 528 Graphara
2603 471 2735 528 (Ga.r
2779 490 2782 494 ·

1472 551 1644 609 phara)
1665 550 1781 595 urbs.
1804 553 2020 607 Navigatio
2050 551 2104 594 ad
2132 551 2240 595 hanc
2267 567 2292 595 a
2321 553 2493 609 Neapoli
2518 553 2642 594 unius
2662 561 2726 595 αι

1475 630 1575 674 diei.
1634 633 1734 674 Post
1777 632 1995 688 Graphara
2031 631 2296 674 Abrotonum
2340 632 2442 674 urbs
2478 640 2719 689 portusque.
2755 657 2782 700 .Ιἰ

1475 710 1691 766 Navigatio
1708 724 1893 767 eousque
1907 711 2033 752 unius
2043 708 2143 753 diei.
2203 714 2301 754 Post
2317 711 2584 754 Abrotonum
2603 712 2722 752 Tari-
2770 725 2775 727 ⁴

1482 785 1586 827 chiae
1613 785 1715 827 urbs
1743 794 1986 841 portusque.
2044 784 2261 840 Navigatio
2289 785 2385 827 inde
2418 786 2472 827 ab
2505 786 2724 828 Abi-otono

1483 858 1608 899 unius
1626 857 1709 900 diei
1730 866 1807 899 oet.
1866 860 1965 900 Post
1980 858 2193 901 Tarichias
2232 860 2379 911 insula,
2406 875 2498 917 quae
2520 861 2724 902 Brachit‘m

1490 1041 1602 1091 πολις
1632 1042 1741 1083 inter
1763 1040 1974 1083 Phoenicia
1996 1039 2148 1096 oppida
2170 1040 2318 1083 crebro
2345 1042 2724 1100 deprehendantur,

1489 1104 1594 1146 nihil
1618 1112 1680 1146 aet
1705 1117 1780 1145 cur
1801 1103 2019 1159 Ephorum
2039 1116 2196 1143 errasse
2218 1102 2537 1151 contendamus.
2555 1107 2611 1149 V.
2634 1108 2727 1149 Mo-

1488 1181 1596 1209 vers.
1616 1166 1646 1209 l.
1667 1167 1696 1209 l.
1719 1168 1782 1208 De
1803 1166 1934 1207 ruinis
1958 1180 1998 1207 v.
2022 1164 2165 1207 Barth.
2183 1164 2212 1207 1.
2237 1165 2264 1207 Ι.
2286 1179 2329 1221 p.
2351 1179 2449 1222 277.
2475 1167 2492 1222 ΙΙ
2522 1190 2578 1200 -—
2594 1168 2731 1224 Ταρι-

1487 1231 1658 1287 χεΐαι]
1684 1229 1839 1286 ταριλία
1871 1227 2002 1270 codex
2021 1228 2065 1270 h.
2096 1228 2144 1279 l.,
2176 1227 2248 1269 sed
2282 1229 2324 1269 in
2357 1243 2471 1285 seqq.
2496 1229 2726 1286 Ταριχειῶν.

1489 1293 1787 1349 Apographum
1808 1293 2057 1333 Vatioenum
2073 1305 2114 1333 ν.
2130 1290 2293 1347 Ταριλία
2312 1290 2474 1339 πόλις...
2504 1290 2580 1334 ἀπὸ
2603 1291 2731 1349 ’sepo-
2763 1331 2770 1337 .,

1489 1357 1603 1397 τόνου
1621 1355 1783 1406 omisit;
1801 1369 1823 1396 e
1850 1353 2026 1409 conject.
2050 1352 2239 1395 lacunam
2257 1352 2344 1408 jam
2362 1354 2595 1410 expleverat
2613 1356 2731 1398 Man·

1489 1427 1632 1461 nertus
1654 1420 1711 1470 X,
1742 1431 1784 1469 2,
1812 1432 1857 1474 p.
1886 1420 1979 1467 144.
2001 1416 2213 1458 Tarichias
2242 1416 2286 1458 h.
2310 1416 2339 1458 l.
2367 1417 2463 1458 sitas
2485 1417 2587 1459 alius
2610 1432 2732 1462 nemo

1490 1490 1718 1533 memorat;
1744 1480 1889 1522 alteras
1910 1479 2123 1520 Tan-inhias
2142 1479 2185 1520 in
2210 1479 2319 1534 Syrti
2342 1477 2487 1534 majori
2519 1480 2643 1522 hahes
2662 1497 2729 1538 ap.
2780 1478 2782 1481 ’

1489 1543 1707 1587 Stadiasm.
1734 1545 1757 1596 S
1784 1557 1855 1597 90,
1886 1556 1934 1583 ac
1962 1541 2153 1582 omnino·
2169 1555 2322 1582 nomen
2344 1541 2426 1583 hoc
2446 1541 2637 1598 frequens
2671 1554 2731 1586 est

1491 1608 1564 1660 (v.
1588 1606 1730 1663 Steph.
1754 1607 1852 1660 Byz.
1883 1619 1918 1646 s.
1951 1618 1991 1645 v.
2009 1605 2051 1658 );
2075 1611 2117 1644 at
2148 1617 2278 1659 quum
2308 1617 2421 1645 mere
2448 1618 2627 1658 graecum
2652 1607 2729 1658 sit,

1489 1662 1573 1713 alia
1588 1668 1712 1711 fuisse
1733 1667 1857 1710 debet
1878 1666 2095 1724 appellatio
2118 1666 2326 1721 indigena.
2343 1664 2461 1708 Idem
2485 1668 2623 1724 itaque
2645 1668 2733 1712 fue·

1490 1732 1545 1774 rit
1572 1730 1775 1788 oppidum
1805 1744 1902 1772 cum
1932 1744 1982 1771 eo
2015 1728 2129 1785 quod
2153 1732 2235 1771 600
2267 1737 2361 1785 post
2388 1728 2631 1773 Sabratham
2651 1740 2735 1775 sta-

1489 1793 1570 1835 diis
1588 1802 1791 1836 memorat
1811 1792 2031 1835 Stadiasm.
2059 1806 2107 1833 ac
2129 1791 2314 1847 Ζεόχαριν
2338 1791 2461 1841 dicit;
2486 1791 2598 1848 apud
2623 1793 2734 1837 Stra·

1490 1856 1644 1899 bonem
1659 1858 1799 1908 xvn,
1816 1870 1860 1912 p.
1883 1856 1962 1905 834
1985 1855 2122 1909 Ζοῦχις
2140 1863 2311 1895 vocatur
2330 1867 2339 1896 :
2361 1853 2472 1895 Μετὰ
2490 1854 2531 1896 δὲ
2553 1853 2622 1907 τὴν
2637 1855 2735 1914 Σύρ-

1490 1934 1549 1961 τιν
1563 1919 1702 1976 Ζοῦχίς
1714 1918 1793 1961 ἔστι
1806 1919 1943 1975 λίμνη,
1960 1917 2126 1959 σταδίων
2141 1917 2414 1972 τετρακοσίων,
2435 1917 2570 1959 στενὸν
2590 1917 2735 1975 ἔχουσα

1492 1979 1690 2034 εἴσπλουν,
1714 1982 1780 2024 καὶ
1807 1981 1894 2038 παρ’
1915 1978 2032 2033 αὐτὴν
2055 1980 2167 2029 πόλις
2184 1980 2403 2036 ὁμώνυμος,
2426 1981 2737 2038 πορφυροὸαφεῖα

1492 2044 1639 2101 ἔχουσα
1660 2045 1725 2087 καὶ
1746 2044 2001 2101 ταριχείας
2034 2043 2372 2092 παντοδαπάς·
2394 2040 2467 2084 εἶτ’
2490 2042 2593 2097 ἄλλη
2613 2043 2734 2102 λίμνη

1491 2107 1593 2149 πολὶ»
1622 2106 1811 2158 ἐλάττων,
1837 2106 1903 2148 καὶ
1938 2105 2035 2162 μετὰ
2058 2105 2199 2159 ταύτην
2238 2104 2463 2161 Ἀβρότονον
2486 2104 2611 2155 πόλις.
2640 2106 2658 2162 ΙΙ
2680 2130 2737 2140 -

1494 2169 1621 2212 κατὰ
1654 2169 1696 2211 δὲ
1724 2171 1879 2211 ταῦτα
1897 2168 1912 2224 ]
1934 2169 2087 2210 Parum
2115 2174 2305 2209 accurate
2332 2165 2509 2219 dictum,
2529 2165 2736 2223 siquidem

1492 2232 1626 2275 insula
1639 2246 1663 2274 a
1671 2230 1876 2274 Tarichiis
1887 2229 2011 2271 distat
2021 2228 2105 2271 diei
2116 2229 2392 2284 navigatione,
2405 2228 2467 2272 uti
2473 2237 2738 2274 recteauctor

1491 2294 1629 2351 paullo
1646 2302 1740 2351 post
1757 2292 1875 2335 dicit.
1888 2290 2104 2335 Scribend.
2122 2290 2287 2333 videtur
2302 2289 2414 2333 Μετὰ
2430 2290 2473 2334 δὲ
2485 2293 2620 2334 ταῦτα.
2645 2293 2663 2352 ΙΙ
2680 2317 2738 2327 -
2774 2301 2782 2346 ζ.

1494 2358 1524 2399 Β
1537 2373 1632 2415 ραχ
1644 2373 1661 2400 ε
1673 2357 1724 2398 ίω
1736 2357 1788 2413 ν]
1811 2357 1904 2398 Hoc
1931 2354 2075 2397 insulae
2094 2368 2249 2397 nomen
2277 2352 2444 2396 aliunde
2463 2368 2550 2398 non
2571 2363 2735 2400 notum.

1492 2421 1631 2476 Vulgo
1651 2435 1677 2462 a
1698 2419 1894 2474 Meninge
1922 2417 2026 2459 urbe
2047 2416 2275 2475 appellatur
2301 2413 2457 2472 Μῆνιγξ
2482 2415 2564 2474 (V.
2589 2417 2736 2475 Polyb.
2772 2411 2782 2443 ³²

1493 2485 1528 2534 1,
1556 2484 1635 2539 39;
1656 2482 1804 2526 strabo
1833 2483 1912 2532 m,
1943 2495 1987 2536 p.
2014 2480 2108 2535 157.
2142 2479 2283 2532 xvn,
2308 2493 2352 2536 p.
2381 2479 2484 2531 8343
2522 2478 2734 2525 Plutarch.
2768 2460 2782 2538 ξ

1492 2547 1601 2588 Mar.
1628 2561 1666 2587 c.
1705 2548 1783 2595 403
1813 2543 1988 2598 Dionys.
2026 2544 2134 2592 48ος
2166 2540 2341 2583 Ptolem.
2367 2542 2488 2591 vm,
2524 2544 2599 2593 145
2630 2542 2737 2586 Mela
2772 2561 2782 2597 3

1493 2611 1550 2660 11,
1570 2624 1617 2664 7;
1636 2607 1855 2651 Stadiasm.
1876 2608 1899 2660 S
1923 2619 1994 2648 101
2014 2621 2024 2656 ;
2046 2606 2106 2646 St.
2127 2606 2225 2660 Byz.
2241 2618 2276 2645 s.
2295 2617 2335 2646 v-
2354 2605 2392 2658 );
2409 2602 2519 2660 apud
2534 2606 2737 2660 posterio·
2777 2612 2782 2617 “

1493 2686 1559 2714 res
1581 2686 1605 2713 a
1628 2669 1759 2713 Girba
1769 2668 1872 2710 urbe
1894 2667 2045 2722 (Γέρρα
2065 2674 2127 2708 est
2145 2680 2213 2721 ap.
2230 2664 2335 2707 Ptol.
2357 2665 2434 2715 IV,
2453 2666 2494 2716 3,
2512 2678 2554 2721 p.
2577 2679 2674 2722 272,
2697 2682 2735 2721 1,
2757 2642 2782 2713 ,ί

1494 2733 1566 2776 ubi
1589 2742 1727 2775 tamen
1762 2729 1858 2772 cod.
1890 2729 1976 2771 Pal.
2002 2728 2125 2771 habet
2146 2728 2275 2783 Γίρρα.
2310 2726 2612 2783 Reponendum
2647 2726 2737 2774 vid,

1494 2795 1616 2851 Γέρὸα
1631 2797 1647 2850 )
1662 2801 1834 2836 vocatur
1848 2790 1981 2846 Γίρὸα,
2006 2798 2052 2830 ut
2069 2803 2136 2845 ap.
2157 2788 2298 2831 Aurcl.
2312 2789 2474 2831 Victor.
2494 2789 2574 2847 Ep.
2598 2804 2637 2833 c.
2656 2791 2704 2834 31
2722 2807 2736 2846 3
2754 2838 2756 2842 v

1493 2859 1596 2901 Itin.
1623 2859 1724 2899 Ant.
1758 2869 1802 2911 p.
1833 2854 1928 2908 5¹9·
1960 2851 2026 2894 Cf.
2060 2854 2270 2908 Anonym.
2296 2853 2359 2893 De
2390 2866 2531 2906 gener.
2555 2861 2669 2909 gent.
2692 2854 2755 2899 iu*

1497 2919 1653 2964 Labbei
1681 2917 1787 2961 Bibl.
1812 2917 1920 2958 Nov.
1949 2917 1984 2965 I,
2016 2928 2057 2970 p.
2094 2916 2174 2956 302
2202 2927 2211 2955 ε
2234 2913 2367 2955 Girda
2385 2929 2476 2971 quoe
2496 2923 2536 2956 et
2558 2915 2747 2971 Benioeae
2781 2927 2782 2930 ’

1495 2998 1572 3040 pro
1592 2981 1723 3025 Girba
1738 2994 1827 3036 qua·
1842 2987 1880 3019 ct
1903 2977 2112 3029 Meninga.
2131 2977 2372 3019 Etiamnum
2389 2977 2515 3020 (ἕω-ὁὶ
2529 2978 2591 3020 vel
2604 2978 2735 3024 serbi.

1494 3046 1588 3087 Huc
1602 3041 1760 3086 accedit
1778 3055 1929 3083 nomen
1955 3041 2219 3095 Λωτοφαγῖτις
2248 3054 2316 3095 ap.
2341 3039 2517 3083 Ptolem.
2545 3041 2623 3092 IV,
2649 3040 2674 3084 3
2692 3039 2739 3086 οἱ

1494 3108 1602 3150 Plin.
1625 3108 1682 3158 V,
1706 3120 1747 3160 7.
1770 3105 1923 3146 Nostro
1945 3102 2036 3144 loco
2059 3104 2302 3144 Mannertus
2334 3102 2391 3153 Χ,
2413 3114 2456 3153 2,
2480 3115 2523 3158 p.
2554 3105 2629 3153 144
2659 3115 2688 3145 n
2732 3145 2734 3149 ,

1495 3185 1591 3213 men
1621 3166 1819 3224 Βραχείων
1842 3165 1932 3220 ejici
1956 3165 2099 3216 voluit,
2135 3172 2279 3220 utpote
2300 3178 2325 3206 a
2357 3162 2579 3219 glossatore
2599 3178 2678 3222 pro

1495 3241 1626 3283 ctum,
1644 3231 1715 3287 qui
1736 3228 1861 3271 multa
1883 3228 1937 3269 ibi
1954 3228 2092 3269 brevia
2105 3242 2191 3268 csse
2209 3226 2438 3278 notaverit;
2454 3223 2609 3268 deinde
2635 3224 2716 3269 soei

1496 3293 1679 3337 bendum
1703 3292 1862 3337 censuit
1894 3304 1903 3331 ε
1930 3290 2026 3331 κατὰ
2064 3289 2103 3331 δὲ
2140 3290 2260 3331 ταῦτά
2294 3286 2374 3331 ἔστι
2409 3290 2525 3341 νῆσος
2561 3283 2699 3346 ᾗόνοἸ

1497 3482 1640 3538 possit,
1665 3494 1794 3536 quum
1829 3478 2055 3534 posteriore
2090 3476 2212 3518 etiam
2241 3482 2357 3517 aetate
2379 3472 2523 3516 incolae
2554 3472 2656 3531 pisci

1497 3543 1577 3586 sale
1616 3541 1860 3585 condiendis
1909 3553 2078 3596 operam
2110 3537 2327 3588 dederint,
2369 3534 2474 3579 adeo
2504 3543 2553 3578 ut
2583 3548 2640 3578 no
2718 3532 2719 3535 ¹

1499 3605 1595 3648 inde
1625 3605 1765 3647 insulae
1797 3604 1895 3645 dare
1927 3603 2082 3654 liceret,
2110 3600 2230 3643 sicuti
2263 3614 2331 3656 ap.
2364 3597 2557 3642 Strabon.

1498 3682 1541 3724 p.
1567 3669 1646 3718 834
1678 3668 1785 3709 inter
1819 3665 2096 3709 Adrumetum
2136 3670 2177 3704 et
2203 3662 2416 3718 Thapsum
2454 3673 2591 3703 memo

1500 3731 1538 3771 αἱ
1566 3731 1769 3785 Ταριχεῑάι
1800 3729 2028 3785 λεγόμεναι,
2054 3725 2169 3779 νησία
2187 3723 2318 3768 πολλὰ
2350 3723 2415 3766 καὶ
2442 3721 2581 3774 πυκνά,
2604 3728 2647 3764 et
2664 3733 2687 3763 t

1500 3791 1646 3833 Melam
1678 3794 1733 3842 11,
1763 3807 1786 3847 7
1824 3804 1834 3832 ι
1863 3794 2010 3832 Comm
2048 3786 2311 3840 Carthaginis
2344 3785 2483 3827 sinum
2516 3779 2685 3828 Tarich'
2728 3831 2735 3839 1
2761 3783 2766 3796 ⁷

1501 3856 1659 3896 Verum
1685 3869 1815 3910 quum
1834 3852 2006 3911 piscatio
2028 3850 2085 3893 ibi
2102 3849 2425 3892 fructuosissima
2447 3854 2553 3890 esset
2575 3842 2632 3888 ob
2649 3843 2661 3855 ”
2728 3873 2782 3916 4²

1503 3918 1641 3959 brevia
1658 3932 1751 3960 cum
1770 3916 1895 3958 maris
1907 3911 2284 3971 repercussionibus
2303 3908 2557 3967 conjuncta(
2567 3903 2756 3964 μεγάλας
2774 3904 2782 3959 Γ

1504 3982 1538 4022 δ’
1562 3980 1633 4022 εἰσί
1657 3981 1741 4036 περὶ
1763 3978 1831 4031 τὴν
1865 3978 2054 4034 Μήνιγγα
2083 3975 2305 4031 παλίρροιαι
2337 3972 2486 4028 Agath.
2521 3970 2559 4022 Ι,
2589 3980 2633 4024 p.
2666 3968 2751 4033 14(
2780 4002 2782 4025 ;

1503 4044 1566 4086 Cf.
1588 4043 1722 4086 Strab.
1737 4057 1779 4099 p.
1799 4042 1915 4095 835),
1932 4048 1972 4082 et
1981 4038 2119 4097 paullo
2130 4052 2253 4095 supra
2263 4035 2498 4089 Meningem
2507 4031 2588 4073 ins.
2605 4039 2739 4086 prop·
2781 4092 2782 4106 χ
