2808 4342
3 1366 203 1428 ὅρινης
243 1368 452 1428 ἀγνώστου
482 1389 558 1431 γης
590 1371 851 1437 Ἰχθυοφάγοι
892 1377 1030 1422 Σῖναι.

0 3133 42 3179 ἕ

8 3187 11 3206 ²
53 3182 128 3224 ἀπο
144 3183 184 3224 δὲ
199 3183 400 3225 ἀνατολῶν
413 3184 477 3225 καὶ
491 3186 727 3240 μεσημορίας
743 3185 933 3241 ἀγνώστῳ
944 3189 1013 3242 γῇ.
1033 3187 1049 3241 11
1068 3211 1125 3217 —
1140 3188 1206 3227 13.
1224 3190 1293 3227 In·

0 3253 16 3278 ἱ,

0 3412 41 3555 i

0 3587 10 3752 k.

33 1530 35 1534 ⁴
61 1504 138 1560 λὴν
180 1506 427 1564 διήκουσαν,

72 151 147 209 (2⁹2
161 151 237 210 30·)

973 261 1052 306 ἱδὲ
1077 261 1311 322 σύμπαντες

27 650 37 669 ”
68 653 223 707 ΣΙΝΩΝ
245 654 332 689 ΚΑΙ
353 656 452 690 ΤΩΝ
473 657 537 690 ΕΝ
562 657 736 691 ΑΥΤΟῙΣ
761 657 972 692 ΚΟΛΠΩΝ
1002 659 1304 699 ΠΕΡΙΠΛΟΥΣ.

137 766 196 797 43.
226 750 288 797 Τὸ
317 771 398 796 των
423 754 555 798 Σινῶν
580 752 687 805 ἔθνος
709 755 1025 818 περιορίζεται’
1004 757 1084 802 απὸ
1108 758 1181 817 μὲν
1206 759 1306 823 ἄρκ-

67 835 148 862 των
168 818 282 881 μέρει
298 823 370 873 τῆς
388 822 635 881 Σηρικης,’
614 821 695 866 απὸ
717 822 757 867 δὲ
776 822 926 875 δύσεως
942 845 991 886 τῃ
1014 827 1125 878 ἐκτὸς
1144 829 1203 873 l'
1179 847 1231 887 αγ
1233 847 1305 887 γου

27 881 34 899 ⁵
65 904 255 946 ποταμου
281 887 434 948 Ἰνδικῃ
455 889 562 934 κατὰ
586 890 632 935 τὸ
655 893 952 980 προειρημένον
975 898 1016 940 ἐν
1039 915 1096 956 τῳ
1121 898 1304 959 Μεγάλῳ

65 951 206 1017 κόλπῳ
243 955 377 1017 ὅριον,
405 958 487 1003 ἀπο
512 959 553 1003 δὲ
587 962 842 1006 ἀνατολῶν’
821 964 1020 1027 αγνώστω
1043 970 1094 1026 γῇ
1110 1002 1120 1021 ,
1147 967 1228 1012 ἀπὸ
1261 968 1303 1012 δὲ

64 1024 362 1087 μεσημὸρίας.
342 1030 392 1086 τῇ
417 1046 458 1071 τε
479 1029 743 1092 μεσημὸρινῇ·
768 1032 949 1094 θαλάττῃ
971 1034 1042 1078 καὶ
1062 1054 1111 1095 τῃ
1140 1054 1303 1094 μεσημ-

31 1141 32 1144 ,
66 1092 183 1155 ὅρινῇ
211 1094 410 1158 ἀγνώστῳ
430 1100 502 1158 γῇ.

31 1189 33 1193 .
63 1160 149 1222 ἔχει
174 1161 242 1207 τὸν
265 1162 426 1225 τρόπον’
444 1164 525 1225 [τὰ
550 1165 591 1210 δὲ
620 1166 727 1210 κατὰ
749 1167 868 1229 μέρος
890 1168 1015 1221 οὕτως
1038 1169 1137 1232 ἔχει·
1156 1172 1173 1231 ]

573 1097 698 1144 Kat‘
678 1116 703 1152 η
722 1097 795 1158 μὲν
814 1099 888 1155 ὅλη
909 1102 1139 1163 περιγραφὴ
1161 1123 1302 1150 τουτον

431 1239 585 1289 [Λείπει
601 1242 652 1278 τὰ
667 1243 764 1280 κατὰ
784 1244 935 1294 μέρος]

215 1298 476 1345 Ἐντεῧθεν”
449 1320 645 1363 αρχονται
664 1305 875 1364 παροικεῖν
894 1305 1017 1367 μέχρι
1037 1326 1108 1362 της
1137 1326 1279 1367 μεσηγ.
1282 1335 1300 1344 -

1099 1375 1183 1422 Δύο
1219 1378 1299 1437 γὰρ

62 1436 293 1497 ἀγνώστους
315 1441 499 1485 υπονοεῑν
524 1441 606 1502 χρὴ
631 1461 729 1524 ‘fai'
739 1443 822 1497 τήν
849 1462 892 1488 τε
913 1442 1028 1506 παρὰ
1047 1444 1121 1500 τὴν
1147 1449 1299 1491 ἀνατο-

465 1514 491 1570 ᾑ
530 1514 741 1571 παροικεῖν
775 1512 996 1574 εἰρήκαμεν
1020 1532 1112 1565 τους
1148 1513 1298 1570 Σίνας,

1 1619 4 1621 ,
37 1591 39 1595 ·
60 1574 130 1619 καὶ
150 1575 223 1630 τὴν
240 1577 354 1640 παρὰ
372 1577 446 1633 τὴν
468 1579 732 1640 μεσημὸρίαν
745 1616 756 1636 ,
776 1580 865 1636 ἥτις
879 1581 1010 1635 διηκει
1026 1581 1140 1642 παρὰ
1158 1590 1297 1627 πᾶσαν

58 1643 132 1698 τὴν
150 1644 325 1701 Ἰνδικην
349 1646 608 1693 θάλασσαν’
580 1667 672 1703 ητοι
688 1649 761 1703 τὴν
782 1649 995 1710 Πρασώδη
1019 1650 1296 1710 καλουμένην

2 1765 8 1774 ι
27 1722 30 1749 i
59 1711 180 1775 μέρος
199 1719 323 1760 οὖσαν
340 1719 412 1771 τῆς
431 1716 606 1772 Ἰνδικῆς
627 1718 903 1774 θαλάσσης,
885 1718 991 1763 ωστε
1011 1718 1298 1764 συνάπτουσαν

22 1806 25 1835 L
42 1783 254 1844 ςὲκατέρας
271 1784 343 1835 τὰς
367 1785 597 1844 ἀγνώστους
612 1793 688 1844 γᾶς
710 1787 896 1848 καθάπερ
918 1786 1006 1831 τινὰ
1026 1786 1176 1847 γωνίαν
1197 1790 1299 1833 ἀπο-

58 1853 187 1896 τελεῖν
198 1852 291 1913 περὶ
305 1853 372 1896 τὸν
390 1856 469 1897 τῶν
486 1856 618 1899 Σινῶν
639 1856 809 1903 κόλπον.
879 1855 988 1901 ‘sz'
992 1875 1146 1917 ρκειται
1160 1857 1201 1901 δε
1218 1860 1297 1902 τῶν

28 1920 30 1923 ’
60 1916 239 1966 Σινων“
211 1940 236 1975 η
258 1940 300 1965 τε
317 1924 397 1965 τῶν
423 1924 569 1984 Σηρῶν
592 1922 712 1985 χώρα
734 1924 805 1968 και
825 1929 851 1980 ἡ
873 1924 1123 1986 μητρόπολις
1143 1928 1294 1971 αὐτῶν.

17 2034 22 2051 Ι,
57 1988 124 2035 Τὰ
139 1988 181 2034 δὲ
202 1989 532 2053 ἀνατολικώτερα
548 1992 704 2037 τούτων
722 1992 930 2054 ἄγνωστός
946 1996 1031 2038 ἐστι
1048 2013 1100 2054 γη
1117 2031 1129 2053 ‚
1150 1994 1297 2054 λίμνας

11 2061 25 2119 ’Δ
57 2056 210 2119 ἔχουσα
236 2058 424 2115 ἑλώδεις,
452 2061 492 2104 ἓν
518 2054 581 2111 αἷς
602 2061 787 2120 κάλαμοι
812 2062 984 2121 μεγάλοι
1012 2063 1198 2125 φύονται,
1226 2064 1296 2108 καὶ

58 2134 242 2188 συνεχεῖς
265 2126 391 2179 οὕτως
409 2163 420 2184 ,
449 2126 554 2173 ὥστε
590 2129 808 2191 ἐχομένους
833 2131 967 2175 αὐτῶν
991 2134 1194 2176 ποιεῖσθαι
1225 2133 1296 2183 τὰς

21 2201 31 2258 Ἀ
58 2195 385 2256 διαπεραιώσεις.

209 2323 301 2358 ΤΟΥ
319 2324 596 2361 ΘΗΡῙΩΔΟΥΣ
614 2326 820 2360 ΚΟΛΠΟΥ
834 2311 1136 2362 ΠΕΡΙΪῙΛΟΥΣ.

120 2437 177 2467 45.
218 2421 393 2468 Πλέοντι
415 2422 548 2467 τοίνυν
574 2421 680 2481 μετὰ
702 2419 770 2466 τὸν
797 2421 943 2482 Μέγαν
974 2423 1129 2468 κόλπον
1152 2423 1222 2468 καὶ
1247 2424 1294 2469 τὸ

23 2529 27 2532 -
55 2491 205 2538 Νότιον
233 2491 355 2553 ἄκρον
388 2495 443 2543 ὡς
465 2492 563 2553 πρὸς
586 2491 660 2546 τὴν
682 2491 947 2553 μεσημὸρίαν
979 2491 1049 2537 καὶ
1074 2493 1292 2554 ἀριστερὰν

559 2563 585 2573 Ν

54 2558 189 2621 ἔχοντι
208 2559 282 2614 τήν
308 2579 352 2605 τε
374 2563 454 2605 τῶν
476 2563 611 2607 Σινων
639 2564 714 2621 γῆν
735 2560 805 2605 καὶ
828 2561 901 2615 τὴν
926 2561 1129 2616 ἀνατολὴν
1143 2597 1155 2617 ,
1178 2562 1290 2607 ἐκδέ-

2 2631 35 2675 2³
52 2645 173 2690 χεται
195 2630 344 2680 κόλπος
369 2629 591 2690 Θηριώδης
611 2627 883 2686 καλούμενος,
902 2628 1053 2684 διήκων
1079 2630 1202 2690 μέχρι
1222 2634 1291 2675 τοῦ

2 2697 312 2759 4-οἰκρωτηριόυ
333 2702 403 2743 τοῦ
420 2698 675 2757 καλουμένου
696 2698 896 2759 Σατύρων
917 2698 1058 2759 ἄκρου.

17 2761 22 2773 ²
53 2783 117 2816 τες
147 2765 229 2810 ἀπὸ
261 2770 334 2810 τοῦ
370 2766 521 2812 Νοτίου
555 2767 681 2826 ἄκρου
713 2766 836 2828 μέχρι
869 2772 938 2812 τοῦ
975 2770 1056 2811 τῶν
1094 2766 1291 2828 Σατύρων

1126 2701 1180 2745 Οἱ
1194 2699 1293 2743 πάν·

55 2834 315 2894 ἀκρωτηρίου
340 2835 410 2880 τοῦ
434 2836 634 2897 περίπλου
655 2840 726 2900 τοῦ
751 2836 990 2898 Θηριώδους
1009 2836 1162 2881 κόλπου
1188 2836 1289 2880 στά-

53 2905 130 2948 διοι
147 2904 282 2965 Παιργ’.

110 3063 221 3113 543.
239 3062 295 3102 V.
316 3060 671 3112 PtolemaeusVH,
691 3063 732 3103 3.
751 3063 840 3116 11-—
862 3076 926 3104 10.
949 3062 1286 3119 ἀγνώστῳγῇ]

51 3122 172 3162 Malis
194 3124 244 3178 τῇ
274 3121 489 3178 ἀνατολικῇ
522 3122 712 3179 ἀγνώστῳ
733 3126 817 3179 “sil-⁹
837 3124 1080 3165 Ptolemaeus
1097 3125 1290 3165 brevius:

52 3246 164 3287 clusa
181 3246 232 3286 de
251 3261 345 3287 meo
364 3247 534 3298 insetui,
556 3256 694 3288 notata
706 3247 899 3303 deinceps
914 3229 1075 3290 lacuna.

2 3310 75 3379 {S
98 3313 168 3350 44.
192 3307 461 3350 Ἐντεῦθεν
487 3310 501 3364 ]
530 3324 588 3350 sc.
623 3308 697 3350 ἀπο
731 3312 799 3350 τοῦ
829 3309 1009 3351 Νοτίου
993 3310 1124 3364 α’κρου,
1150 3311 1247 3351 inde
1270 3326 1293 3353 a

11 3365 137 3424 ³quo
154 3379 247 3425 post
259 3371 397 3411 sinum
419 3373 619 3425 Magnum
642 3380 874 3425 sequantui
893 3372 913 3412 ὁ
932 3372 1131 3427 Θηριώδης
1152 3372 1295 3421 κόλπος

48 3440 93 3472 et
114 3432 135 3472 ὁ
156 3437 232 3473 τῶν
261 3432 302 3472 Σ·
296 3437 383 3474 ’.νῶν
403 3433 561 3482 κόλπος,
584 3448 687 3488 quos
711 3437 732 3485 §
753 3433 804 3478 45
837 3441 876 3472 et
901 3437 954 3482 46
975 3442 1120 3474 auctor
1139 3433 1293 3475 desen-

52 3494 172 3550 bit.11
197 3520 254 3526 -
274 3505 348 3537 20.
371 3499 419 3552 τῇ
443 3495 588 3552 Ἰνδικῃ
606 3495 779 3550 θαλάσσῃ
803 3495 916 3535 cod.-
907 3510 1023 3546 ,.em
1058 3495 1174 3537 editt.
1199 3498 1214 3550 ΙΙ
1237 3521 1293 3528 -—

8 3556 18 3576 '³
53 3570 122 3598 21.
145 3558 404 3606 συναπτούσας
425 3558 538 3609 cod.;
557 3573 638 3599 em.
663 3557 855 3598 Hudson.
881 3558 895 3610 ΙΙ
919 3581 975 3588 -
992 3559 1058 3598 23.
1078 3560 1292 3613 Exscripta

53 3616 182 3660 hacce
201 3620 421 3660 Ptolemaeo
439 3623 474 3671 Ι,
506 3635 554 3675 17
588 3635 631 3676 p.
660 3620 710 3674 57
734 3633 743 3660 :
776 3619 851 3659 Καὶ
878 3620 938 3659 ὅτι
966 3619 1179 3673 ὑπέρκειται
1213 3626 1290 3661 τῶν

53 3681 175 3722 Σινῶν
195 3682 220 3733 ἥ
245 3697 286 3722 τε
308 3687 384 3723 τῶν
413 3683 682 3738 Σηρῶν-χώρα
718 3681 782 3722 καὶ
807 3680 831 3732 ἣ
864 3681 1118 3736 μητρόπολις,
1155 3682 1219 3722 καὶ
1244 3682 1291 3723 τὰ

53 3743 364 3800 ἀνατολικώτερα
381 3745 527 3786 τούτων
554 3745 752 3800 ἄγνωστός
789 3742 869 3783 ἐστι
893 3746 944 3797 γῆ
979 3742 1117 3797 λίμνας
1147 3743 1291 3797 ἔχουσα

53 3805 222 3856 ἑλώδεις,
250 3807 288 3848 ἐν
312 3806 373 3855 αἷς
388 3807 559 3863 κάλαμοι
581 3807 746 3861 μεγάλοι
769 3805 928 3864 φύονται
950 3805 1014 3844 καὶ
1033 3808 1206 3859 συνεχεῖς
1225 3807 1289 3846 οὕ-

52 3885 141 3920 τως,
182 3871 280 3911 ὥστε
301 3869 508 3925 ἐχομένους
531 3870 654 3910 αὐτῶν
677 3868 872 3910 ποιεῖσθαι
904 3866 970 3914 τὰς
989 3868 1286 3922 διαπεραιώσεις.

11 3959 14 3962 «
59 3933 75 3986 ΙΙ
98 3955 154 3962 -—
172 3945 241 3986 27.
268 3932 466 3988 ἐχομένων
483 3932 549 3973 ed.
568 3931 771 3972 Hoeschel.
794 3945 842 3970 ex
860 3943 1001 3983 apogr.
1032 3931 1285 3980 Monacensi‚

54 4002 101 4034 ut
119 3993 294 4035 videtur.
309 3995 578 4049 Certe-apogr.
596 3993 859 4040 Vaticanum,
875 3991 979 4030 sicut
992 3989 1122 4030 codex
1134 4000 1287 4042 noster,

809 119 1105 205 PERIPLUS
1138 160 1330 214 MARIS
1364 163 1606 212 EXTERI.
1643 166 1821 214 LIBER
1859 169 1895 212 Ι.

23 306 30 312 ⁶
73 251 190 309 δικὴν
209 253 481 316 τυγχάνοντος
505 254 664 301 στάδιοι
683 277 734 320 Ηα
741 257 863 320 ἄρν’.

20 344 33 361 s
74 321 156 367 ἀπὸ
177 326 249 367 τοῦ
281 322 473 380 πέμπτου
506 301 707 383 στόματός
742 332 813 372 τουΙ
848 331 1012 413 Γάγγου
1048 338 1264 393 ποταμοῦ,
1290 334 1311 378 ὃ

5 443 8 445 Α
73 391 261 436 καλεῖται
285 391 497 447 Ἀντιὸολ·>Ι
512 427 524 448 ,
552 393 676 455 μέχρι
699 398 778 440 τῶν
800 397 899 458 πρὸς
927 416 1017 449 τους
1039 399 1164 451 Σίνας
1181 399 1227 446 τὸ
1245 401 1309 445 ἔθ-

2 455 42 518 5¹⁴
69 476 135 510 νος
157 457 261 520 ὅρων
277 464 348 504 τοῦ
366 460 565 522 περίπλου
596 463 746 516 παντὸς
768 484 840 520 της
867 468 1074 527 παραλίας
1099 472 1178 524 τῆς
1195 470 1309 522 ἕκτος

30 561 34 589 3
71 526 236 587 Γάγγου
262 528 435 584 Ἰνδικῆς
453 531 611 576 στάδιοι
631 533 694 594 ΙΗδ
698 533 794 582 ετν’,

2524 186 2612 248 537

1384 283 1479 310 rum
1503 278 1569 326 'est
1610 271 1759 314 12550.
1819 275 1969 330 Peripli
1992 285 2128 318 autem
2153 281 2278 320 totius
2310 282 2477 324 litoralis
2502 294 2617 328 extra

1386 362 1572 416 Gangem
1608 365 1765 416 Indiae,
1786 381 1809 408 a
1846 370 1992 422 quinto
2018 372 2171 425 Gangis
2201 374 2313 416 fluvii
2347 379 2478 429 ostio,
2503 381 2615 434 quod

1378 456 1603 511 appellatur
1626 461 1818 501 Antibole
1834 494 1844 511 ,
1880 477 2008 518 usque
2029 465 2081 505 ad
2101 467 2292 509 Sinarum
2326 475 2456 523 gentis
2486 475 2614 515 confi·

1378 551 1466 600 nia,
1489 552 1619 594 stadia
1633 556 1822 598 universa
1840 567 1937 599 sunt
1952 558 2104 608 45350.

1377 672 1594 705 stNARUM
1620 675 1851 709 REGIONIS
1881 678 1938 710 Er
1966 680 2157 713 SINUUM
2190 684 2240 715 IN
2270 685 2330 717 EA
2363 687 2610 721 PEmPLth.

1431 770 1482 817 43
1491 802 1499 809 .
1532 771 1723 811 Sinarum
1736 787 1833 826 gens
1846 776 2090 817 terminatur
2102 792 2124 818 a
2137 782 2485 834 septentrionibus
2496 793 2612 838 parte

1374 846 1519 902 Sericae
1534 877 1544 895 ,
1567 846 1618 886 ab
1633 862 1781 888 occasu
1798 850 1918 891 India
1946 860 2060 893 extra
2088 855 2273 909 Gangem
2297 857 2472 899 fluvium
2490 859 2611 914 juxta

1374 920 1617 974 praedictum
1655 923 1698 962 in
1733 926 1885 978 Magno
1907 928 2001 967 sinu
2023 931 2246 971 terminum
2261 963 2272 981 ,
2310 933 2361 973 ab
2380 943 2477 975 ortu
2499 943 2608 977 terra

1374 1001 1597 1055 incognita,
1619 1018 1642 1044 a
1659 1005 1831 1046 meridie
1859 1010 1962 1048 mari
1985 1012 2149 1052 australi
2172 1021 2212 1053 et
2235 1022 2342 1055 terra
2362 1017 2528 1057 australi
2549 1019 2614 1058 in·

1373 1083 1548 1135 cognita.
1612 1086 1673 1124 Ac
1692 1086 1888 1138 generalis
1903 1087 2071 1142 quidem
2091 1091 2418 1149 circumscriptio
2432 1096 2543 1138 hunc
2567 1099 2608 1138 in

1372 1163 1544 1204 modum
1566 1164 1688 1205 habet
1701 1197 1712 1216 ,
1742 1166 1933 1220 [singula
1951 1179 2085 1211 autem
2103 1171 2164 1212 ita
2181 1175 2224 1228 :J
2398 1189 2409 1206 ι’

1419 1246 1428 1283 [
1446 1245 1612 1278 emissus
1632 1246 1808 1280 senarum
1829 1256 1902 1290 req.
1925 1250 2088 1293 periplus
2104 1262 2216 1296 usque
2238 1255 2288 1287 ad
2309 1255 2461 1290 Notium
2478 1262 2559 1300 pr.]

1428 1317 1496 1361 44.
1530 1315 1637 1354 Hinc
1659 1329 1755 1354 vero
1773 1317 1954 1358 accolere
1973 1319 2176 1374 incipiunt
2190 1323 2295 1363 Sinae
2309 1325 2605 1382 Ichthyophagi

1370 1403 1501 1443 usque
1535 1389 1587 1430 ad
1614 1391 1831 1432 ausnalem
1857 1401 2009 1434 terram
2044 1395 2310 1449 incognitam.
2371 1401 2474 1440 Duae
2495 1404 2607 1443 enim

1369 1473 1487 1505 terrae
1523 1466 1745 1521 incognitae
1773 1468 1997 1511 statuendae
2028 1479 2140 1522 sunt,
2174 1465 2350 1527 quarum
2377 1489 2460 1516 una
2489 1475 2609 1530 juxta

1369 1538 1569 1578 orientem
1597 1547 1784 1590 extensa,
1818 1555 1942 1595 quam
1971 1543 2088 1583 Sinas
2118 1545 2300 1586 accolere
2328 1540 2539 1599 diximus,
2567 1559 2607 1592 et

1368 1610 1492 1651 altela
1511 1610 1630 1665 juxta
1660 1613 1896 1663 meridiem,
1923 1629 2015 1670 quae
2035 1625 2224 1671 porrecta
2245 1627 2305 1659 est
2331 1618 2451 1673 juxta
2469 1629 2603 1663 totum

1370 1696 1482 1722 mare
1514 1683 1706 1725 Indicum
1733 1686 1818 1726 sive
1837 1685 1957 1740 juxta
1986 1702 2098 1729 mare
2131 1691 2311 1732 Prasode
2332 1693 2608 1747 appellatum,

1369 1754 1482 1808 quod
1504 1764 1564 1796 est
1581 1770 1675 1811 pars
1696 1757 1829 1798 Indici
1856 1760 1978 1799 maris
1993 1792 2004 1810 ‚
2029 1761 2132 1802 adeo
2155 1771 2201 1803 ut
2225 1763 2477 1819 conjungens
2500 1768 2607 1808 inter

1367 1841 1410 1867 se
1432 1835 1584 1868 terram
1606 1837 1825 1885 utramque
1848 1831 1997 1873 efficiat
2020 1835 2145 1875 veluti
2181 1838 2375 1890 angulum
2396 1840 2605 1893 quendam

1367 1901 1530 1941 circiter
1547 1902 1740 1942 Sinarum
1752 1904 1905 1944 sinum.
1939 1906 2046 1946 Sinis
2060 1915 2198 1948 autem
2213 1908 2439 1964 superjacet
2460 1913 2603 1954 Serum

1367 1975 1480 2028 regio
1510 1983 1551 2015 et
1581 1989 1726 2016 eorum
1752 1978 2005 2033 metropolis.
2067 1981 2278 2036 Quicquid
2326 1984 2389 2024 his
2426 1986 2603 2027 orienta-

1366 2048 1459 2098 lius,
1481 2057 1591 2090 terra
1612 2057 1673 2090 est
1695 2050 1924 2104 incognita,
1955 2052 2065 2093 lacus
2089 2054 2244 2094 habens
2272 2064 2505 2110 stagnantes
2519 2090 2531 2108 ,
2563 2060 2611 2100 in-

1366 2122 1515 2175 quibus
1536 2122 1679 2163 calami
1698 2125 1836 2177 magni
1855 2134 2097 2176 nascuntur,
2129 2136 2169 2168 et
2183 2127 2286 2170 adeo
2304 2132 2533 2187 constipati,
2562 2142 2606 2174 ut

1366 2196 1586 2235 innitentes
1609 2197 1659 2236 iis
1681 2197 1792 2236 lacus
1813 2197 2032 2251 trajiciant.

1670 2326 1837 2356 mamm
1872 2326 2011 2358 smus
2047 2308 2298 2360 mamimus.

1420 2419 1488 2467 45.
1519 2420 1652 2472 Igitur
1667 2428 1760 2474 post
1779 2421 1915 2460 sinum
1936 2423 2134 2478 Magnum
2154 2431 2195 2463 et
2218 2424 2387 2464 Notium
2405 2439 2606 2480 promon*

1363 2501 1516 2540 torium
1544 2500 1759 2541 meridiem
1793 2516 1930 2542 versus
1966 2504 2170 2556 naviganti
2196 2512 2236 2544 et
2263 2505 2315 2545 ad
2347 2505 2488 2546 taevam
2526 2508 2597 2548 ha-

1363 2582 1475 2623 beuti
1498 2584 1691 2623 Sinarum
1713 2591 1864 2624 terram
1887 2592 1927 2624 et
1949 2584 2164 2635 orientem,
2190 2587 2370 2627 occurrit
2390 2588 2504 2628 sinus
2524 2590 2603 2628 Fe-

1359 2665 1474 2704 rinus
1490 2673 1754 2719 nuncupatus
1765 2696 1775 2714 ,
1790 2666 2026 2720 pertingens
2048 2681 2178 2721 usque
2194 2667 2246 2708 ad
2261 2656 2597 2722 promontorium

1359 2747 1471 2801 quod
1494 2747 1721 2801 appellatur
1751 2749 2007 2802 Satyrorum.
2067 2749 2217 2804 Peripli
2250 2750 2364 2790 sinus
2384 2752 2521 2791 Ferini
2539 2783 2550 2800 ,
2575 2767 2604 2792 a

1358 2830 1481 2870 Notio
1516 2830 1805 2883 promontorio
1855 2829 1906 2869 ad
1954 2832 2197 2884 Satyrorum
2236 2833 2601 2886 promontorium,

1365 2911 1496 2951 stadia
1517 2911 1710 2951 universa
1731 2919 1828 2950 sunt
1859 2910 2007 2951 10503.

1365 3071 1474 3103 recte
1494 3062 1618 3103 habet
1641 3060 1860 3116 ἐχομένους,
1878 3062 1992 3116 quod
2011 3062 2096 3116 ipse
2118 3063 2238 3102 etiam
2259 3063 2510 3103 Hoeschelius
2532 3078 2595 3103 rc-

1363 3123 1592 3179 ponijussit
1615 3125 1656 3163 in
1673 3124 1950 3164 annotatione.
1978 3123 1993 3177 {l
2015 3147 2069 3153 —
2085 3125 2152 3163 28.
2175 3124 2436 3177 διαπερεώσεις
2447 3124 2573 3165 codex
2583 3158 2598 3166 ..

1419 3190 1440 3239 S
1456 3192 1525 3236 45,
1551 3200 1620 3240 29.
1635 3188 1702 3226 τοῦ
1725 3184 1882 3225 addidi.
1896 3185 2085 3225 Ceterum
2102 3185 2179 3225 hac
2195 3185 2460 3240 inscriptione
2475 3195 2514 3227 et
2534 3202 2594 3227 se-

1361 3258 1514 3302 quente
1533 3261 1671 3288 carere
1686 3247 1831 3301 possiS‚
1852 3245 2056 3300 siquidem
2079 3247 2206 3296 sinus,
2236 3247 2308 3301 qui
2329 3247 2370 3287 in
2396 3247 2516 3288 titulo
2533 3263 2599 3289 se-

1361 3312 1510 3364 gminis
1529 3311 1580 3358 43
1614 3317 1913 3358 memorantur,
1944 3323 2027 3349 non
2058 3309 2125 3349 alii
2158 3323 2244 3349 csse
2278 3318 2449 3364 possunt
2470 3311 2547 3351 nisi
2572 3312 2600 3351 ὁ

1362 3374 1562 3428 Θηριώδης
1571 3381 1611 3412 et
1626 3372 1646 3411 ὁ
1661 3372 1782 3412 Σινῶν
1796 3371 1938 3418 κόλπος
1956 3379 1995 3411 et
2010 3370 2181 3410 dimidia
2197 3385 2289 3425 pars
2308 3373 2420 3411 sinus
2434 3373 2589 3425 Magni.

1366 3437 1443 3489 ΙΙ-
1458 3436 1525 3476 32.
1544 3434 1614 3485 τήν
1631 3449 1670 3474 τε
1685 3432 1754 3484 τὴν
1772 3434 1815 3472 Σ.
1835 3432 1928 3474 cod.
1951 3434 2028 3486 ΙΙ-
2045 3434 2112 3480 34.
2138 3432 2320 3486 Σατύρων
2334 3432 2422 3474 Ι1.1.
2444 3433 2588 3484 codex,

1361 3495 1431 3536 sed
1450 3504 1588 3550 postea
1607 3503 1715 3535 recte
1741 3494 1934 3548 Σατύρων.
1966 3495 1981 3545 ΙΙ
2007 3517 2062 3524 -—-
2085 3493 2153 3534 35.
2179 3493 2252 3535 ἀπὸ
2273 3497 2340 3535 τοῦ
2356 3493 2591 3550 ἀκρωτηρίου

1361 3558 1476 3612 ἄκρου
1508 3557 1575 3598 ed.
1600 3557 1812 3606 Hoeschel5
1846 3556 2013 3596 sortasse
2045 3556 2102 3596 sic
2134 3555 2255 3597 habet
2279 3571 2420 3612 apogr.
2447 3558 2596 3598 Mona·

1360 3635 1503 3669 cense;
1528 3634 1620 3660 nam
1653 3633 1787 3659 veram
1823 3619 2034 3658 lectionem
2071 3617 2145 3659 ἀπὸ
2164 3621 2231 3659 τοῦ
2263 3619 2391 3660 νοτίου
2417 3619 2531 3673 ἄκρου
2550 3629 2590 3660 et

1359 3682 1489 3723 codex
1523 3681 1730 3722 Parisinus
1763 3680 1884 3720 habet
1927 3689 1967 3720 et
1997 3681 2279 3735 apographum
2314 3681 2586 3730 Vaticanum;

1358 3746 1525 3799 ipseque
1548 3742 1800 3783 Hoeschclius
1833 3743 1891 3782 sic
1909 3741 2171 3782 scribendum
2196 3758 2281 3783 esse
2311 3743 2351 3782 in
2373 3743 2479 3782 notis
2498 3757 2595 3782 mo-

1358 3807 1463 3846 nuit.
1488 3807 1503 3857 Η
1519 3805 1654 3857 -37,
1674 3803 1836 3860 ,,αφ“(’]
1855 3806 2059 3864 Numerus
2074 3813 2211 3858 aperte
2229 3811 2466 3857 corruptus3
2493 3819 2584 3845 nam

1357 3881 1485 3921 quum
1512 3874 1595 3906 tota
1612 3867 1800 3906 Sinarum
1820 3880 1891 3907 ora
1920 3867 2086 3906 nonnisi
2110 3866 2241 3906 12650
2270 3865 2496 3906 stadiorum
2516 3867 2582 3916 sit,

1358 3938 1405 3969 ut
1435 3927 1610 3968 traditur
1648 3930 1670 3979 S
1693 3930 1744 3975 48
1775 3935 1813 3967 et
1834 3927 1901 3976 51,
1932 3936 1973 3968 et
1997 3928 2109 3967 sinus
2137 3927 2327 3967 Sinarum
2358 3935 2493 3982 pateat
2513 3942 2586 3982 per

1361 3990 1487 4031 stadia
1503 3990 1621 4039 1250,
1633 3997 1953 4044 consequeretur
1971 4003 2059 4029 eam
2074 4003 2156 4030 orae
2171 3996 2344 4044 partem,
2362 4002 2453 4043 quae
2465 3989 2516 4030 ad
2531 3990 2592 4030 si-
