<?xml version="1.0" encoding="UTF-8"?>
<!DOCTYPE html PUBLIC "-//W3C//DTD XHTML 1.0 Transitional//EN"
    "http://www.w3.org/TR/xhtml1/DTD/xhtml1-transitional.dtd">
<html xmlns="http://www.w3.org/1999/xhtml" xml:lang="en" lang="en">
 <head>
  <title>
</title>
<meta http-equiv="Content-Type" content="text/html;charset=utf-8" />
  <meta name='ocr-system' content='tesseract 3.04.00' />
  <meta name='ocr-capabilities' content='ocr_page ocr_carea ocr_par ocr_line ocrx_word'/>
</head>
<body>
  <div class='ocr_page' id='page_1' title='image "./geographigraeci00mueluoft_0622.png"; bbox 0 0 2808 4342; ppageno 0'>
   <div class='ocr_carea' id='block_1_1' title="bbox 207 44 1443 434">
    <p class='ocr_par' dir='ltr' id='par_1_1' title="bbox 207 44 1443 434">
     <span class='ocr_line' id='line_1_1' title="bbox 503 44 549 93; baseline -0.043 1"><span class='ocrx_word' id='word_1_1' title='bbox 503 44 549 93; x_wconf 64' lang='grc' dir='ltr'>Ο</span> 
     </span>
     <span class='ocr_line' id='line_1_2' title="bbox 715 130 757 169; baseline -0.048 1"><span class='ocrx_word' id='word_1_2' title='bbox 715 130 757 169; x_wconf 66' lang='lat' dir='ltr'>O</span> 
     </span>
     <span class='ocr_line' id='line_1_3' title="bbox 207 217 296 258; baseline -0.034 1"><span class='ocrx_word' id='word_1_3' title='bbox 207 217 296 258; x_wconf 66' lang='grc'>464</span> 
     </span>
     <span class='ocr_line' id='line_1_4' title="bbox 270 272 1443 361; baseline -0.029 5"><span class='ocrx_word' id='word_1_4' title='bbox 270 326 330 358; x_wconf 73' lang='lat'>⁹0·</span> <span class='ocrx_word' id='word_1_5' title='bbox 366 304 467 354; x_wconf 65' lang='grc' dir='ltr'>Ἀπὸ</span> <span class='ocrx_word' id='word_1_6' title='bbox 487 272 738 361; x_wconf 47' lang='grc' dir='ltr'>Μὲῑᾰραῖῦς</span> <span class='ocrx_word' id='word_1_7' title='bbox 759 297 814 349; x_wconf 59' lang='grc' dir='ltr'>εἷς</span> <span class='ocrx_word' id='word_1_8' title='bbox 829 293 1055 356; x_wconf 69' lang='grc' dir='ltr'>Σαὸράθαν</span> <span class='ocrx_word' id='word_1_9' title='bbox 1077 292 1236 339; x_wconf 75' lang='grc' dir='ltr'>στάδιοι</span> <span class='ocrx_word' id='word_1_10' title='bbox 1253 292 1305 338; x_wconf 72' lang='grc' dir='ltr'>ν’·</span> <span class='ocrx_word' id='word_1_11' title='bbox 1325 291 1443 347; x_wconf 74' lang='grc' dir='ltr'>πόλις</span> 
     </span>
     <span class='ocr_line' id='line_1_5' title="bbox 210 365 808 434; baseline -0.025 -9"><span class='ocrx_word' id='word_1_12' title='bbox 210 378 319 424; x_wconf 74' lang='grc' dir='ltr'>ἔστὶν</span> <span class='ocrx_word' id='word_1_13' title='bbox 341 374 542 434; x_wconf 72' lang='grc' dir='ltr'>ἀλίμενος·</span> <span class='ocrx_word' id='word_1_14' title='bbox 561 367 687 415; x_wconf 81' lang='grc' dir='ltr'>σάλον</span> <span class='ocrx_word' id='word_1_15' title='bbox 706 365 808 427; x_wconf 74' lang='grc' dir='ltr'>ἔχει.</span> 
     </span>
    </p>
   </div>
   <div class='ocr_carea' id='block_1_2' title="bbox 512 481 1134 526">
    <p class='ocr_par' dir='ltr' id='par_1_2' title="bbox 512 481 1134 526">
     <span class='ocr_line' id='line_1_6' title="bbox 512 481 1134 526; baseline -0.016 0"><span class='ocrx_word' id='word_1_16' title='bbox 512 486 710 526; x_wconf 76' lang='grc' dir='ltr'><strong>ΔΟῙΠΟΝ</strong></span> <span class='ocrx_word' id='word_1_17' title='bbox 740 482 909 519; x_wconf 61' lang='lat' dir='ltr'>nm}</span> <span class='ocrx_word' id='word_1_18' title='bbox 951 481 1134 518; x_wconf 62' lang='lat' dir='ltr'>ultim.</span> 
     </span>
    </p>
   </div>
   <div class='ocr_carea' id='block_1_3' title="bbox 169 579 1447 787">
    <p class='ocr_par' dir='ltr' id='par_1_3' title="bbox 169 579 1447 787">
     <span class='ocr_line' id='line_1_7' title="bbox 274 579 1444 650; baseline -0.013 -9"><span class='ocrx_word' id='word_1_19' title='bbox 274 611 349 643; x_wconf 84' lang='lat' dir='ltr'>too.</span> <span class='ocrx_word' id='word_1_20' title='bbox 387 589 486 639; x_wconf 75' lang='grc' dir='ltr'>Ἀπὸ</span> <span class='ocrx_word' id='word_1_21' title='bbox 517 586 738 650; x_wconf 76' lang='grc' dir='ltr'>Σαὸράθης</span> <span class='ocrx_word' id='word_1_22' title='bbox 759 582 828 631; x_wconf 70' lang='grc' dir='ltr'>ἐπὶ</span> <span class='ocrx_word' id='word_1_23' title='bbox 858 582 1043 646; x_wconf 72' lang='grc' dir='ltr'>Λοκροὺς</span> <span class='ocrx_word' id='word_1_24' title='bbox 1064 582 1222 628; x_wconf 77' lang='grc' dir='ltr'><strong>στάδιοι</strong></span> <span class='ocrx_word' id='word_1_25' title='bbox 1246 579 1298 628; x_wconf 80' lang='grc' dir='ltr'>τ’·</span> <span class='ocrx_word' id='word_1_26' title='bbox 1321 580 1444 643; x_wconf 78' lang='grc' dir='ltr'>κώμη</span> 
     </span>
     <span class='ocr_line' id='line_1_8' title="bbox 207 651 1240 719; baseline -0.014 -9"><span class='ocrx_word' id='word_1_27' title='bbox 207 664 317 719; x_wconf 75' lang='grc' dir='ltr'><strong>ἐστὶ,</strong></span> <span class='ocrx_word' id='word_1_28' title='bbox 337 660 407 707; x_wconf 75' lang='grc' dir='ltr'>καὶ</span> <span class='ocrx_word' id='word_1_29' title='bbox 430 657 620 719; x_wconf 76' lang='grc' dir='ltr'>ὑπεράνω</span> <span class='ocrx_word' id='word_1_30' title='bbox 637 659 710 710; x_wconf 72' lang='grc' dir='ltr'>τῆς</span> <span class='ocrx_word' id='word_1_31' title='bbox 735 651 879 714; x_wconf 74' lang='grc' dir='ltr'><strong>κώμης</strong></span> <span class='ocrx_word' id='word_1_32' title='bbox 897 651 1051 715; x_wconf 78' lang='grc' dir='ltr'>πύργος</span> <span class='ocrx_word' id='word_1_33' title='bbox 1073 652 1240 716; x_wconf 74' lang='grc' dir='ltr'><strong>ὑψηλός.</strong></span> 
     </span>
     <span class='ocr_line' id='line_1_9' title="bbox 169 720 1447 787; baseline -0.009 -9"><span class='ocrx_word' id='word_1_34' title='bbox 169 749 190 778; x_wconf 78' lang='lat' dir='ltr'>s</span> <span class='ocrx_word' id='word_1_35' title='bbox 273 747 346 777; x_wconf 77' lang='lat'>10¹.</span> <span class='ocrx_word' id='word_1_36' title='bbox 383 725 480 775; x_wconf 73' lang='grc' dir='ltr'>Ἀπὸ</span> <span class='ocrx_word' id='word_1_37' title='bbox 516 726 687 787; x_wconf 78' lang='grc' dir='ltr'>Λοκρῶν</span> <span class='ocrx_word' id='word_1_38' title='bbox 716 722 784 768; x_wconf 71' lang='grc' dir='ltr'>ἐπὶ</span> <span class='ocrx_word' id='word_1_39' title='bbox 813 721 1018 785; x_wconf 78' lang='grc' dir='ltr'>Ζιύχοιριν</span> <span class='ocrx_word' id='word_1_40' title='bbox 1048 722 1206 767; x_wconf 80' lang='grc' dir='ltr'>στάδιοι</span> <span class='ocrx_word' id='word_1_41' title='bbox 1237 720 1288 767; x_wconf 84' lang='grc' dir='ltr'>τ’·</span> <span class='ocrx_word' id='word_1_42' title='bbox 1318 720 1447 785; x_wconf 81' lang='grc' dir='ltr'>φρού-</span> 
     </span>
    </p>
   </div>
   <div class='ocr_carea' id='block_1_4' title="bbox 201 854 1453 3341">
    <p class='ocr_par' dir='ltr' id='par_1_4' title="bbox 201 854 1450 2283">
     <span class='ocr_line' id='line_1_10' title="bbox 206 854 1443 910; baseline -0.008 -5"><span class='ocrx_word' id='word_1_43' title='bbox 206 863 349 906; x_wconf 88' lang='lat' dir='ltr'>tudine</span> <span class='ocrx_word' id='word_1_44' title='bbox 357 858 862 910; x_wconf 58' lang='lat' dir='ltr'>interiore-‚Garamantes</span> <span class='ocrx_word' id='word_1_45' title='bbox 869 864 1012 898; x_wconf 80' lang='lat' dir='ltr'>contra</span> <span class='ocrx_word' id='word_1_46' title='bbox 1023 855 1187 897; x_wconf 88' lang='lat' dir='ltr'>hostem</span> <span class='ocrx_word' id='word_1_47' title='bbox 1195 854 1443 905; x_wconf 84' lang='lat' dir='ltr'>excitarunt,</span> 
     </span>
     <span class='ocr_line' id='line_1_11' title="bbox 207 917 1446 973; baseline -0.008 -6"><span class='ocrx_word' id='word_1_48' title='bbox 207 932 407 967; x_wconf 85' lang='lat' dir='ltr'>memorat</span> <span class='ocrx_word' id='word_1_49' title='bbox 426 921 596 963; x_wconf 81' lang='lat' dir='ltr'>Tacitus</span> <span class='ocrx_word' id='word_1_50' title='bbox 614 920 724 961; x_wconf 80' lang='lat' dir='ltr'>nist.</span> <span class='ocrx_word' id='word_1_51' title='bbox 748 919 827 971; x_wconf 78' lang='lat' dir='ltr'>tv,</span> <span class='ocrx_word' id='word_1_52' title='bbox 853 919 921 961; x_wconf 86' lang='lat'>50.</span> <span class='ocrx_word' id='word_1_53' title='bbox 953 920 1069 972; x_wconf 90' lang='lat' dir='ltr'>Quot</span> <span class='ocrx_word' id='word_1_54' title='bbox 1099 925 1335 973; x_wconf 84' lang='lat' dir='ltr'>quantaque</span> <span class='ocrx_word' id='word_1_55' title='bbox 1354 917 1446 959; x_wconf 86' lang='lat' dir='ltr'>OEa</span> 
     </span>
     <span class='ocr_line' id='line_1_12' title="bbox 203 978 1447 1039; baseline -0.008 -10"><span class='ocrx_word' id='word_1_56' title='bbox 203 988 344 1029; x_wconf 82' lang='lat' dir='ltr'>civitas</span> <span class='ocrx_word' id='word_1_57' title='bbox 359 984 508 1027; x_wconf 88' lang='lat' dir='ltr'>saeculo</span> <span class='ocrx_word' id='word_1_58' title='bbox 529 990 680 1039; x_wconf 88' lang='lat' dir='ltr'>quarto</span> <span class='ocrx_word' id='word_1_59' title='bbox 701 981 755 1023; x_wconf 89' lang='lat' dir='ltr'>ab</span> <span class='ocrx_word' id='word_1_60' title='bbox 770 980 1033 1024; x_wconf 72' lang='lat' dir='ltr'>Austurianis</span> <span class='ocrx_word' id='word_1_61' title='bbox 1047 978 1233 1021; x_wconf 88' lang='lat' dir='ltr'>barbaris</span> <span class='ocrx_word' id='word_1_62' title='bbox 1255 993 1447 1035; x_wconf 65' lang='lat' dir='ltr'>perpessa</span> 
     </span>
     <span class='ocr_line' id='line_1_13' title="bbox 202 1040 1447 1102; baseline -0.006 -11"><span class='ocrx_word' id='word_1_63' title='bbox 202 1051 269 1098; x_wconf 85' lang='lat' dir='ltr'>sit,</span> <span class='ocrx_word' id='word_1_64' title='bbox 286 1049 415 1090; x_wconf 82' lang='lat' dir='ltr'>fusius</span> <span class='ocrx_word' id='word_1_65' title='bbox 429 1046 601 1102; x_wconf 82' lang='lat' dir='ltr'>exponit</span> <span class='ocrx_word' id='word_1_66' title='bbox 617 1044 861 1087; x_wconf 76' lang='lat' dir='ltr'>Ammianus</span> <span class='ocrx_word' id='word_1_67' title='bbox 875 1043 1078 1092; x_wconf 83' lang='lat' dir='ltr'>XXVIII,</span> <span class='ocrx_word' id='word_1_68' title='bbox 1094 1046 1135 1083; x_wconf 89' lang='lat'>6.</span> <span class='ocrx_word' id='word_1_69' title='bbox 1154 1065 1207 1073; x_wconf 92' lang='lat'>—-</span> <span class='ocrx_word' id='word_1_70' title='bbox 1218 1040 1447 1083; x_wconf 84' lang='lat' dir='ltr'>OEahodie</span> 
     </span>
     <span class='ocr_line' id='line_1_14' title="bbox 201 1102 1446 1166; baseline -0.007 -14"><span class='ocrx_word' id='word_1_71' title='bbox 201 1120 262 1152; x_wconf 61' lang='grc' dir='ltr'>ωε</span> <span class='ocrx_word' id='word_1_72' title='bbox 286 1108 468 1166; x_wconf 74' lang='lat' dir='ltr'><em>Tripolis</em></span> <span class='ocrx_word' id='word_1_73' title='bbox 492 1121 565 1149; x_wconf 91' lang='lat' dir='ltr'>seu</span> <span class='ocrx_word' id='word_1_74' title='bbox 590 1105 835 1149; x_wconf 81' lang='lat' dir='ltr'>Tarabolus.</span> <span class='ocrx_word' id='word_1_75' title='bbox 850 1106 1044 1147; x_wconf 66' lang='lat' dir='ltr'>Testatur</span> <span class='ocrx_word' id='word_1_76' title='bbox 1059 1103 1156 1146; x_wconf 80' lang='lat' dir='ltr'>Abu</span> <span class='ocrx_word' id='word_1_77' title='bbox 1170 1102 1306 1144; x_wconf 89' lang='lat' dir='ltr'>Obeid</span> <span class='ocrx_word' id='word_1_78' title='bbox 1323 1102 1446 1144; x_wconf 81' lang='lat' dir='ltr'>Bekri</span> 
     </span>
     <span class='ocr_line' id='line_1_15' title="bbox 203 1165 1445 1223; baseline -0.007 -9"><span class='ocrx_word' id='word_1_79' title='bbox 203 1175 245 1214; x_wconf 88' lang='lat' dir='ltr'>in</span> <span class='ocrx_word' id='word_1_80' title='bbox 271 1171 439 1214; x_wconf 65' lang='lat' dir='ltr'>Notio-es</span> <span class='ocrx_word' id='word_1_81' title='bbox 467 1169 539 1212; x_wconf 87' lang='lat' dir='ltr'>des</span> <span class='ocrx_word' id='word_1_82' title='bbox 564 1182 771 1211; x_wconf 76' lang='lat' dir='ltr'><em>manuscr.</em></span> <span class='ocrx_word' id='word_1_83' title='bbox 798 1168 851 1209; x_wconf 89' lang='lat' dir='ltr'>T.</span> <span class='ocrx_word' id='word_1_84' title='bbox 876 1168 974 1218; x_wconf 85' lang='lat' dir='ltr'>xll,</span> <span class='ocrx_word' id='word_1_85' title='bbox 1000 1181 1045 1223; x_wconf 86' lang='lat' dir='ltr'>p.</span> <span class='ocrx_word' id='word_1_86' title='bbox 1074 1165 1151 1215; x_wconf 86' lang='grc'>451</span> <span class='ocrx_word' id='word_1_87' title='bbox 1177 1178 1187 1206; x_wconf 91' lang='lat'>:</span> <span class='ocrx_word' id='word_1_88' title='bbox 1218 1185 1233 1200; x_wconf 80' lang='grc' dir='ltr'>ι</span> <span class='ocrx_word' id='word_1_89' title='bbox 1258 1166 1317 1206; x_wconf 87' lang='lat' dir='ltr'>Le</span> <span class='ocrx_word' id='word_1_90' title='bbox 1346 1179 1445 1206; x_wconf 86' lang='lat' dir='ltr'>nom</span> 
     </span>
     <span class='ocr_line' id='line_1_16' title="bbox 202 1225 1444 1286; baseline -0.007 -10"><span class='ocrx_word' id='word_1_91' title='bbox 202 1234 255 1275; x_wconf 90' lang='lat' dir='ltr'>de</span> <span class='ocrx_word' id='word_1_92' title='bbox 274 1233 500 1275; x_wconf 79' lang='lat' dir='ltr'>&#39;Parabolos</span> <span class='ocrx_word' id='word_1_93' title='bbox 516 1230 692 1286; x_wconf 83' lang='lat' dir='ltr'>signifie,</span> <span class='ocrx_word' id='word_1_94' title='bbox 714 1229 868 1280; x_wconf 89' lang='lat' dir='ltr'>dit-on,</span> <span class='ocrx_word' id='word_1_95' title='bbox 900 1228 1004 1270; x_wconf 74' lang='lat' dir='ltr'>trois</span> <span class='ocrx_word' id='word_1_96' title='bbox 1026 1227 1201 1269; x_wconf 74' lang='lat' dir='ltr'>vities...</span> <span class='ocrx_word' id='word_1_97' title='bbox 1226 1227 1268 1268; x_wconf 88' lang='lat' dir='ltr'>Si</span> <span class='ocrx_word' id='word_1_98' title='bbox 1286 1225 1369 1267; x_wconf 87' lang='lat' dir='ltr'>l&#39;on</span> <span class='ocrx_word' id='word_1_99' title='bbox 1392 1241 1444 1268; x_wconf 92' lang='lat' dir='ltr'>en</span> 
     </span>
     <span class='ocr_line' id='line_1_17' title="bbox 202 1287 1448 1353; baseline -0.008 -14"><span class='ocrx_word' id='word_1_100' title='bbox 202 1298 308 1338; x_wconf 84' lang='lat' dir='ltr'>croit</span> <span class='ocrx_word' id='word_1_101' title='bbox 328 1296 366 1338; x_wconf 85' lang='lat' dir='ltr'>la</span> <span class='ocrx_word' id='word_1_102' title='bbox 380 1294 577 1337; x_wconf 74' lang='lat' dir='ltr'>tradition</span> <span class='ocrx_word' id='word_1_103' title='bbox 594 1325 606 1344; x_wconf 95' lang='lat'>,</span> <span class='ocrx_word' id='word_1_104' title='bbox 637 1292 713 1334; x_wconf 93' lang='lat' dir='ltr'>elle</span> <span class='ocrx_word' id='word_1_105' title='bbox 734 1291 813 1334; x_wconf 87' lang='lat' dir='ltr'>dut</span> <span class='ocrx_word' id='word_1_106' title='bbox 843 1306 887 1333; x_wconf 87' lang='lat' dir='ltr'>sa</span> <span class='ocrx_word' id='word_1_107' title='bbox 922 1290 1139 1332; x_wconf 76' lang='lat' dir='ltr'>fondation</span> <span class='ocrx_word' id='word_1_108' title='bbox 1155 1287 1179 1331; x_wconf 71' lang='lat' dir='ltr'>a</span> <span class='ocrx_word' id='word_1_109' title='bbox 1200 1289 1448 1353; x_wconf 66' lang='lat' dir='ltr'>l’empereur</span> 
     </span>
     <span class='ocr_line' id='line_1_18' title="bbox 203 1351 1442 1405; baseline -0.008 -5"><span class='ocrx_word' id='word_1_110' title='bbox 203 1357 363 1400; x_wconf 73' lang='lat' dir='ltr'>severe.</span> <span class='ocrx_word' id='word_1_111' title='bbox 385 1359 454 1400; x_wconf 91' lang='lat' dir='ltr'>On</span> <span class='ocrx_word' id='word_1_112' title='bbox 472 1357 509 1398; x_wconf 89' lang='lat' dir='ltr'>la</span> <span class='ocrx_word' id='word_1_113' title='bbox 521 1355 725 1398; x_wconf 86' lang='lat' dir='ltr'>nommait</span> <span class='ocrx_word' id='word_1_114' title='bbox 743 1369 894 1396; x_wconf 82' lang='lat' dir='ltr'>encore</span> <span class='ocrx_word' id='word_1_115' title='bbox 911 1354 948 1395; x_wconf 89' lang='lat' dir='ltr'>la</span> <span class='ocrx_word' id='word_1_116' title='bbox 966 1353 1059 1394; x_wconf 80' lang='lat' dir='ltr'>ville</span> <span class='ocrx_word' id='word_1_117' title='bbox 1076 1351 1230 1394; x_wconf 84' lang='lat' dir='ltr'>d’Aias</span> <span class='ocrx_word' id='word_1_118' title='bbox 1246 1353 1261 1405; x_wconf 98' lang='lat'>(</span> <span class='ocrx_word' id='word_1_119' title='bbox 1276 1354 1358 1392; x_wconf 84' lang='lat' dir='ltr'>AEa</span> <span class='ocrx_word' id='word_1_120' title='bbox 1371 1354 1403 1404; x_wconf 90' lang='lat'>).</span> <span class='ocrx_word' id='word_1_121' title='bbox 1427 1370 1442 1389; x_wconf 70' lang='grc' dir='ltr'>ι</span> 
     </span>
     <span class='ocr_line' id='line_1_19' title="bbox 201 1414 1447 1474; baseline -0.007 -11"><span class='ocrx_word' id='word_1_122' title='bbox 201 1420 318 1463; x_wconf 85' lang='lat' dir='ltr'>Idem</span> <span class='ocrx_word' id='word_1_123' title='bbox 338 1420 577 1474; x_wconf 74' lang='lat' dir='ltr'>intelligitur</span> <span class='ocrx_word' id='word_1_124' title='bbox 592 1433 642 1460; x_wconf 85' lang='lat' dir='ltr'>ex</span> <span class='ocrx_word' id='word_1_125' title='bbox 657 1417 851 1459; x_wconf 85' lang='lat' dir='ltr'>distantia</span> <span class='ocrx_word' id='word_1_126' title='bbox 864 1433 875 1467; x_wconf 91' lang='lat'>;</span> <span class='ocrx_word' id='word_1_127' title='bbox 894 1431 992 1461; x_wconf 89' lang='lat' dir='ltr'>nam</span> <span class='ocrx_word' id='word_1_128' title='bbox 1007 1429 1138 1472; x_wconf 89' lang='lat' dir='ltr'>quum</span> <span class='ocrx_word' id='word_1_129' title='bbox 1153 1429 1329 1469; x_wconf 88' lang='lat' dir='ltr'>sequens</span> <span class='ocrx_word' id='word_1_130' title='bbox 1348 1414 1447 1455; x_wconf 86' lang='lat' dir='ltr'>urbs</span> 
     </span>
     <span class='ocr_line' id='line_1_20' title="bbox 205 1478 1448 1540; baseline -0.006 -13"><span class='ocrx_word' id='word_1_131' title='bbox 205 1484 375 1527; x_wconf 75' lang='lat' dir='ltr'>Sabi-ata</span> <span class='ocrx_word' id='word_1_132' title='bbox 402 1492 542 1540; x_wconf 85' lang='lat' dir='ltr'>aperte</span> <span class='ocrx_word' id='word_1_133' title='bbox 571 1483 624 1523; x_wconf 88' lang='lat' dir='ltr'>sit</span> <span class='ocrx_word' id='word_1_134' title='bbox 652 1480 754 1523; x_wconf 88' lang='lat' dir='ltr'>hod.</span> <span class='ocrx_word' id='word_1_135' title='bbox 796 1480 958 1538; x_wconf 77' lang='lat' dir='ltr'><em>Tripoli</em></span> <span class='ocrx_word' id='word_1_136' title='bbox 985 1478 1174 1528; x_wconf 75' lang='lat' dir='ltr'>vecchio5</span> <span class='ocrx_word' id='word_1_137' title='bbox 1206 1478 1305 1520; x_wconf 90' lang='lat' dir='ltr'>hinc</span> <span class='ocrx_word' id='word_1_138' title='bbox 1351 1493 1448 1520; x_wconf 86' lang='lat' dir='ltr'>vero</span> 
     </span>
     <span class='ocr_line' id='line_1_21' title="bbox 206 1540 1446 1603; baseline -0.004 -14"><span class='ocrx_word' id='word_1_139' title='bbox 206 1562 337 1603; x_wconf 87' lang='lat' dir='ltr'>usque</span> <span class='ocrx_word' id='word_1_140' title='bbox 359 1545 411 1588; x_wconf 90' lang='lat' dir='ltr'>ad</span> <span class='ocrx_word' id='word_1_141' title='bbox 428 1548 563 1588; x_wconf 85' lang='lat' dir='ltr'>OEam</span> <span class='ocrx_word' id='word_1_142' title='bbox 579 1546 663 1586; x_wconf 87' lang='lat' dir='ltr'>sint</span> <span class='ocrx_word' id='word_1_143' title='bbox 678 1558 760 1585; x_wconf 91' lang='lat' dir='ltr'>sec.</span> <span class='ocrx_word' id='word_1_144' title='bbox 779 1543 1092 1595; x_wconf 74' lang='lat' dir='ltr'>StadiasmumS</span> <span class='ocrx_word' id='word_1_145' title='bbox 1111 1555 1189 1584; x_wconf 89' lang='lat'>100</span> <span class='ocrx_word' id='word_1_146' title='bbox 1201 1540 1331 1583; x_wconf 87' lang='lat' dir='ltr'>stadia</span> <span class='ocrx_word' id='word_1_147' title='bbox 1349 1544 1446 1593; x_wconf 95' lang='grc'><strong>400,</strong></span> 
     </span>
     <span class='ocr_line' id='line_1_22' title="bbox 201 1602 1445 1655; baseline -0.004 -4"><span class='ocrx_word' id='word_1_148' title='bbox 201 1624 284 1651; x_wconf 85' lang='lat' dir='ltr'>sec.</span> <span class='ocrx_word' id='word_1_149' title='bbox 319 1610 418 1651; x_wconf 85' lang='lat' dir='ltr'>ltin.</span> <span class='ocrx_word' id='word_1_150' title='bbox 459 1608 584 1650; x_wconf 89' lang='lat' dir='ltr'>millia</span> <span class='ocrx_word' id='word_1_151' title='bbox 612 1607 663 1648; x_wconf 91' lang='grc'>53</span> <span class='ocrx_word' id='word_1_152' title='bbox 686 1620 761 1647; x_wconf 91' lang='lat' dir='ltr'>seu</span> <span class='ocrx_word' id='word_1_153' title='bbox 788 1605 919 1647; x_wconf 86' lang='lat' dir='ltr'>stadia</span> <span class='ocrx_word' id='word_1_154' title='bbox 946 1608 1044 1655; x_wconf 89' lang='grc'><strong>424,</strong></span> <span class='ocrx_word' id='word_1_155' title='bbox 1075 1602 1308 1646; x_wconf 90' lang='lat' dir='ltr'>secundum</span> <span class='ocrx_word' id='word_1_156' title='bbox 1338 1603 1445 1646; x_wconf 88' lang='lat' dir='ltr'>Tab.</span> 
     </span>
     <span class='ocr_line' id='line_1_23' title="bbox 203 1667 1446 1726; baseline -0.005 -13"><span class='ocrx_word' id='word_1_157' title='bbox 203 1673 391 1726; x_wconf 85' lang='lat' dir='ltr'>Peuting.</span> <span class='ocrx_word' id='word_1_158' title='bbox 410 1670 522 1712; x_wconf 88' lang='lat' dir='ltr'>milia</span> <span class='ocrx_word' id='word_1_159' title='bbox 535 1673 588 1724; x_wconf 93' lang='grc'><strong>49</strong></span> <span class='ocrx_word' id='word_1_160' title='bbox 604 1670 689 1711; x_wconf 84' lang='lat' dir='ltr'>sive</span> <span class='ocrx_word' id='word_1_161' title='bbox 700 1668 831 1711; x_wconf 86' lang='lat' dir='ltr'>stadia</span> <span class='ocrx_word' id='word_1_162' title='bbox 851 1670 948 1724; x_wconf 86' lang='grc'><strong>392,</strong></span> <span class='ocrx_word' id='word_1_163' title='bbox 965 1667 1172 1709; x_wconf 80' lang='lat' dir='ltr'>dubitatio</span> <span class='ocrx_word' id='word_1_164' title='bbox 1185 1681 1272 1708; x_wconf 60' lang='lat' dir='ltr'>esse</span> <span class='ocrx_word' id='word_1_165' title='bbox 1286 1667 1446 1721; x_wconf 88' lang='lat' dir='ltr'>nequit,</span> 
     </span>
     <span class='ocr_line' id='line_1_24' title="bbox 202 1726 1449 1788; baseline -0.005 -14"><span class='ocrx_word' id='word_1_166' title='bbox 202 1733 305 1788; x_wconf 88' lang='lat' dir='ltr'>quin</span> <span class='ocrx_word' id='word_1_167' title='bbox 349 1730 541 1788; x_wconf 81' lang='lat' dir='ltr'>Tripolis·</span> <span class='ocrx_word' id='word_1_168' title='bbox 567 1730 790 1780; x_wconf 76' lang='lat' dir='ltr'>indicetur,</span> <span class='ocrx_word' id='word_1_169' title='bbox 820 1744 912 1785; x_wconf 82' lang='lat' dir='ltr'>quae</span> <span class='ocrx_word' id='word_1_170' title='bbox 943 1743 1086 1786; x_wconf 78' lang='lat' dir='ltr'>reapse</span> <span class='ocrx_word' id='word_1_171' title='bbox 1121 1727 1174 1770; x_wconf 92' lang='lat' dir='ltr'>ad</span> <span class='ocrx_word' id='word_1_172' title='bbox 1203 1731 1285 1778; x_wconf 91' lang='grc'>400</span> <span class='ocrx_word' id='word_1_173' title='bbox 1319 1726 1449 1769; x_wconf 89' lang='lat' dir='ltr'>stadia</span> 
     </span>
     <span class='ocr_line' id='line_1_25' title="bbox 202 1791 1448 1850; baseline -0.004 -14"><span class='ocrx_word' id='word_1_174' title='bbox 202 1795 326 1836; x_wconf 89' lang='lat' dir='ltr'>distat</span> <span class='ocrx_word' id='word_1_175' title='bbox 346 1808 371 1836; x_wconf 87' lang='lat' dir='ltr'>a</span> <span class='ocrx_word' id='word_1_176' title='bbox 398 1793 560 1850; x_wconf 78' lang='lat' dir='ltr'>Tripoli</span> <span class='ocrx_word' id='word_1_177' title='bbox 579 1793 759 1835; x_wconf 75' lang='lat' dir='ltr'>vecchio.</span> <span class='ocrx_word' id='word_1_178' title='bbox 780 1795 937 1834; x_wconf 82' lang='lat' dir='ltr'>Contra</span> <span class='ocrx_word' id='word_1_179' title='bbox 953 1806 1052 1833; x_wconf 78' lang='lat' dir='ltr'>vero</span> <span class='ocrx_word' id='word_1_180' title='bbox 1067 1806 1161 1847; x_wconf 81' lang='lat' dir='ltr'>quae</span> <span class='ocrx_word' id='word_1_181' title='bbox 1181 1791 1290 1832; x_wconf 89' lang='lat' dir='ltr'>inter</span> <span class='ocrx_word' id='word_1_182' title='bbox 1310 1791 1448 1832; x_wconf 84' lang='lat' dir='ltr'>Maca-</span> 
     </span>
     <span class='ocr_line' id='line_1_26' title="bbox 203 1853 1447 1910; baseline -0.002 -12"><span class='ocrx_word' id='word_1_183' title='bbox 203 1871 331 1899; x_wconf 79' lang='lat' dir='ltr'>roeam</span> <span class='ocrx_word' id='word_1_184' title='bbox 360 1864 403 1897; x_wconf 93' lang='lat' dir='ltr'>et</span> <span class='ocrx_word' id='word_1_185' title='bbox 429 1856 677 1910; x_wconf 80' lang='lat' dir='ltr'>Megerthim</span> <span class='ocrx_word' id='word_1_186' title='bbox 713 1856 755 1896; x_wconf 89' lang='lat' dir='ltr'>in</span> <span class='ocrx_word' id='word_1_187' title='bbox 786 1854 1018 1896; x_wconf 86' lang='lat' dir='ltr'>Stadiasmo</span> <span class='ocrx_word' id='word_1_188' title='bbox 1039 1854 1291 1895; x_wconf 85' lang='lat' dir='ltr'>exhibentur</span> <span class='ocrx_word' id='word_1_189' title='bbox 1316 1853 1447 1895; x_wconf 87' lang='lat' dir='ltr'>stadia</span> 
     </span>
     <span class='ocr_line' id='line_1_27' title="bbox 203 1913 1446 1967; baseline -0.002 -7"><span class='ocrx_word' id='word_1_190' title='bbox 203 1921 302 1967; x_wconf 86' lang='grc'><strong>400,</strong></span> <span class='ocrx_word' id='word_1_191' title='bbox 322 1915 521 1958; x_wconf 85' lang='lat' dir='ltr'>mutanda</span> <span class='ocrx_word' id='word_1_192' title='bbox 535 1930 631 1957; x_wconf 82' lang='lat' dir='ltr'>sunt</span> <span class='ocrx_word' id='word_1_193' title='bbox 650 1916 711 1957; x_wconf 88' lang='lat' dir='ltr'>vel</span> <span class='ocrx_word' id='word_1_194' title='bbox 724 1917 765 1956; x_wconf 90' lang='lat' dir='ltr'>in</span> <span class='ocrx_word' id='word_1_195' title='bbox 783 1917 866 1958; x_wconf 90' lang='grc'>250</span> <span class='ocrx_word' id='word_1_196' title='bbox 881 1915 944 1957; x_wconf 85' lang='lat' dir='ltr'>vel</span> <span class='ocrx_word' id='word_1_197' title='bbox 960 1916 1003 1957; x_wconf 87' lang='lat' dir='ltr'>in</span> <span class='ocrx_word' id='word_1_198' title='bbox 1019 1914 1102 1957; x_wconf 84' lang='grc'>350</span> <span class='ocrx_word' id='word_1_199' title='bbox 1115 1913 1268 1964; x_wconf 85' lang='lat' dir='ltr'>stadia;</span> <span class='ocrx_word' id='word_1_200' title='bbox 1287 1915 1329 1955; x_wconf 90' lang='lat' dir='ltr'>in</span> <span class='ocrx_word' id='word_1_201' title='bbox 1349 1915 1446 1965; x_wconf 87' lang='grc'><strong>250,</strong></span> 
     </span>
     <span class='ocr_line' id='line_1_28' title="bbox 203 1978 1448 2034; baseline -0.001 -15"><span class='ocrx_word' id='word_1_202' title='bbox 203 1980 238 2020; x_wconf 87' lang='lat' dir='ltr'>si</span> <span class='ocrx_word' id='word_1_203' title='bbox 259 1979 506 2034; x_wconf 74' lang='lat' dir='ltr'>Megerthim</span> <span class='ocrx_word' id='word_1_204' title='bbox 531 1993 627 2020; x_wconf 90' lang='lat' dir='ltr'>cum</span> <span class='ocrx_word' id='word_1_205' title='bbox 651 1978 837 2033; x_wconf 78' lang='lat' dir='ltr'>Megradi</span> <span class='ocrx_word' id='word_1_206' title='bbox 859 1978 1066 2020; x_wconf 88' lang='lat' dir='ltr'>Itinerarii</span> <span class='ocrx_word' id='word_1_207' title='bbox 1082 1979 1384 2034; x_wconf 50' lang='lat' dir='ltr'>composuerim</span> <span class='ocrx_word' id='word_1_208' title='bbox 1406 1979 1448 2019; x_wconf 87' lang='lat' dir='ltr'>iu</span> 
     </span>
     <span class='ocr_line' id='line_1_29' title="bbox 205 2040 1450 2096; baseline -0.001 -13"><span class='ocrx_word' id='word_1_209' title='bbox 205 2042 302 2092; x_wconf 89' lang='grc'><strong>350,</strong></span> <span class='ocrx_word' id='word_1_210' title='bbox 325 2043 359 2083; x_wconf 90' lang='lat' dir='ltr'>si</span> <span class='ocrx_word' id='word_1_211' title='bbox 380 2042 626 2096; x_wconf 66' lang='lat' dir='ltr'>Meges-thim</span> <span class='ocrx_word' id='word_1_212' title='bbox 645 2041 697 2083; x_wconf 89' lang='lat' dir='ltr'>ad</span> <span class='ocrx_word' id='word_1_213' title='bbox 725 2041 851 2083; x_wconf 86' lang='lat' dir='ltr'>Wadi</span> <span class='ocrx_word' id='word_1_214' title='bbox 872 2040 1017 2083; x_wconf 69' lang='lat' dir='ltr'>numi!</span> <span class='ocrx_word' id='word_1_215' title='bbox 1029 2040 1305 2082; x_wconf 82' lang='lat' dir='ltr'>collocaveris.</span> <span class='ocrx_word' id='word_1_216' title='bbox 1333 2042 1450 2082; x_wconf 84' lang='lat' dir='ltr'>Cete-</span> 
     </span>
     <span class='ocr_line' id='line_1_30' title="bbox 203 2103 1450 2161; baseline -0.002 -15"><span class='ocrx_word' id='word_1_217' title='bbox 203 2118 298 2146; x_wconf 85' lang='lat' dir='ltr'>rum</span> <span class='ocrx_word' id='word_1_218' title='bbox 313 2119 361 2146; x_wconf 83' lang='lat' dir='ltr'>ex</span> <span class='ocrx_word' id='word_1_219' title='bbox 382 2105 527 2161; x_wconf 77' lang='lat' dir='ltr'>priscis</span> <span class='ocrx_word' id='word_1_220' title='bbox 544 2103 811 2160; x_wconf 70' lang='lat' dir='ltr'>Tripolitanae</span> <span class='ocrx_word' id='word_1_221' title='bbox 827 2103 941 2145; x_wconf 88' lang='lat' dir='ltr'>urbis</span> <span class='ocrx_word' id='word_1_222' title='bbox 960 2104 1241 2144; x_wconf 88' lang='lat' dir='ltr'>monumentis</span> <span class='ocrx_word' id='word_1_223' title='bbox 1257 2103 1358 2144; x_wconf 84' lang='lat' dir='ltr'>nihil</span> <span class='ocrx_word' id='word_1_224' title='bbox 1377 2103 1450 2144; x_wconf 88' lang='lat' dir='ltr'>ho·</span> 
     </span>
     <span class='ocr_line' id='line_1_31' title="bbox 203 2165 1450 2223; baseline -0.001 -16"><span class='ocrx_word' id='word_1_225' title='bbox 203 2165 274 2210; x_wconf 83' lang='lat' dir='ltr'>die</span> <span class='ocrx_word' id='word_1_226' title='bbox 294 2175 483 2223; x_wconf 76' lang='lat' dir='ltr'>superest</span> <span class='ocrx_word' id='word_1_227' title='bbox 500 2176 649 2223; x_wconf 80' lang='lat' dir='ltr'>praeter</span> <span class='ocrx_word' id='word_1_228' title='bbox 670 2180 813 2207; x_wconf 91' lang='lat' dir='ltr'>arcum</span> <span class='ocrx_word' id='word_1_229' title='bbox 834 2165 1142 2221; x_wconf 76' lang='lat' dir='ltr'>triumphalem,</span> <span class='ocrx_word' id='word_1_230' title='bbox 1164 2180 1289 2220; x_wconf 89' lang='lat' dir='ltr'>quem</span> <span class='ocrx_word' id='word_1_231' title='bbox 1320 2166 1450 2207; x_wconf 90' lang='lat' dir='ltr'>Lucio</span> 
     </span>
     <span class='ocr_line' id='line_1_32' title="bbox 206 2226 1278 2283; baseline -0.003 -13"><span class='ocrx_word' id='word_1_232' title='bbox 206 2228 374 2270; x_wconf 79' lang='lat' dir='ltr'>Aurelio</span> <span class='ocrx_word' id='word_1_233' title='bbox 385 2230 499 2269; x_wconf 86' lang='lat' dir='ltr'>Vero</span> <span class='ocrx_word' id='word_1_234' title='bbox 513 2227 636 2283; x_wconf 86' lang='lat' dir='ltr'>Cajus</span> <span class='ocrx_word' id='word_1_235' title='bbox 647 2228 806 2270; x_wconf 84' lang='lat' dir='ltr'>Orfitus</span> <span class='ocrx_word' id='word_1_236' title='bbox 817 2227 1039 2283; x_wconf 86' lang='lat' dir='ltr'>proconsul</span> <span class='ocrx_word' id='word_1_237' title='bbox 1056 2226 1278 2268; x_wconf 88' lang='lat' dir='ltr'>dedicavit.</span> 
     </span>
    </p>

    <p class='ocr_par' dir='ltr' id='par_1_5' title="bbox 202 2288 1453 3341">
     <span class='ocr_line' id='line_1_33' title="bbox 259 2288 1448 2347; baseline -0.002 -14"><span class='ocrx_word' id='word_1_238' title='bbox 259 2293 283 2343; x_wconf 74' lang='lat' dir='ltr'>S</span> <span class='ocrx_word' id='word_1_239' title='bbox 304 2294 374 2334; x_wconf 80' lang='lat'>99.</span> <span class='ocrx_word' id='word_1_240' title='bbox 405 2290 569 2346; x_wconf 77' lang='grc' dir='ltr'>Σαὸρά</span> <span class='ocrx_word' id='word_1_241' title='bbox 586 2290 708 2346; x_wconf 82' lang='grc' dir='ltr'>Θαν]</span> <span class='ocrx_word' id='word_1_242' title='bbox 734 2290 935 2346; x_wconf 77' lang='grc' dir='ltr'>Σαράθραν</span> <span class='ocrx_word' id='word_1_243' title='bbox 959 2298 999 2331; x_wconf 84' lang='lat' dir='ltr'>ct</span> <span class='ocrx_word' id='word_1_244' title='bbox 1026 2293 1048 2343; x_wconf 75' lang='lat' dir='ltr'>S</span> <span class='ocrx_word' id='word_1_245' title='bbox 1079 2304 1157 2332; x_wconf 90' lang='grc'>100</span> <span class='ocrx_word' id='word_1_246' title='bbox 1183 2288 1259 2331; x_wconf 79' lang='grc' dir='ltr'>ἀπὸ</span> <span class='ocrx_word' id='word_1_247' title='bbox 1285 2289 1448 2347; x_wconf 80' lang='grc' dir='ltr'>Ἀλάθρη</span> 
     </span>
     <span class='ocr_line' id='line_1_34' title="bbox 203 2350 1451 2407; baseline 0.001 -15"><span class='ocrx_word' id='word_1_248' title='bbox 203 2350 350 2392; x_wconf 85' lang='lat' dir='ltr'>codex.</span> <span class='ocrx_word' id='word_1_249' title='bbox 380 2353 429 2392; x_wconf 89' lang='lat' dir='ltr'>In</span> <span class='ocrx_word' id='word_1_250' title='bbox 459 2352 597 2393; x_wconf 89' lang='lat' dir='ltr'>uumis</span> <span class='ocrx_word' id='word_1_251' title='bbox 622 2351 840 2407; x_wconf 87' lang='lat' dir='ltr'>phoeniciis</span> <span class='ocrx_word' id='word_1_252' title='bbox 859 2365 1012 2392; x_wconf 84' lang='lat' dir='ltr'>nomen</span> <span class='ocrx_word' id='word_1_253' title='bbox 1031 2351 1148 2392; x_wconf 89' lang='lat' dir='ltr'>urbis</span> <span class='ocrx_word' id='word_1_254' title='bbox 1169 2359 1230 2391; x_wconf 70' lang='lat' dir='ltr'>oet</span> <span class='ocrx_word' id='word_1_255' title='bbox 1252 2351 1451 2393; x_wconf 81' lang='lat' dir='ltr'>Sabroeon</span> 
     </span>
     <span class='ocr_line' id='line_1_35' title="bbox 202 2413 1448 2470; baseline 0.001 -16"><span class='ocrx_word' id='word_1_256' title='bbox 202 2428 276 2454; x_wconf 88' lang='lat' dir='ltr'>seu</span> <span class='ocrx_word' id='word_1_257' title='bbox 298 2413 500 2455; x_wconf 80' lang='lat' dir='ltr'>Sabmeon</span> <span class='ocrx_word' id='word_1_258' title='bbox 523 2413 584 2455; x_wconf 79' lang='lat' dir='ltr'>vel</span> <span class='ocrx_word' id='word_1_259' title='bbox 604 2414 755 2455; x_wconf 81' lang='lat' dir='ltr'>Sahmt</span> <span class='ocrx_word' id='word_1_260' title='bbox 774 2416 791 2467; x_wconf 95' lang='lat'>(</span> <span class='ocrx_word' id='word_1_261' title='bbox 810 2415 867 2456; x_wconf 90' lang='lat' dir='ltr'>V.</span> <span class='ocrx_word' id='word_1_262' title='bbox 888 2422 978 2455; x_wconf 90' lang='lat' dir='ltr'>not.</span> <span class='ocrx_word' id='word_1_263' title='bbox 1003 2413 1055 2454; x_wconf 92' lang='lat' dir='ltr'>ad</span> <span class='ocrx_word' id='word_1_264' title='bbox 1078 2413 1235 2470; x_wconf 87' lang='lat' dir='ltr'>Scylac.</span> <span class='ocrx_word' id='word_1_265' title='bbox 1259 2427 1301 2469; x_wconf 91' lang='lat' dir='ltr'>p.</span> <span class='ocrx_word' id='word_1_266' title='bbox 1334 2416 1386 2456; x_wconf 91' lang='lat'>86</span> <span class='ocrx_word' id='word_1_267' title='bbox 1408 2417 1448 2469; x_wconf 86' lang='lat'>);</span> 
     </span>
     <span class='ocr_line' id='line_1_36' title="bbox 206 2476 1450 2533; baseline 0.001 -16"><span class='ocrx_word' id='word_1_268' title='bbox 206 2477 247 2517; x_wconf 89' lang='lat' dir='ltr'>in</span> <span class='ocrx_word' id='word_1_269' title='bbox 274 2476 495 2519; x_wconf 70' lang='lat' dir='ltr'>Ptolemaeo</span> <span class='ocrx_word' id='word_1_270' title='bbox 521 2477 686 2518; x_wconf 65' lang='lat' dir='ltr'>codices</span> <span class='ocrx_word' id='word_1_271' title='bbox 714 2477 870 2519; x_wconf 87' lang='lat' dir='ltr'>habent</span> <span class='ocrx_word' id='word_1_272' title='bbox 895 2490 905 2518; x_wconf 88' lang='lat'><strong>:</strong></span> <span class='ocrx_word' id='word_1_273' title='bbox 926 2477 1130 2532; x_wconf 79' lang='grc' dir='ltr'>ΣάΕαΟρα,</span> <span class='ocrx_word' id='word_1_274' title='bbox 1151 2477 1353 2533; x_wconf 80' lang='grc' dir='ltr'>Σαὸάθρα,</span> <span class='ocrx_word' id='word_1_275' title='bbox 1374 2477 1450 2519; x_wconf 86' lang='grc' dir='ltr'>Σα-</span> 
     </span>
     <span class='ocr_line' id='line_1_37' title="bbox 205 2538 1450 2595; baseline 0.002 -16"><span class='ocrx_word' id='word_1_276' title='bbox 205 2539 326 2595; x_wconf 75' lang='grc' dir='ltr'>ὁάτρα</span> <span class='ocrx_word' id='word_1_277' title='bbox 336 2571 347 2590; x_wconf 96' lang='grc'><strong>,</strong></span> <span class='ocrx_word' id='word_1_278' title='bbox 362 2538 475 2580; x_wconf 92' lang='lat' dir='ltr'>unde</span> <span class='ocrx_word' id='word_1_279' title='bbox 490 2539 709 2595; x_wconf 86' lang='lat' dir='ltr'>suspiceris</span> <span class='ocrx_word' id='word_1_280' title='bbox 724 2539 837 2595; x_wconf 87' lang='lat' dir='ltr'>apud</span> <span class='ocrx_word' id='word_1_281' title='bbox 855 2541 1054 2581; x_wconf 88' lang='lat' dir='ltr'>Nostrum</span> <span class='ocrx_word' id='word_1_282' title='bbox 1080 2539 1251 2580; x_wconf 82' lang='lat' dir='ltr'>sortasse</span> <span class='ocrx_word' id='word_1_283' title='bbox 1266 2540 1450 2582; x_wconf 87' lang='lat' dir='ltr'>scriben-</span> 
     </span>
     <span class='ocr_line' id='line_1_38' title="bbox 204 2601 1451 2658; baseline 0.002 -15"><span class='ocrx_word' id='word_1_284' title='bbox 204 2601 306 2643; x_wconf 86' lang='lat' dir='ltr'>dum</span> <span class='ocrx_word' id='word_1_285' title='bbox 329 2616 417 2643; x_wconf 87' lang='lat' dir='ltr'>esse</span> <span class='ocrx_word' id='word_1_286' title='bbox 442 2601 493 2650; x_wconf 78' lang='grc' dir='ltr'>εἰς</span> <span class='ocrx_word' id='word_1_287' title='bbox 516 2602 759 2658; x_wconf 75' lang='grc' dir='ltr'>Σαδράθραν.</span> <span class='ocrx_word' id='word_1_288' title='bbox 791 2603 958 2644; x_wconf 80' lang='lat' dir='ltr'>Rectius</span> <span class='ocrx_word' id='word_1_289' title='bbox 978 2602 1156 2643; x_wconf 78' lang='lat' dir='ltr'>Sabrata</span> <span class='ocrx_word' id='word_1_290' title='bbox 1185 2602 1382 2643; x_wconf 84' lang='lat' dir='ltr'>scribitur</span> <span class='ocrx_word' id='word_1_291' title='bbox 1408 2605 1451 2645; x_wconf 90' lang='lat' dir='ltr'>in</span> 
     </span>
     <span class='ocr_line' id='line_1_39' title="bbox 203 2663 1448 2719; baseline 0.002 -15"><span class='ocrx_word' id='word_1_292' title='bbox 203 2664 308 2704; x_wconf 88' lang='lat' dir='ltr'>Tab.</span> <span class='ocrx_word' id='word_1_293' title='bbox 335 2666 472 2713; x_wconf 91' lang='lat' dir='ltr'>Peut.,</span> <span class='ocrx_word' id='word_1_294' title='bbox 509 2665 652 2705; x_wconf 88' lang='lat' dir='ltr'>Itiner.</span> <span class='ocrx_word' id='word_1_295' title='bbox 678 2663 887 2719; x_wconf 82' lang='lat' dir='ltr'>(Sabraea</span> <span class='ocrx_word' id='word_1_296' title='bbox 920 2665 1127 2716; x_wconf 82' lang='lat' dir='ltr'>colonia),</span> <span class='ocrx_word' id='word_1_297' title='bbox 1151 2666 1306 2719; x_wconf 83' lang='lat' dir='ltr'>Geogr.</span> <span class='ocrx_word' id='word_1_298' title='bbox 1346 2668 1448 2707; x_wconf 86' lang='lat' dir='ltr'>Rav.</span> 
     </span>
     <span class='ocr_line' id='line_1_40' title="bbox 204 2725 1452 2781; baseline 0.002 -17"><span class='ocrx_word' id='word_1_299' title='bbox 204 2725 261 2774; x_wconf 84' lang='lat' dir='ltr'>V,</span> <span class='ocrx_word' id='word_1_300' title='bbox 286 2726 325 2773; x_wconf 87' lang='grc'>5,</span> <span class='ocrx_word' id='word_1_301' title='bbox 354 2725 513 2766; x_wconf 71' lang='lat' dir='ltr'>AEthico</span> <span class='ocrx_word' id='word_1_302' title='bbox 531 2741 574 2781; x_wconf 90' lang='lat' dir='ltr'>p.</span> <span class='ocrx_word' id='word_1_303' title='bbox 601 2740 697 2781; x_wconf 87' lang='grc'><strong>722,</strong></span> <span class='ocrx_word' id='word_1_304' title='bbox 716 2727 850 2768; x_wconf 89' lang='lat' dir='ltr'>Plinio</span> <span class='ocrx_word' id='word_1_305' title='bbox 863 2728 919 2778; x_wconf 89' lang='lat' dir='ltr'>V,</span> <span class='ocrx_word' id='word_1_306' title='bbox 942 2730 983 2778; x_wconf 88' lang='grc'>4,</span> <span class='ocrx_word' id='word_1_307' title='bbox 1005 2729 1028 2780; x_wconf 86' lang='lat'>§</span> <span class='ocrx_word' id='word_1_308' title='bbox 1047 2727 1099 2767; x_wconf 83' lang='lat'>25</span> <span class='ocrx_word' id='word_1_309' title='bbox 1121 2727 1327 2768; x_wconf 79' lang='lat' dir='ltr'>:Sabraea</span> <span class='ocrx_word' id='word_1_310' title='bbox 1344 2729 1360 2781; x_wconf 97' lang='lat'>(</span> <span class='ocrx_word' id='word_1_311' title='bbox 1379 2731 1452 2768; x_wconf 79' lang='lat' dir='ltr'>Su-</span> 
     </span>
     <span class='ocr_line' id='line_1_41' title="bbox 207 2786 1450 2843; baseline 0.002 -16"><span class='ocrx_word' id='word_1_312' title='bbox 207 2786 357 2827; x_wconf 76' lang='lat' dir='ltr'>bratha</span> <span class='ocrx_word' id='word_1_313' title='bbox 381 2795 421 2828; x_wconf 87' lang='lat' dir='ltr'>et</span> <span class='ocrx_word' id='word_1_314' title='bbox 437 2788 641 2829; x_wconf 75' lang='lat' dir='ltr'>Sabaehra</span> <span class='ocrx_word' id='word_1_315' title='bbox 657 2803 744 2830; x_wconf 84' lang='lat' dir='ltr'>var.</span> <span class='ocrx_word' id='word_1_316' title='bbox 764 2789 858 2830; x_wconf 90' lang='lat' dir='ltr'>lect.</span> <span class='ocrx_word' id='word_1_317' title='bbox 879 2791 894 2843; x_wconf 96' lang='lat'><em>)</em></span> <span class='ocrx_word' id='word_1_318' title='bbox 913 2789 1150 2841; x_wconf 73' lang='lat' dir='ltr'>contingens</span> <span class='ocrx_word' id='word_1_319' title='bbox 1164 2788 1301 2843; x_wconf 77' lang='lat' dir='ltr'>Syrtin</span> <span class='ocrx_word' id='word_1_320' title='bbox 1321 2789 1450 2830; x_wconf 81' lang='lat' dir='ltr'>mino·</span> 
     </span>
     <span class='ocr_line' id='line_1_42' title="bbox 208 2849 1451 2905; baseline 0.002 -15"><span class='ocrx_word' id='word_1_321' title='bbox 208 2863 287 2890; x_wconf 86' lang='lat' dir='ltr'>rem</span> <span class='ocrx_word' id='word_1_322' title='bbox 299 2867 312 2898; x_wconf 92' lang='grc'><strong>,·</strong></span> <span class='ocrx_word' id='word_1_323' title='bbox 332 2849 460 2890; x_wconf 91' lang='lat' dir='ltr'>Solin.</span> <span class='ocrx_word' id='word_1_324' title='bbox 483 2865 521 2891; x_wconf 90' lang='lat' dir='ltr'>c.</span> <span class='ocrx_word' id='word_1_325' title='bbox 555 2851 623 2892; x_wconf 86' lang='lat'>30.</span> <span class='ocrx_word' id='word_1_326' title='bbox 638 2853 687 2890; x_wconf 92' lang='lat' dir='ltr'>In</span> <span class='ocrx_word' id='word_1_327' title='bbox 704 2851 803 2891; x_wconf 88' lang='lat' dir='ltr'>Silio</span> <span class='ocrx_word' id='word_1_328' title='bbox 822 2851 913 2892; x_wconf 88' lang='lat' dir='ltr'>Ital.</span> <span class='ocrx_word' id='word_1_329' title='bbox 937 2853 1014 2901; x_wconf 82' lang='lat'>111,</span> <span class='ocrx_word' id='word_1_330' title='bbox 1034 2852 1114 2891; x_wconf 89' lang='grc'>256</span> <span class='ocrx_word' id='word_1_331' title='bbox 1134 2851 1282 2905; x_wconf 85' lang='lat' dir='ltr'>legitur</span> <span class='ocrx_word' id='word_1_332' title='bbox 1300 2853 1451 2894; x_wconf 79' lang='lat' dir='ltr'>Sabra-</span> 
     </span>
     <span class='ocr_line' id='line_1_43' title="bbox 208 2909 1451 2966; baseline 0.003 -15"><span class='ocrx_word' id='word_1_333' title='bbox 208 2909 297 2953; x_wconf 75' lang='lat' dir='ltr'>tha.</span> <span class='ocrx_word' id='word_1_334' title='bbox 323 2910 388 2952; x_wconf 81' lang='lat' dir='ltr'>Cf.</span> <span class='ocrx_word' id='word_1_335' title='bbox 407 2912 576 2952; x_wconf 88' lang='lat' dir='ltr'>Sueton.</span> <span class='ocrx_word' id='word_1_336' title='bbox 604 2913 777 2966; x_wconf 81' lang='lat' dir='ltr'>Vespas.</span> <span class='ocrx_word' id='word_1_337' title='bbox 806 2926 843 2952; x_wconf 84' lang='lat' dir='ltr'>c.</span> <span class='ocrx_word' id='word_1_338' title='bbox 864 2914 904 2962; x_wconf 85' lang='lat'>3,</span> <span class='ocrx_word' id='word_1_339' title='bbox 925 2913 1023 2952; x_wconf 83' lang='lat' dir='ltr'>ubi:</span> <span class='ocrx_word' id='word_1_340' title='bbox 1045 2912 1275 2954; x_wconf 75' lang='lat' dir='ltr'>Statilius..</span> <span class='ocrx_word' id='word_1_341' title='bbox 1300 2915 1451 2955; x_wconf 82' lang='lat' dir='ltr'>Sabra-</span> 
     </span>
     <span class='ocr_line' id='line_1_44' title="bbox 208 2972 1451 3029; baseline 0.003 -15"><span class='ocrx_word' id='word_1_342' title='bbox 208 2972 335 3014; x_wconf 77' lang='lat' dir='ltr'>tensis</span> <span class='ocrx_word' id='word_1_343' title='bbox 345 2972 572 3026; x_wconf 71' lang='lat' dir='ltr'>exAsrica.</span> <span class='ocrx_word' id='word_1_344' title='bbox 587 2974 853 3029; x_wconf 78' lang='lat' dir='ltr'>Antiquiores</span> <span class='ocrx_word' id='word_1_345' title='bbox 862 2974 1080 3029; x_wconf 79' lang='lat' dir='ltr'>scriptores</span> <span class='ocrx_word' id='word_1_346' title='bbox 1090 2976 1208 3028; x_wconf 73' lang='lat' dir='ltr'>gra-ci</span> <span class='ocrx_word' id='word_1_347' title='bbox 1220 2990 1267 3015; x_wconf 77' lang='lat' dir='ltr'>ex</span> <span class='ocrx_word' id='word_1_348' title='bbox 1284 2978 1451 3018; x_wconf 86' lang='lat' dir='ltr'>nomine</span> 
     </span>
     <span class='ocr_line' id='line_1_45' title="bbox 205 3033 1450 3093; baseline 0.002 -17"><span class='ocrx_word' id='word_1_349' title='bbox 205 3033 415 3090; x_wconf 78' lang='lat' dir='ltr'>phoenicio</span> <span class='ocrx_word' id='word_1_350' title='bbox 450 3035 653 3077; x_wconf 79' lang='lat' dir='ltr'>Sabmeon</span> <span class='ocrx_word' id='word_1_351' title='bbox 690 3036 878 3078; x_wconf 77' lang='lat' dir='ltr'>fecerunt</span> <span class='ocrx_word' id='word_1_352' title='bbox 911 3035 1132 3092; x_wconf 76' lang='grc' dir='ltr'>Ἀὅρότονον</span> <span class='ocrx_word' id='word_1_353' title='bbox 1174 3037 1187 3093; x_wconf 92' lang='grc'><strong>(</strong></span> <span class='ocrx_word' id='word_1_354' title='bbox 1212 3052 1251 3078; x_wconf 80' lang='lat' dir='ltr'>v.</span> <span class='ocrx_word' id='word_1_355' title='bbox 1278 3047 1366 3079; x_wconf 86' lang='lat' dir='ltr'>not.</span> <span class='ocrx_word' id='word_1_356' title='bbox 1398 3039 1450 3080; x_wconf 73' lang='lat' dir='ltr'>acl</span> 
     </span>
     <span class='ocr_line' id='line_1_46' title="bbox 204 3095 1452 3153; baseline 0.004 -16"><span class='ocrx_word' id='word_1_357' title='bbox 204 3095 361 3153; x_wconf 78' lang='lat' dir='ltr'>Scylac.</span> <span class='ocrx_word' id='word_1_358' title='bbox 392 3097 420 3138; x_wconf 90' lang='grc'>1.</span> <span class='ocrx_word' id='word_1_359' title='bbox 453 3097 483 3138; x_wconf 95' lang='grc'>1.</span> <span class='ocrx_word' id='word_1_360' title='bbox 504 3098 543 3153; x_wconf 94' lang='grc'><strong>),</strong></span> <span class='ocrx_word' id='word_1_361' title='bbox 577 3097 688 3139; x_wconf 88' lang='lat' dir='ltr'>unde</span> <span class='ocrx_word' id='word_1_362' title='bbox 712 3098 757 3140; x_wconf 83' lang='lat' dir='ltr'>fit</span> <span class='ocrx_word' id='word_1_363' title='bbox 771 3130 784 3150; x_wconf 87' lang='lat'>,</span> <span class='ocrx_word' id='word_1_364' title='bbox 822 3107 869 3140; x_wconf 91' lang='lat' dir='ltr'>ut</span> <span class='ocrx_word' id='word_1_365' title='bbox 901 3099 945 3140; x_wconf 89' lang='lat' dir='ltr'>in</span> <span class='ocrx_word' id='word_1_366' title='bbox 978 3098 1174 3141; x_wconf 84' lang='lat' dir='ltr'>Plinianis</span> <span class='ocrx_word' id='word_1_367' title='bbox 1196 3100 1452 3142; x_wconf 80' lang='lat' dir='ltr'>collectaneis</span> 
     </span>
     <span class='ocr_line' id='line_1_47' title="bbox 206 3159 1452 3217; baseline 0.003 -17"><span class='ocrx_word' id='word_1_368' title='bbox 206 3159 384 3201; x_wconf 82' lang='lat' dir='ltr'>Sabraea</span> <span class='ocrx_word' id='word_1_369' title='bbox 399 3168 440 3201; x_wconf 90' lang='lat' dir='ltr'>et</span> <span class='ocrx_word' id='word_1_370' title='bbox 463 3160 718 3202; x_wconf 80' lang='lat' dir='ltr'>Abrotonum</span> <span class='ocrx_word' id='word_1_371' title='bbox 738 3169 949 3217; x_wconf 85' lang='lat' dir='ltr'>tamquam</span> <span class='ocrx_word' id='word_1_372' title='bbox 972 3160 1144 3203; x_wconf 73' lang='lat' dir='ltr'>diversae</span> <span class='ocrx_word' id='word_1_373' title='bbox 1167 3162 1290 3203; x_wconf 88' lang='lat' dir='ltr'>urbes</span> <span class='ocrx_word' id='word_1_374' title='bbox 1310 3177 1452 3204; x_wconf 88' lang='lat' dir='ltr'>recen-</span> 
     </span>
     <span class='ocr_line' id='line_1_48' title="bbox 206 3222 1453 3281; baseline 0.003 -18"><span class='ocrx_word' id='word_1_375' title='bbox 206 3229 387 3263; x_wconf 81' lang='lat' dir='ltr'>seantur.</span> <span class='ocrx_word' id='word_1_376' title='bbox 409 3225 490 3277; x_wconf 81' lang='lat' dir='ltr'>Ap.</span> <span class='ocrx_word' id='word_1_377' title='bbox 511 3222 778 3265; x_wconf 72' lang='lat' dir='ltr'>Ptolemaeum</span> <span class='ocrx_word' id='word_1_378' title='bbox 809 3238 939 3280; x_wconf 91' lang='lat' dir='ltr'>quum</span> <span class='ocrx_word' id='word_1_379' title='bbox 968 3224 1008 3265; x_wconf 91' lang='lat' dir='ltr'>in</span> <span class='ocrx_word' id='word_1_380' title='bbox 1032 3238 1105 3266; x_wconf 89' lang='lat' dir='ltr'>ora</span> <span class='ocrx_word' id='word_1_381' title='bbox 1131 3225 1337 3266; x_wconf 85' lang='lat' dir='ltr'>maritima</span> <span class='ocrx_word' id='word_1_382' title='bbox 1361 3235 1453 3281; x_wconf 88' lang='lat' dir='ltr'>post</span> 
     </span>
     <span class='ocr_line' id='line_1_49' title="bbox 214 3282 770 3341; baseline 0.005 -17"><span class='ocrx_word' id='word_1_383' title='bbox 214 3282 339 3325; x_wconf 81' lang='grc' dir='ltr'>Ἐώαν</span> <span class='ocrx_word' id='word_1_384' title='bbox 359 3282 495 3338; x_wconf 80' lang='grc' dir='ltr'>(Οἴαν)</span> <span class='ocrx_word' id='word_1_385' title='bbox 514 3294 740 3341; x_wconf 84' lang='lat' dir='ltr'>sequantur</span> <span class='ocrx_word' id='word_1_386' title='bbox 761 3300 770 3327; x_wconf 91' lang='grc'>;</span> 
     </span>
    </p>
   </div>
   <div class='ocr_carea' id='block_1_5' title="bbox 319 3373 1365 3431">
    <p class='ocr_par' dir='ltr' id='par_1_6' title="bbox 319 3373 1365 3431">
     <span class='ocr_line' id='line_1_50' title="bbox 319 3373 1365 3431; baseline 0.005 -17"><span class='ocrx_word' id='word_1_387' title='bbox 319 3373 511 3415; x_wconf 77' lang='grc' dir='ltr'>Πισίνὸων</span> <span class='ocrx_word' id='word_1_388' title='bbox 533 3374 654 3431; x_wconf 80' lang='grc' dir='ltr'>λιμήν</span> <span class='ocrx_word' id='word_1_389' title='bbox 876 3380 950 3425; x_wconf 72' lang='grc'>410</span> <span class='ocrx_word' id='word_1_390' title='bbox 987 3375 1050 3416; x_wconf 84' lang='grc'>15’</span> <span class='ocrx_word' id='word_1_391' title='bbox 1193 3378 1267 3418; x_wconf 85' lang='grc' dir='ltr'>31ο</span> <span class='ocrx_word' id='word_1_392' title='bbox 1298 3377 1365 3419; x_wconf 88' lang='lat'>30&#39;</span> 
     </span>
    </p>
   </div>
   <div class='ocr_carea' id='block_1_6' title="bbox 211 3435 1370 3674">
    <p class='ocr_par' dir='ltr' id='par_1_7' title="bbox 211 3435 1370 3541">
     <span class='ocr_line' id='line_1_51' title="bbox 320 3435 1370 3491; baseline 0.007 -16"><span class='ocrx_word' id='word_1_393' title='bbox 320 3435 500 3491; x_wconf 77' lang='grc' dir='ltr'>Σαὸάῦρα</span> <span class='ocrx_word' id='word_1_394' title='bbox 884 3441 959 3487; x_wconf 80' lang='grc' dir='ltr'>41ο</span> <span class='ocrx_word' id='word_1_395' title='bbox 1200 3440 1274 3481; x_wconf 81' lang='lat'>31⁰</span> <span class='ocrx_word' id='word_1_396' title='bbox 1303 3439 1370 3482; x_wconf 84' lang='lat'>30&#39;</span> 
     </span>
     <span class='ocr_line' id='line_1_52' title="bbox 211 3495 910 3541; baseline 0.011 -7"><span class='ocrx_word' id='word_1_397' title='bbox 211 3495 253 3535; x_wconf 90' lang='lat' dir='ltr'>in</span> <span class='ocrx_word' id='word_1_398' title='bbox 274 3496 583 3539; x_wconf 86' lang='lat' dir='ltr'>mediterraneis</span> <span class='ocrx_word' id='word_1_399' title='bbox 609 3508 876 3541; x_wconf 80' lang='lat' dir='ltr'>recensentur</span> <span class='ocrx_word' id='word_1_400' title='bbox 901 3514 910 3541; x_wconf 76' lang='lat' dir='ltr'>t</span> 
     </span>
    </p>

    <p class='ocr_par' dir='ltr' id='par_1_8' title="bbox 321 3556 1369 3612">
     <span class='ocr_line' id='line_1_53' title="bbox 321 3556 1369 3612; baseline 0.008 -15"><span class='ocrx_word' id='word_1_401' title='bbox 321 3556 499 3612; x_wconf 74' lang='grc' dir='ltr'>Σαδράτα</span> <span class='ocrx_word' id='word_1_402' title='bbox 883 3564 959 3611; x_wconf 73' lang='grc' dir='ltr'>41ο</span> <span class='ocrx_word' id='word_1_403' title='bbox 994 3563 1040 3603; x_wconf 91' lang='grc'>15</span> <span class='ocrx_word' id='word_1_404' title='bbox 1198 3563 1272 3605; x_wconf 82' lang='lat'>30⁰</span> <span class='ocrx_word' id='word_1_405' title='bbox 1303 3562 1369 3605; x_wconf 86' lang='lat'>50&#39;</span> 
     </span>
    </p>

    <p class='ocr_par' dir='ltr' id='par_1_9' title="bbox 323 3618 1369 3674">
     <span class='ocr_line' id='line_1_54' title="bbox 323 3618 1369 3674; baseline 0.01 -16"><span class='ocrx_word' id='word_1_406' title='bbox 323 3618 484 3660; x_wconf 74' lang='grc' dir='ltr'>Πισίνδα</span> <span class='ocrx_word' id='word_1_407' title='bbox 886 3628 958 3674; x_wconf 78' lang='grc' dir='ltr'>4ι”</span> <span class='ocrx_word' id='word_1_408' title='bbox 1198 3626 1273 3667; x_wconf 85' lang='lat'>31⁰</span> <span class='ocrx_word' id='word_1_409' title='bbox 1307 3623 1369 3667; x_wconf 83' lang='lat'>10&#39;</span> 
     </span>
    </p>
   </div>
   <div class='ocr_carea' id='block_1_7' title="bbox 192 3706 1450 4085">
    <p class='ocr_par' dir='ltr' id='par_1_10' title="bbox 192 3706 1450 4085">
     <span class='ocr_line' id='line_1_55' title="bbox 211 3706 1448 3772; baseline 0.01 -25"><span class='ocrx_word' id='word_1_410' title='bbox 211 3706 255 3748; x_wconf 86' lang='lat' dir='ltr'>in</span> <span class='ocrx_word' id='word_1_411' title='bbox 266 3706 420 3763; x_wconf 83' lang='lat' dir='ltr'>quibus</span> <span class='ocrx_word' id='word_1_412' title='bbox 435 3709 602 3751; x_wconf 87' lang='lat' dir='ltr'>Sabrata</span> <span class='ocrx_word' id='word_1_413' title='bbox 621 3712 917 3755; x_wconf 86' lang='lat' dir='ltr'>mediterranea</span> <span class='ocrx_word' id='word_1_414' title='bbox 933 3730 982 3755; x_wconf 84' lang='lat' dir='ltr'>ex</span> <span class='ocrx_word' id='word_1_415' title='bbox 1003 3716 1230 3757; x_wconf 85' lang='lat' dir='ltr'>Itinerariis</span> <span class='ocrx_word' id='word_1_416' title='bbox 1242 3724 1448 3772; x_wconf 78' lang='lat' dir='ltr'>tamquam</span> 
     </span>
     <span class='ocr_line' id='line_1_56' title="bbox 209 3769 1448 3834; baseline 0.007 -23"><span class='ocrx_word' id='word_1_417' title='bbox 209 3782 236 3811; x_wconf 83' lang='lat' dir='ltr'>a</span> <span class='ocrx_word' id='word_1_418' title='bbox 275 3769 484 3813; x_wconf 87' lang='lat' dir='ltr'>maritima</span> <span class='ocrx_word' id='word_1_419' title='bbox 511 3771 707 3814; x_wconf 70' lang='lat' dir='ltr'>Sabathra</span> <span class='ocrx_word' id='word_1_420' title='bbox 730 3773 890 3817; x_wconf 79' lang='lat' dir='ltr'>diversa</span> <span class='ocrx_word' id='word_1_421' title='bbox 921 3779 1093 3832; x_wconf 87' lang='lat' dir='ltr'>ponitur</span> <span class='ocrx_word' id='word_1_422' title='bbox 1129 3791 1360 3834; x_wconf 87' lang='lat' dir='ltr'>perperam.</span> <span class='ocrx_word' id='word_1_423' title='bbox 1401 3780 1448 3820; x_wconf 84' lang='lat' dir='ltr'>ln</span> 
     </span>
     <span class='ocr_line' id='line_1_57' title="bbox 192 3830 1450 3895; baseline 0.01 -24"><span class='ocrx_word' id='word_1_424' title='bbox 192 3830 314 3872; x_wconf 69' lang='lat' dir='ltr'>“r-b.</span> <span class='ocrx_word' id='word_1_425' title='bbox 337 3833 457 3875; x_wconf 83' lang='lat' dir='ltr'>Peut.</span> <span class='ocrx_word' id='word_1_426' title='bbox 475 3833 582 3876; x_wconf 89' lang='lat' dir='ltr'>inter</span> <span class='ocrx_word' id='word_1_427' title='bbox 596 3836 724 3877; x_wconf 85' lang='lat' dir='ltr'>Oeam</span> <span class='ocrx_word' id='word_1_428' title='bbox 739 3844 779 3878; x_wconf 89' lang='lat' dir='ltr'>et</span> <span class='ocrx_word' id='word_1_429' title='bbox 801 3838 1009 3880; x_wconf 56' lang='lat' dir='ltr'>Sabmiani</span> <span class='ocrx_word' id='word_1_430' title='bbox 1033 3848 1249 3895; x_wconf 88' lang='lat' dir='ltr'>ponuntur</span> <span class='ocrx_word' id='word_1_431' title='bbox 1269 3840 1450 3882; x_wconf 77' lang='lat' dir='ltr'>Assaria</span> 
     </span>
     <span class='ocr_line' id='line_1_58' title="bbox 212 3893 1448 3959; baseline 0.01 -25"><span class='ocrx_word' id='word_1_432' title='bbox 212 3894 285 3945; x_wconf 76' lang='lat'>(20</span> <span class='ocrx_word' id='word_1_433' title='bbox 299 3893 419 3951; x_wconf 89' lang='lat' dir='ltr'>mill.)</span> <span class='ocrx_word' id='word_1_434' title='bbox 447 3895 508 3938; x_wconf 83' lang='lat' dir='ltr'>vel</span> <span class='ocrx_word' id='word_1_435' title='bbox 528 3898 730 3940; x_wconf 84' lang='lat' dir='ltr'>Passaria</span> <span class='ocrx_word' id='word_1_436' title='bbox 744 3900 817 3953; x_wconf 91' lang='lat' dir='ltr'>(G.</span> <span class='ocrx_word' id='word_1_437' title='bbox 839 3902 910 3955; x_wconf 80' lang='lat' dir='ltr'>R.)</span> <span class='ocrx_word' id='word_1_438' title='bbox 929 3910 970 3942; x_wconf 89' lang='lat' dir='ltr'>et</span> <span class='ocrx_word' id='word_1_439' title='bbox 987 3905 1142 3945; x_wconf 77' lang='lat' dir='ltr'>Pontos</span> <span class='ocrx_word' id='word_1_440' title='bbox 1159 3903 1229 3959; x_wconf 91' lang='grc'>(13</span> <span class='ocrx_word' id='word_1_441' title='bbox 1253 3902 1401 3959; x_wconf 89' lang='lat' dir='ltr'>mill.);</span> <span class='ocrx_word' id='word_1_442' title='bbox 1425 3919 1448 3945; x_wconf 90' lang='lat' dir='ltr'>e</span> 
     </span>
     <span class='ocr_line' id='line_1_59' title="bbox 211 3955 1446 4022; baseline 0.011 -27"><span class='ocrx_word' id='word_1_443' title='bbox 211 3955 362 4008; x_wconf 85' lang='lat' dir='ltr'>quibus</span> <span class='ocrx_word' id='word_1_444' title='bbox 386 3960 539 4001; x_wconf 77' lang='lat' dir='ltr'>Pontos</span> <span class='ocrx_word' id='word_1_445' title='bbox 559 3961 698 4003; x_wconf 61' lang='lat' dir='ltr'>nescio</span> <span class='ocrx_word' id='word_1_446' title='bbox 718 3975 771 4003; x_wconf 88' lang='lat' dir='ltr'>an</span> <span class='ocrx_word' id='word_1_447' title='bbox 797 3962 849 4004; x_wconf 85' lang='lat' dir='ltr'>sit</span> <span class='ocrx_word' id='word_1_448' title='bbox 873 3978 970 4005; x_wconf 89' lang='lat' dir='ltr'>cum</span> <span class='ocrx_word' id='word_1_449' title='bbox 993 3967 1208 4007; x_wconf 86' lang='lat' dir='ltr'>ruinarum</span> <span class='ocrx_word' id='word_1_450' title='bbox 1241 3966 1355 4015; x_wconf 86' lang='lat' dir='ltr'>loco,</span> <span class='ocrx_word' id='word_1_451' title='bbox 1376 3967 1446 4022; x_wconf 78' lang='lat' dir='ltr'>qui</span> 
     </span>
     <span class='ocr_line' id='line_1_60' title="bbox 221 4022 1450 4085; baseline 0.012 -29"><span class='ocrx_word' id='word_1_452' title='bbox 221 4025 382 4060; x_wconf 53' lang='lat' dir='ltr'>*ocatur</span> <span class='ocrx_word' id='word_1_453' title='bbox 394 4022 592 4072; x_wconf 81' lang='lat' dir='ltr'>Zarnari,</span> <span class='ocrx_word' id='word_1_454' title='bbox 610 4024 1025 4080; x_wconf 77' lang='lat' dir='ltr'>componenda,dunn</span> <span class='ocrx_word' id='word_1_455' title='bbox 1048 4028 1227 4070; x_wconf 84' lang='lat' dir='ltr'>Assaria</span> <span class='ocrx_word' id='word_1_456' title='bbox 1246 4029 1450 4085; x_wconf 82' lang='lat' dir='ltr'>pertinere</span> 
     </span>
    </p>
   </div>
   <div class='ocr_carea' id='block_1_8' title="bbox 1327 190 1617 239">
    <p class='ocr_par' dir='ltr' id='par_1_11' title="bbox 1327 190 1617 239">
     <span class='ocr_line' id='line_1_61' title="bbox 1327 190 1617 239; baseline -0.003 0"><span class='ocrx_word' id='word_1_457' title='bbox 1327 190 1617 239; x_wconf 71' lang='lat' dir='ltr'>ANONYMI</span> 
     </span>
    </p>
   </div>
   <div class='ocr_carea' id='block_1_9' title="bbox 1514 298 2754 423">
    <p class='ocr_par' dir='ltr' id='par_1_12' title="bbox 1514 298 2754 423">
     <span class='ocr_line' id='line_1_62' title="bbox 1570 298 2754 355; baseline 0.003 -13"><span class='ocrx_word' id='word_1_458' title='bbox 1570 314 1642 355; x_wconf 86' lang='lat'>99.</span> <span class='ocrx_word' id='word_1_459' title='bbox 1669 298 1738 342; x_wconf 77' lang='lat' dir='ltr'>Ab</span> <span class='ocrx_word' id='word_1_460' title='bbox 1754 301 1943 342; x_wconf 65' lang='lat' dir='ltr'>Amarea</span> <span class='ocrx_word' id='word_1_461' title='bbox 1957 298 2270 351; x_wconf 59' lang='lat' dir='ltr'>ad2Sahratham</span> <span class='ocrx_word' id='word_1_462' title='bbox 2288 301 2419 343; x_wconf 82' lang='lat' dir='ltr'>stadia</span> <span class='ocrx_word' id='word_1_463' title='bbox 2443 304 2551 354; x_wconf 85' lang='grc'><strong>400;</strong></span> <span class='ocrx_word' id='word_1_464' title='bbox 2573 302 2671 344; x_wconf 81' lang='lat' dir='ltr'>urbs</span> <span class='ocrx_word' id='word_1_465' title='bbox 2693 311 2754 349; x_wconf 77' lang='lat' dir='ltr'>eat</span> 
     </span>
     <span class='ocr_line' id='line_1_63' title="bbox 1514 366 2144 423; baseline 0.003 -15"><span class='ocrx_word' id='word_1_466' title='bbox 1514 374 1641 423; x_wconf 85' lang='lat' dir='ltr'>portu</span> <span class='ocrx_word' id='word_1_467' title='bbox 1660 380 1830 418; x_wconf 79' lang='lat' dir='ltr'>careus3</span> <span class='ocrx_word' id='word_1_468' title='bbox 1853 366 1986 408; x_wconf 86' lang='lat' dir='ltr'>salum</span> <span class='ocrx_word' id='word_1_469' title='bbox 2004 367 2144 410; x_wconf 80' lang='lat' dir='ltr'>habet.</span> 
     </span>
    </p>
   </div>
   <div class='ocr_carea' id='block_1_10' title="bbox 1801 488 2471 541">
    <p class='ocr_par' dir='ltr' id='par_1_13' title="bbox 1801 488 2471 541">
     <span class='ocr_line' id='line_1_64' title="bbox 1801 488 2471 541; baseline 0.003 -20"><span class='ocrx_word' id='word_1_470' title='bbox 1801 488 2015 530; x_wconf 68' lang='grc'><strong>33011111]</strong></span> <span class='ocrx_word' id='word_1_471' title='bbox 2024 489 2055 521; x_wconf 69' lang='lat' dir='ltr'>B</span> <span class='ocrx_word' id='word_1_472' title='bbox 2087 488 2258 522; x_wconf 68' lang='lat' dir='ltr'>straus</span> <span class='ocrx_word' id='word_1_473' title='bbox 2290 489 2450 541; x_wconf 51' lang='lat'><strong>11⁸0!</strong></span> <span class='ocrx_word' id='word_1_474' title='bbox 2459 511 2471 523; x_wconf 86' lang='grc'><strong>.</strong></span> 
     </span>
    </p>
   </div>
   <div class='ocr_carea' id='block_1_11' title="bbox 1516 561 2808 711">
    <p class='ocr_par' dir='ltr' id='par_1_14' title="bbox 1516 561 2808 711">
     <span class='ocr_line' id='line_1_65' title="bbox 1576 561 2808 639; baseline 0.003 -10"><span class='ocrx_word' id='word_1_475' title='bbox 1576 601 1670 631; x_wconf 85' lang='grc'><strong>100.</strong></span> <span class='ocrx_word' id='word_1_476' title='bbox 1703 590 1739 630; x_wconf 76' lang='grc' dir='ltr'>Α</span> <span class='ocrx_word' id='word_1_477' title='bbox 1763 587 1962 629; x_wconf 84' lang='lat' dir='ltr'>Sabratha</span> <span class='ocrx_word' id='word_1_478' title='bbox 1980 595 2022 628; x_wconf 91' lang='lat' dir='ltr'>et</span> <span class='ocrx_word' id='word_1_479' title='bbox 2041 588 2197 629; x_wconf 84' lang='lat' dir='ltr'>Locros</span> <span class='ocrx_word' id='word_1_480' title='bbox 2218 585 2349 629; x_wconf 84' lang='lat' dir='ltr'>stadia</span> <span class='ocrx_word' id='word_1_481' title='bbox 2367 587 2473 639; x_wconf 81' lang='grc' dir='ltr'>30ος</span> <span class='ocrx_word' id='word_1_482' title='bbox 2499 589 2612 632; x_wconf 80' lang='lat' dir='ltr'>vicus</span> <span class='ocrx_word' id='word_1_483' title='bbox 2629 599 2690 633; x_wconf 84' lang='lat' dir='ltr'>est</span> <span class='ocrx_word' id='word_1_484' title='bbox 2714 561 2760 636; x_wconf 66' lang='lat' dir='ltr'>et</span> <span class='ocrx_word' id='word_1_485' title='bbox 2799 591 2808 626; x_wconf 98' lang='grc'>1</span> 
     </span>
     <span class='ocr_line' id='line_1_66' title="bbox 1516 654 2808 711; baseline -0.003 -15"><span class='ocrx_word' id='word_1_486' title='bbox 1516 669 1642 711; x_wconf 89' lang='lat' dir='ltr'>supra</span> <span class='ocrx_word' id='word_1_487' title='bbox 1659 655 1798 696; x_wconf 77' lang='lat' dir='ltr'>vicum</span> <span class='ocrx_word' id='word_1_488' title='bbox 1817 655 1943 696; x_wconf 87' lang='lat' dir='ltr'>turris</span> <span class='ocrx_word' id='word_1_489' title='bbox 1957 654 2053 696; x_wconf 86' lang='lat' dir='ltr'>alta.</span> <span class='ocrx_word' id='word_1_490' title='bbox 2805 667 2808 669; x_wconf 94' lang='lat'>·</span> 
     </span>
    </p>
   </div>
   <div class='ocr_carea' id='block_1_12' title="bbox 1578 719 2808 826">
    <p class='ocr_par' dir='ltr' id='par_1_15' title="bbox 1578 719 2808 826">
     <span class='ocr_line' id='line_1_67' title="bbox 1578 719 2808 771; baseline 0.006 -10"><span class='ocrx_word' id='word_1_491' title='bbox 1578 734 1671 763; x_wconf 87' lang='grc'><strong>101.</strong></span> <span class='ocrx_word' id='word_1_492' title='bbox 1704 723 1741 763; x_wconf 83' lang='grc' dir='ltr'><strong>Α</strong></span> <span class='ocrx_word' id='word_1_493' title='bbox 1770 722 1916 762; x_wconf 86' lang='lat' dir='ltr'>Locris</span> <span class='ocrx_word' id='word_1_494' title='bbox 1937 719 1990 762; x_wconf 88' lang='lat' dir='ltr'>ad</span> <span class='ocrx_word' id='word_1_495' title='bbox 2012 720 2243 762; x_wconf 88' lang='lat' dir='ltr'>Zeucharin</span> <span class='ocrx_word' id='word_1_496' title='bbox 2264 719 2392 761; x_wconf 88' lang='lat' dir='ltr'>stadia</span> <span class='ocrx_word' id='word_1_497' title='bbox 2414 721 2520 771; x_wconf 83' lang='grc' dir='ltr'>30ος</span> <span class='ocrx_word' id='word_1_498' title='bbox 2547 723 2755 767; x_wconf 84' lang='lat' dir='ltr'>castellum</span> <span class='ocrx_word' id='word_1_499' title='bbox 2804 731 2808 753; x_wconf 84' lang='lat'>·&#39;</span> 
     </span>
     <span class='ocr_line' id='line_1_68' title="bbox 2797 795 2808 826; baseline 0 0"><span class='ocrx_word' id='word_1_500' title='bbox 2797 795 2808 826; x_wconf 79' lang='grc'>1</span> 
     </span>
    </p>
   </div>
   <div class='ocr_carea' id='block_1_13' title="bbox 1513 853 2808 4085">
    <p class='ocr_par' dir='ltr' id='par_1_16' title="bbox 1513 853 2808 4085">
     <span class='ocr_line' id='line_1_69' title="bbox 1513 853 2808 911; baseline 0.004 -16"><span class='ocrx_word' id='word_1_501' title='bbox 1513 853 1679 896; x_wconf 83' lang='lat' dir='ltr'>videtur</span> <span class='ocrx_word' id='word_1_502' title='bbox 1691 853 1744 895; x_wconf 85' lang='lat' dir='ltr'>ad</span> <span class='ocrx_word' id='word_1_503' title='bbox 1758 853 2008 896; x_wconf 89' lang='lat' dir='ltr'>hodiernum</span> <span class='ocrx_word' id='word_1_504' title='bbox 2020 868 2055 896; x_wconf 85' lang='lat' dir='ltr'>s.</span> <span class='ocrx_word' id='word_1_505' title='bbox 2069 854 2451 907; x_wconf 75' lang='lat' dir='ltr'>SaigadSaoeia,de</span> <span class='ocrx_word' id='word_1_506' title='bbox 2462 870 2546 911; x_wconf 90' lang='lat' dir='ltr'>quo</span> <span class='ocrx_word' id='word_1_507' title='bbox 2559 869 2599 898; x_wconf 88' lang='lat' dir='ltr'>v.</span> <span class='ocrx_word' id='word_1_508' title='bbox 2613 857 2758 901; x_wconf 80' lang='lat' dir='ltr'>Barth.</span> <span class='ocrx_word' id='word_1_509' title='bbox 2803 858 2808 874; x_wconf 82' lang='lat'>²</span> 
     </span>
     <span class='ocr_line' id='line_1_70' title="bbox 1514 916 2808 972; baseline 0.003 -16"><span class='ocrx_word' id='word_1_510' title='bbox 1514 930 1557 971; x_wconf 84' lang='lat' dir='ltr'>p.</span> <span class='ocrx_word' id='word_1_511' title='bbox 1578 916 1677 957; x_wconf 89' lang='grc'><strong>231.</strong></span> <span class='ocrx_word' id='word_1_512' title='bbox 1702 916 1810 957; x_wconf 91' lang='lat' dir='ltr'>Cum</span> <span class='ocrx_word' id='word_1_513' title='bbox 1837 916 1974 957; x_wconf 90' lang='lat' dir='ltr'>Ponto</span> <span class='ocrx_word' id='word_1_514' title='bbox 1999 918 2335 972; x_wconf 85' lang='lat' dir='ltr'>componendum</span> <span class='ocrx_word' id='word_1_515' title='bbox 2367 925 2533 972; x_wconf 86' lang='lat' dir='ltr'>putares</span> <span class='ocrx_word' id='word_1_516' title='bbox 2566 918 2758 960; x_wconf 76' lang='grc' dir='ltr'>Πισίνδων</span> <span class='ocrx_word' id='word_1_517' title='bbox 2803 919 2808 938; x_wconf 75' lang='lat'><em>³</em></span> 
     </span>
     <span class='ocr_line' id='line_1_71' title="bbox 1513 977 2759 1034; baseline 0.005 -15"><span class='ocrx_word' id='word_1_518' title='bbox 1513 978 1653 1034; x_wconf 76' lang='grc' dir='ltr'>λιμένα</span> <span class='ocrx_word' id='word_1_519' title='bbox 1659 978 1867 1020; x_wconf 80' lang='lat' dir='ltr'>Ptolemaei</span> <span class='ocrx_word' id='word_1_520' title='bbox 1872 1009 1884 1029; x_wconf 87' lang='lat'>,</span> <span class='ocrx_word' id='word_1_521' title='bbox 1893 978 2046 1019; x_wconf 83' lang='lat' dir='ltr'>sirecte</span> <span class='ocrx_word' id='word_1_522' title='bbox 2054 977 2122 1020; x_wconf 88' lang='lat' dir='ltr'>hic</span> <span class='ocrx_word' id='word_1_523' title='bbox 2133 977 2454 1033; x_wconf 76' lang='lat' dir='ltr'>distingueretur</span> <span class='ocrx_word' id='word_1_524' title='bbox 2460 995 2484 1022; x_wconf 90' lang='lat' dir='ltr'>a</span> <span class='ocrx_word' id='word_1_525' title='bbox 2492 980 2658 1023; x_wconf 87' lang='lat' dir='ltr'>Pisinda</span> <span class='ocrx_word' id='word_1_526' title='bbox 2667 981 2759 1025; x_wconf 85' lang='grc'><strong>1000</strong></span> 
     </span>
     <span class='ocr_line' id='line_1_72' title="bbox 1515 1039 2761 1097; baseline 0.005 -15"><span class='ocrx_word' id='word_1_527' title='bbox 1515 1040 1818 1083; x_wconf 88' lang='lat' dir='ltr'>mediterraneo</span> <span class='ocrx_word' id='word_1_528' title='bbox 1840 1039 1854 1097; x_wconf 94' lang='lat'>(</span> <span class='ocrx_word' id='word_1_529' title='bbox 1872 1039 2022 1082; x_wconf 78' lang='lat' dir='ltr'>Pisida</span> <span class='ocrx_word' id='word_1_530' title='bbox 2040 1039 2313 1097; x_wconf 77' lang='lat' dir='ltr'>municipium</span> <span class='ocrx_word' id='word_1_531' title='bbox 2331 1042 2375 1083; x_wconf 91' lang='lat' dir='ltr'>in</span> <span class='ocrx_word' id='word_1_532' title='bbox 2389 1042 2496 1085; x_wconf 86' lang='lat' dir='ltr'>Tab.</span> <span class='ocrx_word' id='word_1_533' title='bbox 2526 1044 2666 1095; x_wconf 84' lang='lat' dir='ltr'>Peut.,</span> <span class='ocrx_word' id='word_1_534' title='bbox 2690 1045 2761 1088; x_wconf 83' lang='lat' dir='ltr'>Pi·</span> 
     </span>
     <span class='ocr_line' id='line_1_73' title="bbox 1513 1102 2808 1157; baseline 0.004 -12"><span class='ocrx_word' id='word_1_535' title='bbox 1513 1102 1611 1145; x_wconf 86' lang='lat' dir='ltr'>sida</span> <span class='ocrx_word' id='word_1_536' title='bbox 1625 1102 1745 1145; x_wconf 83' lang='lat' dir='ltr'>vicus</span> <span class='ocrx_word' id='word_1_537' title='bbox 1759 1104 1803 1144; x_wconf 90' lang='lat' dir='ltr'>in</span> <span class='ocrx_word' id='word_1_538' title='bbox 1826 1103 1944 1153; x_wconf 82' lang='lat' dir='ltr'>ltin..</span> <span class='ocrx_word' id='word_1_539' title='bbox 1965 1102 2013 1145; x_wconf 83' lang='lat'>51</span> <span class='ocrx_word' id='word_1_540' title='bbox 2033 1102 2096 1144; x_wconf 86' lang='lat' dir='ltr'>vel</span> <span class='ocrx_word' id='word_1_541' title='bbox 2111 1102 2163 1144; x_wconf 88' lang='grc'>53</span> <span class='ocrx_word' id='word_1_542' title='bbox 2177 1102 2637 1157; x_wconf 84' lang='lat' dir='ltr'>m.aSabratadistans;</span> <span class='ocrx_word' id='word_1_543' title='bbox 2655 1107 2755 1150; x_wconf 89' lang='lat' dir='ltr'>hod.</span> <span class='ocrx_word' id='word_1_544' title='bbox 2804 1115 2808 1119; x_wconf 83' lang='grc'><em>“</em></span> 
     </span>
     <span class='ocr_line' id='line_1_74' title="bbox 1517 1164 2808 1222; baseline 0.004 -15"><span class='ocrx_word' id='word_1_545' title='bbox 1517 1164 1669 1218; x_wconf 72' lang='lat' dir='ltr'>Biorga</span> <span class='ocrx_word' id='word_1_546' title='bbox 1689 1180 1762 1207; x_wconf 87' lang='lat' dir='ltr'>seu</span> <span class='ocrx_word' id='word_1_547' title='bbox 1795 1169 1955 1218; x_wconf 72' lang='lat' dir='ltr'>Brega?</span> <span class='ocrx_word' id='word_1_548' title='bbox 1974 1165 2006 1221; x_wconf 89' lang='lat'>).</span> <span class='ocrx_word' id='word_1_549' title='bbox 2023 1166 2195 1207; x_wconf 87' lang='lat' dir='ltr'>Sabrata</span> <span class='ocrx_word' id='word_1_550' title='bbox 2224 1173 2363 1207; x_wconf 87' lang='lat' dir='ltr'>autem</span> <span class='ocrx_word' id='word_1_551' title='bbox 2379 1175 2585 1222; x_wconf 81' lang='lat' dir='ltr'>superstes</span> <span class='ocrx_word' id='word_1_552' title='bbox 2605 1169 2649 1210; x_wconf 91' lang='lat' dir='ltr'>in</span> <span class='ocrx_word' id='word_1_553' title='bbox 2672 1172 2757 1211; x_wconf 91' lang='lat' dir='ltr'>rui·</span> <span class='ocrx_word' id='word_1_554' title='bbox 2805 1173 2808 1177; x_wconf 86' lang='lat'>&#39;</span> 
     </span>
     <span class='ocr_line' id='line_1_75' title="bbox 1516 1227 2808 1285; baseline 0.005 -17"><span class='ocrx_word' id='word_1_555' title='bbox 1516 1229 1580 1269; x_wconf 89' lang='lat' dir='ltr'>nis</span> <span class='ocrx_word' id='word_1_556' title='bbox 1598 1227 1811 1270; x_wconf 85' lang='lat' dir='ltr'>hodiernae</span> <span class='ocrx_word' id='word_1_557' title='bbox 1837 1228 1998 1285; x_wconf 80' lang='lat' dir='ltr'>Tripoli</span> <span class='ocrx_word' id='word_1_558' title='bbox 2020 1228 2198 1277; x_wconf 74' lang='lat' dir='ltr'>vecchio,</span> <span class='ocrx_word' id='word_1_559' title='bbox 2224 1242 2327 1283; x_wconf 84' lang='lat' dir='ltr'>quas</span> <span class='ocrx_word' id='word_1_560' title='bbox 2344 1227 2584 1272; x_wconf 85' lang='lat' dir='ltr'>etiamnunc</span> <span class='ocrx_word' id='word_1_561' title='bbox 2608 1232 2759 1274; x_wconf 74' lang='lat' dir='ltr'>Sabe-ae</span> <span class='ocrx_word' id='word_1_562' title='bbox 2806 1228 2808 1230; x_wconf 53' lang='grc'><strong>’</strong></span> 
     </span>
     <span class='ocr_line' id='line_1_76' title="bbox 1518 1290 2753 1346; baseline 0.003 -15"><span class='ocrx_word' id='word_1_563' title='bbox 1518 1291 1653 1331; x_wconf 87' lang='lat' dir='ltr'>vocari</span> <span class='ocrx_word' id='word_1_564' title='bbox 1668 1290 1886 1346; x_wconf 84' lang='lat' dir='ltr'>perhibent</span> <span class='ocrx_word' id='word_1_565' title='bbox 1901 1321 1913 1340; x_wconf 89' lang='lat'>,</span> <span class='ocrx_word' id='word_1_566' title='bbox 1936 1291 2128 1332; x_wconf 85' lang='lat' dir='ltr'>Barthius</span> <span class='ocrx_word' id='word_1_567' title='bbox 2158 1304 2256 1331; x_wconf 85' lang='lat' dir='ltr'>vero</span> <span class='ocrx_word' id='word_1_568' title='bbox 2274 1304 2317 1346; x_wconf 94' lang='lat' dir='ltr'>p.</span> <span class='ocrx_word' id='word_1_569' title='bbox 2340 1303 2422 1346; x_wconf 75' lang='lat'>279</span> <span class='ocrx_word' id='word_1_570' title='bbox 2456 1293 2570 1333; x_wconf 78' lang='lat' dir='ltr'>Kasr</span> <span class='ocrx_word' id='word_1_571' title='bbox 2587 1291 2753 1341; x_wconf 74' lang='lat' dir='ltr'>Allata.</span> 
     </span>
     <span class='ocr_line' id='line_1_77' title="bbox 1514 1351 2756 1411; baseline 0.003 -18"><span class='ocrx_word' id='word_1_572' title='bbox 1514 1353 1549 1393; x_wconf 90' lang='lat' dir='ltr'>si</span> <span class='ocrx_word' id='word_1_573' title='bbox 1572 1359 1681 1394; x_wconf 87' lang='lat' dir='ltr'>recte</span> <span class='ocrx_word' id='word_1_574' title='bbox 1699 1353 1952 1394; x_wconf 89' lang='lat' dir='ltr'>meminisset</span> <span class='ocrx_word' id='word_1_575' title='bbox 1965 1384 1977 1403; x_wconf 93' lang='lat'>,</span> <span class='ocrx_word' id='word_1_576' title='bbox 2002 1351 2084 1393; x_wconf 88' lang='lat' dir='ltr'>dici</span> <span class='ocrx_word' id='word_1_577' title='bbox 2106 1351 2247 1394; x_wconf 85' lang='lat' dir='ltr'>refert.</span> <span class='ocrx_word' id='word_1_578' title='bbox 2269 1353 2354 1393; x_wconf 85' lang='lat' dir='ltr'>Sita</span> <span class='ocrx_word' id='word_1_579' title='bbox 2369 1352 2468 1393; x_wconf 86' lang='lat' dir='ltr'>urbs</span> <span class='ocrx_word' id='word_1_580' title='bbox 2486 1352 2530 1395; x_wconf 89' lang='lat' dir='ltr'>in</span> <span class='ocrx_word' id='word_1_581' title='bbox 2549 1352 2667 1404; x_wconf 87' lang='lat' dir='ltr'>colle,</span> <span class='ocrx_word' id='word_1_582' title='bbox 2685 1358 2756 1411; x_wconf 90' lang='lat' dir='ltr'>qui</span> 
     </span>
     <span class='ocr_line' id='line_1_78' title="bbox 1517 1412 2760 1471; baseline 0.002 -15"><span class='ocrx_word' id='word_1_583' title='bbox 1517 1416 1559 1456; x_wconf 91' lang='lat' dir='ltr'>in</span> <span class='ocrx_word' id='word_1_584' title='bbox 1578 1429 1677 1469; x_wconf 83' lang='lat' dir='ltr'>agro</span> <span class='ocrx_word' id='word_1_585' title='bbox 1694 1414 1931 1456; x_wconf 85' lang='lat' dir='ltr'>beatissimo</span> <span class='ocrx_word' id='word_1_586' title='bbox 1947 1415 2138 1469; x_wconf 80' lang='lat' dir='ltr'>assurgit.</span> <span class='ocrx_word' id='word_1_587' title='bbox 2162 1412 2328 1456; x_wconf 86' lang='lat' dir='ltr'>Rudera</span> <span class='ocrx_word' id='word_1_588' title='bbox 2346 1414 2461 1456; x_wconf 86' lang='lat' dir='ltr'>urbis</span> <span class='ocrx_word' id='word_1_589' title='bbox 2482 1414 2562 1457; x_wconf 83' lang='lat' dir='ltr'>late</span> <span class='ocrx_word' id='word_1_590' title='bbox 2578 1418 2760 1471; x_wconf 84' lang='lat' dir='ltr'>patentia</span> 
     </span>
     <span class='ocr_line' id='line_1_79' title="bbox 1516 1476 2808 1534; baseline 0.003 -16"><span class='ocrx_word' id='word_1_591' title='bbox 1516 1477 1756 1533; x_wconf 88' lang='lat' dir='ltr'>primariam</span> <span class='ocrx_word' id='word_1_592' title='bbox 1781 1477 2049 1533; x_wconf 76' lang='lat' dir='ltr'>Tripolitana:</span> <span class='ocrx_word' id='word_1_593' title='bbox 2075 1477 2255 1532; x_wconf 85' lang='lat' dir='ltr'>regionis</span> <span class='ocrx_word' id='word_1_594' title='bbox 2281 1476 2427 1519; x_wconf 87' lang='lat' dir='ltr'>urbem</span> <span class='ocrx_word' id='word_1_595' title='bbox 2464 1476 2651 1534; x_wconf 86' lang='lat' dir='ltr'>produnt</span> <span class='ocrx_word' id='word_1_596' title='bbox 2673 1494 2778 1533; x_wconf 23' lang='lat' dir='ltr'>nia-⁴</span> <span class='ocrx_word' id='word_1_597' title='bbox 2801 1486 2808 1509; x_wconf 57' lang='lat'>2&#39;</span> 
     </span>
     <span class='ocr_line' id='line_1_80' title="bbox 1518 1538 2808 1597; baseline 0.003 -17"><span class='ocrx_word' id='word_1_598' title='bbox 1518 1538 1682 1587; x_wconf 78' lang='lat' dir='ltr'>nisesto.</span> <span class='ocrx_word' id='word_1_599' title='bbox 1700 1542 1814 1581; x_wconf 88' lang='lat' dir='ltr'>Inter</span> <span class='ocrx_word' id='word_1_600' title='bbox 1842 1539 1921 1581; x_wconf 89' lang='lat' dir='ltr'>alia</span> <span class='ocrx_word' id='word_1_601' title='bbox 1941 1548 2165 1595; x_wconf 87' lang='lat' dir='ltr'>supersunt</span> <span class='ocrx_word' id='word_1_602' title='bbox 2181 1539 2332 1581; x_wconf 80' lang='lat' dir='ltr'>infimae</span> <span class='ocrx_word' id='word_1_603' title='bbox 2352 1548 2488 1596; x_wconf 83' lang='lat' dir='ltr'>partes</span> <span class='ocrx_word' id='word_1_604' title='bbox 2503 1541 2631 1591; x_wconf 83' lang='lat' dir='ltr'>muri,</span> <span class='ocrx_word' id='word_1_605' title='bbox 2648 1544 2718 1597; x_wconf 87' lang='lat' dir='ltr'>qui</span> <span class='ocrx_word' id='word_1_606' title='bbox 2738 1558 2761 1584; x_wconf 78' lang='lat' dir='ltr'>a</span> <span class='ocrx_word' id='word_1_607' title='bbox 2798 1543 2808 1596; x_wconf 65' lang='lat' dir='ltr'>l</span> 
     </span>
     <span class='ocr_line' id='line_1_81' title="bbox 1516 1600 2760 1659; baseline 0.003 -17"><span class='ocrx_word' id='word_1_608' title='bbox 1516 1601 1618 1642; x_wconf 88' lang='lat' dir='ltr'>colle</span> <span class='ocrx_word' id='word_1_609' title='bbox 1640 1600 1693 1643; x_wconf 93' lang='lat' dir='ltr'>ad</span> <span class='ocrx_word' id='word_1_610' title='bbox 1717 1616 1830 1643; x_wconf 89' lang='lat' dir='ltr'>mare</span> <span class='ocrx_word' id='word_1_611' title='bbox 1844 1603 2055 1657; x_wconf 87' lang='lat' dir='ltr'>pertinens</span> <span class='ocrx_word' id='word_1_612' title='bbox 2078 1610 2231 1643; x_wconf 84' lang='lat' dir='ltr'>vastam</span> <span class='ocrx_word' id='word_1_613' title='bbox 2244 1603 2454 1657; x_wconf 77' lang='lat' dir='ltr'>regionem</span> <span class='ocrx_word' id='word_1_614' title='bbox 2469 1603 2760 1659; x_wconf 83' lang='lat' dir='ltr'>amphitheatri</span> 
     </span>
     <span class='ocr_line' id='line_1_82' title="bbox 1518 1663 2759 1721; baseline 0.002 -17"><span class='ocrx_word' id='word_1_615' title='bbox 1518 1665 1647 1704; x_wconf 88' lang='lat' dir='ltr'>instar</span> <span class='ocrx_word' id='word_1_616' title='bbox 1695 1663 1939 1705; x_wconf 78' lang='lat' dir='ltr'>referentem</span> <span class='ocrx_word' id='word_1_617' title='bbox 1985 1663 2159 1706; x_wconf 89' lang='lat' dir='ltr'>includit</span> <span class='ocrx_word' id='word_1_618' title='bbox 2189 1672 2231 1705; x_wconf 91' lang='lat' dir='ltr'>et</span> <span class='ocrx_word' id='word_1_619' title='bbox 2262 1672 2412 1720; x_wconf 72' lang='lat' dir='ltr'>praeter</span> <span class='ocrx_word' id='word_1_620' title='bbox 2455 1665 2586 1721; x_wconf 83' lang='lat' dir='ltr'>ipsam</span> <span class='ocrx_word' id='word_1_621' title='bbox 2613 1666 2759 1708; x_wconf 85' lang='lat' dir='ltr'>urbem</span> 
     </span>
     <span class='ocr_line' id='line_1_83' title="bbox 1516 1724 2761 1783; baseline 0.003 -17"><span class='ocrx_word' id='word_1_622' title='bbox 1516 1724 1881 1781; x_wconf 86' lang='lat' dir='ltr'>comprehendisse</span> <span class='ocrx_word' id='word_1_623' title='bbox 1917 1725 2081 1767; x_wconf 82' lang='lat' dir='ltr'>videtur</span> <span class='ocrx_word' id='word_1_624' title='bbox 2102 1725 2350 1768; x_wconf 87' lang='lat' dir='ltr'>suburbium</span> <span class='ocrx_word' id='word_1_625' title='bbox 2374 1726 2540 1783; x_wconf 83' lang='lat' dir='ltr'>Libycis</span> <span class='ocrx_word' id='word_1_626' title='bbox 2570 1727 2761 1782; x_wconf 76' lang='lat' dir='ltr'>gentibus</span> 
     </span>
     <span class='ocr_line' id='line_1_84' title="bbox 1516 1786 2761 1845; baseline 0.004 -17"><span class='ocrx_word' id='word_1_627' title='bbox 1516 1786 1783 1839; x_wconf 60' lang='lat' dir='ltr'>destinatum,</span> <span class='ocrx_word' id='word_1_628' title='bbox 1801 1802 1894 1844; x_wconf 85' lang='lat' dir='ltr'>quae</span> <span class='ocrx_word' id='word_1_629' title='bbox 1906 1789 2021 1830; x_wconf 86' lang='lat' dir='ltr'>statis</span> <span class='ocrx_word' id='word_1_630' title='bbox 2032 1789 2129 1830; x_wconf 86' lang='lat' dir='ltr'>anni</span> <span class='ocrx_word' id='word_1_631' title='bbox 2145 1789 2402 1845; x_wconf 86' lang='lat' dir='ltr'>temporibus</span> <span class='ocrx_word' id='word_1_632' title='bbox 2410 1790 2761 1833; x_wconf 82' lang='lat' dir='ltr'>commerciorum</span> 
     </span>
     <span class='ocr_line' id='line_1_85' title="bbox 1517 1850 2763 1907; baseline 0.003 -16"><span class='ocrx_word' id='word_1_633' title='bbox 1517 1863 1642 1892; x_wconf 86' lang='lat' dir='ltr'>causa</span> <span class='ocrx_word' id='word_1_634' title='bbox 1673 1850 1717 1891; x_wconf 95' lang='lat' dir='ltr'>in</span> <span class='ocrx_word' id='word_1_635' title='bbox 1752 1851 1987 1906; x_wconf 88' lang='lat' dir='ltr'>emporium</span> <span class='ocrx_word' id='word_1_636' title='bbox 2022 1851 2302 1893; x_wconf 83' lang='lat' dir='ltr'>confluebant.</span> <span class='ocrx_word' id='word_1_637' title='bbox 2335 1854 2430 1907; x_wconf 85' lang='lat' dir='ltr'>Ipsa</span> <span class='ocrx_word' id='word_1_638' title='bbox 2446 1850 2570 1903; x_wconf 86' lang='lat' dir='ltr'>urbs,</span> <span class='ocrx_word' id='word_1_639' title='bbox 2602 1866 2628 1894; x_wconf 88' lang='lat' dir='ltr'>e</span> <span class='ocrx_word' id='word_1_640' title='bbox 2655 1856 2763 1895; x_wconf 80' lang='lat' dir='ltr'>saxis</span> 
     </span>
     <span class='ocr_line' id='line_1_86' title="bbox 1516 1910 2761 1969; baseline 0.004 -17"><span class='ocrx_word' id='word_1_641' title='bbox 1516 1913 1679 1967; x_wconf 77' lang='lat' dir='ltr'>egregie</span> <span class='ocrx_word' id='word_1_642' title='bbox 1699 1910 1848 1955; x_wconf 86' lang='lat' dir='ltr'>dolatis</span> <span class='ocrx_word' id='word_1_643' title='bbox 1883 1921 2063 1963; x_wconf 87' lang='lat' dir='ltr'>structa,</span> <span class='ocrx_word' id='word_1_644' title='bbox 2093 1911 2293 1967; x_wconf 84' lang='lat' dir='ltr'>majorem</span> <span class='ocrx_word' id='word_1_645' title='bbox 2320 1922 2479 1969; x_wconf 89' lang='lat' dir='ltr'>partem</span> <span class='ocrx_word' id='word_1_646' title='bbox 2497 1913 2575 1955; x_wconf 83' lang='lat' dir='ltr'>sita</span> <span class='ocrx_word' id='word_1_647' title='bbox 2592 1923 2681 1956; x_wconf 88' lang='lat' dir='ltr'>erat</span> <span class='ocrx_word' id='word_1_648' title='bbox 2708 1914 2761 1957; x_wconf 87' lang='lat' dir='ltr'>ad</span> 
     </span>
     <span class='ocr_line' id='line_1_87' title="bbox 1517 1973 2808 2033; baseline 0.001 -18"><span class='ocrx_word' id='word_1_649' title='bbox 1517 1975 1872 2030; x_wconf 79' lang='lat' dir='ltr'>promontorium,</span> <span class='ocrx_word' id='word_1_650' title='bbox 1898 1990 1923 2016; x_wconf 90' lang='lat' dir='ltr'>a</span> <span class='ocrx_word' id='word_1_651' title='bbox 1945 1990 2029 2031; x_wconf 87' lang='lat' dir='ltr'>quo</span> <span class='ocrx_word' id='word_1_652' title='bbox 2056 1976 2098 2016; x_wconf 91' lang='lat' dir='ltr'>in</span> <span class='ocrx_word' id='word_1_653' title='bbox 2122 1989 2235 2016; x_wconf 84' lang='lat' dir='ltr'>mare</span> <span class='ocrx_word' id='word_1_654' title='bbox 2259 1973 2479 2030; x_wconf 87' lang='lat' dir='ltr'>projicitur</span> <span class='ocrx_word' id='word_1_655' title='bbox 2496 1975 2763 2033; x_wconf 85' lang='lat' dir='ltr'>scopulorum</span> <span class='ocrx_word' id='word_1_656' title='bbox 2806 2006 2808 2016; x_wconf 91' lang='lat'>.</span> 
     </span>
     <span class='ocr_line' id='line_1_88' title="bbox 1518 2037 2763 2095; baseline 0.002 -17"><span class='ocrx_word' id='word_1_657' title='bbox 1518 2037 1637 2078; x_wconf 81' lang='lat' dir='ltr'>taenia</span> <span class='ocrx_word' id='word_1_658' title='bbox 1649 2068 1660 2088; x_wconf 93' lang='lat'>,</span> <span class='ocrx_word' id='word_1_659' title='bbox 1681 2052 1773 2093; x_wconf 83' lang='lat' dir='ltr'>quae</span> <span class='ocrx_word' id='word_1_660' title='bbox 1786 2046 1955 2094; x_wconf 91' lang='lat' dir='ltr'>portum</span> <span class='ocrx_word' id='word_1_661' title='bbox 1970 2038 2192 2094; x_wconf 81' lang='lat' dir='ltr'>praeberet,</span> <span class='ocrx_word' id='word_1_662' title='bbox 2212 2038 2290 2079; x_wconf 84' lang='lat' dir='ltr'>nisi</span> <span class='ocrx_word' id='word_1_663' title='bbox 2308 2050 2510 2093; x_wconf 84' lang='lat' dir='ltr'>aquarum</span> <span class='ocrx_word' id='word_1_664' title='bbox 2532 2037 2594 2080; x_wconf 80' lang='lat' dir='ltr'>vis</span> <span class='ocrx_word' id='word_1_665' title='bbox 2614 2052 2763 2095; x_wconf 85' lang='lat' dir='ltr'>parum</span> 
     </span>
     <span class='ocr_line' id='line_1_89' title="bbox 1517 2098 2765 2155; baseline 0.002 -15"><span class='ocrx_word' id='word_1_666' title='bbox 1517 2098 1728 2155; x_wconf 79' lang='lat' dir='ltr'>profunda</span> <span class='ocrx_word' id='word_1_667' title='bbox 1754 2099 1888 2141; x_wconf 86' lang='lat' dir='ltr'>solum</span> <span class='ocrx_word' id='word_1_668' title='bbox 1913 2108 2070 2154; x_wconf 77' lang='lat' dir='ltr'>tegeret</span> <span class='ocrx_word' id='word_1_669' title='bbox 2094 2114 2303 2141; x_wconf 80' lang='lat' dir='ltr'>saxosum.</span> <span class='ocrx_word' id='word_1_670' title='bbox 2332 2101 2473 2152; x_wconf 87' lang='lat' dir='ltr'>Quare</span> <span class='ocrx_word' id='word_1_671' title='bbox 2491 2107 2602 2142; x_wconf 83' lang='lat' dir='ltr'>recte</span> <span class='ocrx_word' id='word_1_672' title='bbox 2614 2101 2765 2143; x_wconf 87' lang='lat' dir='ltr'>Noster</span> 
     </span>
     <span class='ocr_line' id='line_1_90' title="bbox 1519 2161 2763 2220; baseline 0.002 -17"><span class='ocrx_word' id='word_1_673' title='bbox 1519 2161 1657 2203; x_wconf 89' lang='lat' dir='ltr'>locum</span> <span class='ocrx_word' id='word_1_674' title='bbox 1677 2161 1864 2218; x_wconf 75' lang='grc' dir='ltr'>ἀλίμενον</span> <span class='ocrx_word' id='word_1_675' title='bbox 1888 2177 1975 2203; x_wconf 64' lang='lat' dir='ltr'>asse</span> <span class='ocrx_word' id='word_1_676' title='bbox 1996 2162 2113 2204; x_wconf 88' lang='lat' dir='ltr'>dicit.</span> <span class='ocrx_word' id='word_1_677' title='bbox 2137 2162 2329 2213; x_wconf 84' lang='lat' dir='ltr'>Sabrata,</span> <span class='ocrx_word' id='word_1_678' title='bbox 2354 2161 2454 2203; x_wconf 83' lang='lat' dir='ltr'>urbs</span> <span class='ocrx_word' id='word_1_679' title='bbox 2486 2162 2658 2218; x_wconf 81' lang='lat' dir='ltr'>originis</span> <span class='ocrx_word' id='word_1_680' title='bbox 2678 2164 2763 2220; x_wconf 79' lang='lat' dir='ltr'>&#39;ry-</span> 
     </span>
     <span class='ocr_line' id='line_1_91' title="bbox 1518 2223 2766 2279; baseline 0.003 -15"><span class='ocrx_word' id='word_1_681' title='bbox 1518 2223 1606 2274; x_wconf 81' lang='lat' dir='ltr'>riae,</span> <span class='ocrx_word' id='word_1_682' title='bbox 1630 2225 1764 2278; x_wconf 87' lang='lat' dir='ltr'>patria</span> <span class='ocrx_word' id='word_1_683' title='bbox 1781 2224 1861 2264; x_wconf 80' lang='lat' dir='ltr'>suit</span> <span class='ocrx_word' id='word_1_684' title='bbox 1882 2223 2030 2265; x_wconf 77' lang='lat' dir='ltr'>Flaviae</span> <span class='ocrx_word' id='word_1_685' title='bbox 2049 2223 2293 2274; x_wconf 77' lang='lat' dir='ltr'>Domitillae,</span> <span class='ocrx_word' id='word_1_686' title='bbox 2310 2237 2437 2279; x_wconf 83' lang='lat' dir='ltr'>quam</span> <span class='ocrx_word' id='word_1_687' title='bbox 2455 2237 2630 2267; x_wconf 83' lang='lat' dir='ltr'>uxorem</span> <span class='ocrx_word' id='word_1_688' title='bbox 2644 2223 2766 2268; x_wconf 81' lang='lat' dir='ltr'>duxit</span> 
     </span>
     <span class='ocr_line' id='line_1_92' title="bbox 1518 2284 2762 2341; baseline 0.003 -15"><span class='ocrx_word' id='word_1_689' title='bbox 1518 2286 1811 2341; x_wconf 59' lang='lat' dir='ltr'>Vespasianus.</span> <span class='ocrx_word' id='word_1_690' title='bbox 1833 2286 1934 2335; x_wconf 87' lang='lat' dir='ltr'>Hic,</span> <span class='ocrx_word' id='word_1_691' title='bbox 1955 2294 2002 2327; x_wconf 92' lang='lat' dir='ltr'>ut</span> <span class='ocrx_word' id='word_1_692' title='bbox 2025 2284 2202 2337; x_wconf 89' lang='lat' dir='ltr'>videtur,</span> <span class='ocrx_word' id='word_1_693' title='bbox 2238 2284 2386 2327; x_wconf 89' lang='lat' dir='ltr'>urbem</span> <span class='ocrx_word' id='word_1_694' title='bbox 2414 2285 2620 2330; x_wconf 81' lang='lat' dir='ltr'>coloniam</span> <span class='ocrx_word' id='word_1_695' title='bbox 2644 2287 2762 2338; x_wconf 63' lang='lat' dir='ltr'>facin</span> 
     </span>
     <span class='ocr_line' id='line_1_93' title="bbox 1518 2347 2766 2402; baseline 0.005 -14"><span class='ocrx_word' id='word_1_696' title='bbox 1518 2355 1660 2402; x_wconf 86' lang='lat' dir='ltr'>postea</span> <span class='ocrx_word' id='word_1_697' title='bbox 1681 2347 1854 2389; x_wconf 90' lang='lat' dir='ltr'>eandem</span> <span class='ocrx_word' id='word_1_698' title='bbox 1877 2348 2038 2390; x_wconf 85' lang='lat' dir='ltr'>auxerit</span> <span class='ocrx_word' id='word_1_699' title='bbox 2060 2349 2256 2399; x_wconf 84' lang='lat' dir='ltr'>Severus;</span> <span class='ocrx_word' id='word_1_700' title='bbox 2287 2362 2399 2390; x_wconf 90' lang='lat' dir='ltr'>anno</span> <span class='ocrx_word' id='word_1_701' title='bbox 2425 2348 2505 2399; x_wconf 86' lang='grc'><strong>548</strong></span> <span class='ocrx_word' id='word_1_702' title='bbox 2523 2351 2766 2394; x_wconf 77' lang='lat' dir='ltr'>restauravit</span> 
     </span>
     <span class='ocr_line' id='line_1_94' title="bbox 1518 2409 2766 2467; baseline 0.002 -16"><span class='ocrx_word' id='word_1_703' title='bbox 1518 2410 1778 2452; x_wconf 87' lang='lat' dir='ltr'>Justinianus</span> <span class='ocrx_word' id='word_1_704' title='bbox 1803 2410 1995 2467; x_wconf 89' lang='lat' dir='ltr'>(Procop.</span> <span class='ocrx_word' id='word_1_705' title='bbox 2020 2412 2084 2452; x_wconf 93' lang='lat' dir='ltr'>De</span> <span class='ocrx_word' id='word_1_706' title='bbox 2117 2409 2227 2452; x_wconf 78' lang='lat' dir='ltr'>aedif.</span> <span class='ocrx_word' id='word_1_707' title='bbox 2253 2411 2330 2461; x_wconf 87' lang='lat' dir='ltr'>vl,</span> <span class='ocrx_word' id='word_1_708' title='bbox 2356 2413 2380 2460; x_wconf 92' lang='grc'><strong>4</strong></span> <span class='ocrx_word' id='word_1_709' title='bbox 2397 2411 2430 2466; x_wconf 92' lang='grc'>).</span> <span class='ocrx_word' id='word_1_710' title='bbox 2455 2411 2611 2464; x_wconf 88' lang='lat' dir='ltr'>Forum</span> <span class='ocrx_word' id='word_1_711' title='bbox 2632 2426 2682 2455; x_wconf 79' lang='lat' dir='ltr'>ex</span> <span class='ocrx_word' id='word_1_712' title='bbox 2717 2428 2766 2456; x_wconf 81' lang='lat' dir='ltr'>ea</span> 
     </span>
     <span class='ocr_line' id='line_1_95' title="bbox 1518 2472 2802 2527; baseline 0.002 -13"><span class='ocrx_word' id='word_1_713' title='bbox 1518 2472 1724 2527; x_wconf 89' lang='lat' dir='ltr'>Tripolim</span> <span class='ocrx_word' id='word_1_714' title='bbox 1757 2473 2001 2515; x_wconf 88' lang='lat' dir='ltr'>translatum</span> <span class='ocrx_word' id='word_1_715' title='bbox 2048 2487 2135 2514; x_wconf 86' lang='lat' dir='ltr'>esse</span> <span class='ocrx_word' id='word_1_716' title='bbox 2178 2487 2290 2514; x_wconf 90' lang='lat' dir='ltr'>anno</span> <span class='ocrx_word' id='word_1_717' title='bbox 2335 2473 2384 2515; x_wconf 88' lang='grc'>31</span> <span class='ocrx_word' id='word_1_718' title='bbox 2432 2472 2635 2517; x_wconf 79' lang='lat' dir='ltr'>Hedchrae</span> <span class='ocrx_word' id='word_1_719' title='bbox 2675 2489 2767 2518; x_wconf 61' lang='grc' dir='ltr'>τη</span> <span class='ocrx_word' id='word_1_720' title='bbox 2799 2513 2802 2516; x_wconf 78' lang='grc'><strong>,</strong></span> 
     </span>
     <span class='ocr_line' id='line_1_96' title="bbox 1519 2533 2808 2595; baseline 0.003 -20"><span class='ocrx_word' id='word_1_721' title='bbox 1519 2533 1646 2577; x_wconf 82' lang='lat' dir='ltr'>refert</span> <span class='ocrx_word' id='word_1_722' title='bbox 1678 2534 1776 2578; x_wconf 80' lang='lat' dir='ltr'>Abd</span> <span class='ocrx_word' id='word_1_723' title='bbox 1804 2550 1850 2577; x_wconf 88' lang='lat' dir='ltr'>er</span> <span class='ocrx_word' id='word_1_724' title='bbox 1875 2535 2063 2577; x_wconf 77' lang='lat' dir='ltr'>Bahman</span> <span class='ocrx_word' id='word_1_725' title='bbox 2089 2534 2183 2576; x_wconf 87' lang='lat' dir='ltr'>Ebn</span> <span class='ocrx_word' id='word_1_726' title='bbox 2213 2534 2374 2586; x_wconf 83' lang='lat' dir='ltr'>Habib,</span> <span class='ocrx_word' id='word_1_727' title='bbox 2396 2535 2702 2584; x_wconf 83' lang='lat' dir='ltr'>notanteSlane</span> <span class='ocrx_word' id='word_1_728' title='bbox 2722 2538 2766 2579; x_wconf 91' lang='lat' dir='ltr'>in</span> <span class='ocrx_word' id='word_1_729' title='bbox 2798 2551 2808 2595; x_wconf 63' lang='lat' dir='ltr'>:f</span> 
     </span>
     <span class='ocr_line' id='line_1_97' title="bbox 1520 2596 2808 2654; baseline 0.001 -15"><span class='ocrx_word' id='word_1_730' title='bbox 1520 2599 1722 2639; x_wconf 80' lang='lat' dir='ltr'>Nouveau</span> <span class='ocrx_word' id='word_1_731' title='bbox 1739 2598 1917 2639; x_wconf 81' lang='lat' dir='ltr'>Journal</span> <span class='ocrx_word' id='word_1_732' title='bbox 1929 2596 2153 2654; x_wconf 79' lang='lat' dir='ltr'>Asiatiqae</span> <span class='ocrx_word' id='word_1_733' title='bbox 2174 2599 2297 2647; x_wconf 89' lang='grc'><strong>1844,</strong></span> <span class='ocrx_word' id='word_1_734' title='bbox 2322 2599 2385 2649; x_wconf 88' lang='lat'>11,</span> <span class='ocrx_word' id='word_1_735' title='bbox 2406 2611 2449 2654; x_wconf 87' lang='lat' dir='ltr'>p.</span> <span class='ocrx_word' id='word_1_736' title='bbox 2469 2598 2567 2641; x_wconf 84' lang='lat'>358.</span> <span class='ocrx_word' id='word_1_737' title='bbox 2792 2613 2808 2642; x_wconf 64' lang='grc' dir='ltr'>,ιι</span> 
     </span>
     <span class='ocr_line' id='line_1_98' title="bbox 1577 2660 2808 2716; baseline 0.002 -12"><span class='ocrx_word' id='word_1_738' title='bbox 1577 2663 1723 2713; x_wconf 87' lang='lat'>§100.</span> <span class='ocrx_word' id='word_1_739' title='bbox 1740 2660 1916 2715; x_wconf 77' lang='grc' dir='ltr'>Σύρτις</span> <span class='ocrx_word' id='word_1_740' title='bbox 1936 2661 2119 2716; x_wconf 80' lang='grc' dir='ltr'>μικρά]</span> <span class='ocrx_word' id='word_1_741' title='bbox 2144 2661 2340 2703; x_wconf 80' lang='lat' dir='ltr'>Similiter</span> <span class='ocrx_word' id='word_1_742' title='bbox 2354 2660 2512 2703; x_wconf 84' lang='lat' dir='ltr'>Plinius</span> <span class='ocrx_word' id='word_1_743' title='bbox 2526 2660 2555 2703; x_wconf 90' lang='lat' dir='ltr'>l.</span> <span class='ocrx_word' id='word_1_744' title='bbox 2577 2661 2604 2704; x_wconf 91' lang='lat' dir='ltr'>l.</span> <span class='ocrx_word' id='word_1_745' title='bbox 2621 2662 2767 2707; x_wconf 75' lang='lat' dir='ltr'>Sabra·</span> <span class='ocrx_word' id='word_1_746' title='bbox 2795 2669 2808 2698; x_wconf 68' lang='grc' dir='ltr'>’ἱ</span> 
     </span>
     <span class='ocr_line' id='line_1_99' title="bbox 1520 2714 2808 2788; baseline 0.002 -24"><span class='ocrx_word' id='word_1_747' title='bbox 1520 2731 1605 2764; x_wconf 83' lang='lat' dir='ltr'>tam</span> <span class='ocrx_word' id='word_1_748' title='bbox 1626 2724 1765 2779; x_wconf 77' lang='lat' dir='ltr'>Syrtin</span> <span class='ocrx_word' id='word_1_749' title='bbox 1787 2724 1992 2765; x_wconf 90' lang='lat' dir='ltr'>minorem</span> <span class='ocrx_word' id='word_1_750' title='bbox 2013 2725 2252 2777; x_wconf 87' lang='lat' dir='ltr'>contingere</span> <span class='ocrx_word' id='word_1_751' title='bbox 2266 2722 2383 2765; x_wconf 87' lang='lat' dir='ltr'>dicit.</span> <span class='ocrx_word' id='word_1_752' title='bbox 2406 2724 2423 2778; x_wconf 77' lang='lat' dir='ltr'>ss</span> <span class='ocrx_word' id='word_1_753' title='bbox 2442 2747 2499 2755; x_wconf 95' lang='lat'><strong>—</strong></span> <span class='ocrx_word' id='word_1_754' title='bbox 2514 2725 2543 2765; x_wconf 87' lang='grc' dir='ltr'><strong>Δ</strong></span> <span class='ocrx_word' id='word_1_755' title='bbox 2555 2739 2610 2766; x_wconf 72' lang='lat' dir='ltr'>ox</span> <span class='ocrx_word' id='word_1_756' title='bbox 2626 2726 2710 2781; x_wconf 83' lang='grc' dir='ltr'><strong>ροῦ</strong></span> <span class='ocrx_word' id='word_1_757' title='bbox 2723 2727 2764 2784; x_wconf 86' lang='grc' dir='ltr'>ς]</span> <span class='ocrx_word' id='word_1_758' title='bbox 2794 2714 2808 2788; x_wconf 50' lang='lat' dir='ltr'>J</span> 
     </span>
     <span class='ocr_line' id='line_1_100' title="bbox 1519 2784 2794 2836; baseline 0.005 -10"><span class='ocrx_word' id='word_1_759' title='bbox 1519 2785 1634 2827; x_wconf 91' lang='lat' dir='ltr'>locus</span> <span class='ocrx_word' id='word_1_760' title='bbox 1657 2785 1739 2827; x_wconf 90' lang='lat' dir='ltr'>hoc</span> <span class='ocrx_word' id='word_1_761' title='bbox 1769 2794 1879 2827; x_wconf 84' lang='lat' dir='ltr'>certe</span> <span class='ocrx_word' id='word_1_762' title='bbox 1898 2785 2068 2826; x_wconf 87' lang='lat' dir='ltr'>nomine</span> <span class='ocrx_word' id='word_1_763' title='bbox 2101 2784 2267 2827; x_wconf 87' lang='lat' dir='ltr'>aliunde</span> <span class='ocrx_word' id='word_1_764' title='bbox 2294 2799 2379 2827; x_wconf 91' lang='lat' dir='ltr'>non</span> <span class='ocrx_word' id='word_1_765' title='bbox 2410 2793 2548 2828; x_wconf 87' lang='lat' dir='ltr'>notus.</span> <span class='ocrx_word' id='word_1_766' title='bbox 2570 2787 2767 2836; x_wconf 74' lang='lat' dir='ltr'>Mensura</span> <span class='ocrx_word' id='word_1_767' title='bbox 2792 2826 2794 2831; x_wconf 91' lang='lat'>.</span> 
     </span>
     <span class='ocr_line' id='line_1_101' title="bbox 1518 2845 2766 2903; baseline 0.003 -14"><span class='ocrx_word' id='word_1_768' title='bbox 1518 2847 1636 2890; x_wconf 89' lang='lat' dir='ltr'>ducit</span> <span class='ocrx_word' id='word_1_769' title='bbox 1647 2846 1700 2889; x_wconf 86' lang='lat' dir='ltr'>ad</span> <span class='ocrx_word' id='word_1_770' title='bbox 1715 2847 1806 2889; x_wconf 87' lang='lat' dir='ltr'>Sidi</span> <span class='ocrx_word' id='word_1_771' title='bbox 1820 2847 1912 2898; x_wconf 87' lang='lat' dir='ltr'>Ali,</span> <span class='ocrx_word' id='word_1_772' title='bbox 1930 2845 2044 2903; x_wconf 90' lang='lat' dir='ltr'>quod</span> <span class='ocrx_word' id='word_1_773' title='bbox 2063 2847 2275 2903; x_wconf 83' lang='lat' dir='ltr'>Smythius</span> <span class='ocrx_word' id='word_1_774' title='bbox 2295 2855 2428 2899; x_wconf 84' lang='lat' dir='ltr'>vocat,</span> <span class='ocrx_word' id='word_1_775' title='bbox 2447 2859 2766 2894; x_wconf 84' lang='lat' dir='ltr'>monumentum</span> 
     </span>
     <span class='ocr_line' id='line_1_102' title="bbox 1519 2908 2791 2967; baseline 0.001 -17"><span class='ocrx_word' id='word_1_776' title='bbox 1519 2909 1563 2950; x_wconf 91' lang='lat' dir='ltr'>in</span> <span class='ocrx_word' id='word_1_777' title='bbox 1584 2909 1686 2952; x_wconf 87' lang='lat' dir='ltr'>colle</span> <span class='ocrx_word' id='word_1_778' title='bbox 1704 2909 1857 2960; x_wconf 65' lang='lat' dir='ltr'>situm</span> <span class='ocrx_word' id='word_1_779' title='bbox 1880 2908 2007 2959; x_wconf 89' lang='lat' dir='ltr'>idem,</span> <span class='ocrx_word' id='word_1_780' title='bbox 2030 2916 2077 2951; x_wconf 92' lang='lat' dir='ltr'>ut</span> <span class='ocrx_word' id='word_1_781' title='bbox 2100 2908 2279 2960; x_wconf 85' lang='lat' dir='ltr'>videtur,</span> <span class='ocrx_word' id='word_1_782' title='bbox 2300 2924 2325 2951; x_wconf 88' lang='lat' dir='ltr'>a</span> <span class='ocrx_word' id='word_1_783' title='bbox 2346 2909 2516 2952; x_wconf 85' lang='lat' dir='ltr'>Barthio</span> <span class='ocrx_word' id='word_1_784' title='bbox 2539 2911 2766 2967; x_wconf 76' lang='lat' dir='ltr'>appellatur</span> <span class='ocrx_word' id='word_1_785' title='bbox 2790 2947 2791 2951; x_wconf 75' lang='grc'><strong>,</strong></span> 
     </span>
     <span class='ocr_line' id='line_1_103' title="bbox 1519 2969 2786 3029; baseline 0.003 -16"><span class='ocrx_word' id='word_1_786' title='bbox 1519 2971 1611 3013; x_wconf 84' lang='lat' dir='ltr'>Sidi</span> <span class='ocrx_word' id='word_1_787' title='bbox 1628 2969 1808 3020; x_wconf 67' lang='grc' dir='ltr'><strong>010αεὶ.</strong></span> <span class='ocrx_word' id='word_1_788' title='bbox 1830 2969 1946 3027; x_wconf 87' lang='lat' dir='ltr'>quod</span> <span class='ocrx_word' id='word_1_789' title='bbox 1970 2972 2100 3013; x_wconf 88' lang='lat' dir='ltr'>sancti</span> <span class='ocrx_word' id='word_1_790' title='bbox 2123 2972 2201 3013; x_wconf 88' lang='lat' dir='ltr'>viri</span> <span class='ocrx_word' id='word_1_791' title='bbox 2229 2971 2464 3029; x_wconf 86' lang='lat' dir='ltr'>sepulcrum</span> <span class='ocrx_word' id='word_1_792' title='bbox 2487 2971 2681 3016; x_wconf 76' lang='lat' dir='ltr'>inferiore</span> <span class='ocrx_word' id='word_1_793' title='bbox 2701 2974 2786 3018; x_wconf 86' lang='lat' dir='ltr'>sui·</span> 
     </span>
     <span class='ocr_line' id='line_1_104' title="bbox 1519 3031 2779 3089; baseline 0.003 -14"><span class='ocrx_word' id='word_1_794' title='bbox 1519 3043 1636 3089; x_wconf 85' lang='lat' dir='ltr'>parte</span> <span class='ocrx_word' id='word_1_795' title='bbox 1654 3034 1835 3089; x_wconf 66' lang='lat' dir='ltr'>antiquat</span> <span class='ocrx_word' id='word_1_796' title='bbox 1855 3043 1917 3076; x_wconf 87' lang='lat' dir='ltr'>est</span> <span class='ocrx_word' id='word_1_797' title='bbox 1939 3042 2174 3085; x_wconf 68' lang='lat' dir='ltr'>structurae,</span> <span class='ocrx_word' id='word_1_798' title='bbox 2197 3033 2301 3076; x_wconf 89' lang='lat' dir='ltr'>adeo</span> <span class='ocrx_word' id='word_1_799' title='bbox 2318 3043 2365 3077; x_wconf 90' lang='lat' dir='ltr'>ut</span> <span class='ocrx_word' id='word_1_800' title='bbox 2379 3034 2479 3077; x_wconf 89' lang='lat' dir='ltr'>olim</span> <span class='ocrx_word' id='word_1_801' title='bbox 2496 3035 2622 3078; x_wconf 79' lang='lat' dir='ltr'>turris</span> <span class='ocrx_word' id='word_1_802' title='bbox 2641 3031 2779 3080; x_wconf 51' lang='lat' dir='ltr'>fuisse¹</span> 
     </span>
     <span class='ocr_line' id='line_1_105' title="bbox 1521 3096 2764 3154; baseline 0.003 -17"><span class='ocrx_word' id='word_1_803' title='bbox 1521 3097 1666 3151; x_wconf 85' lang='lat' dir='ltr'>possit.</span> <span class='ocrx_word' id='word_1_804' title='bbox 1684 3097 1817 3138; x_wconf 88' lang='lat' dir='ltr'>Situm</span> <span class='ocrx_word' id='word_1_805' title='bbox 1831 3097 1872 3138; x_wconf 89' lang='lat' dir='ltr'>in</span> <span class='ocrx_word' id='word_1_806' title='bbox 1890 3096 1991 3139; x_wconf 91' lang='lat' dir='ltr'>colle</span> <span class='ocrx_word' id='word_1_807' title='bbox 2007 3097 2200 3153; x_wconf 86' lang='lat' dir='ltr'>abrupto,</span> <span class='ocrx_word' id='word_1_808' title='bbox 2214 3098 2287 3152; x_wconf 84' lang='lat' dir='ltr'>qui</span> <span class='ocrx_word' id='word_1_809' title='bbox 2306 3111 2435 3154; x_wconf 78' lang='lat' dir='ltr'>gypso</span> <span class='ocrx_word' id='word_1_810' title='bbox 2453 3105 2627 3140; x_wconf 84' lang='lat' dir='ltr'>constat.</span> <span class='ocrx_word' id='word_1_811' title='bbox 2648 3099 2764 3142; x_wconf 84' lang='lat' dir='ltr'>Eun·</span> 
     </span>
     <span class='ocr_line' id='line_1_106' title="bbox 1522 3158 2768 3217; baseline 0.005 -19"><span class='ocrx_word' id='word_1_812' title='bbox 1522 3158 1617 3199; x_wconf 84' lang='lat' dir='ltr'>dem</span> <span class='ocrx_word' id='word_1_813' title='bbox 1638 3158 1698 3199; x_wconf 83' lang='lat' dir='ltr'>vel</span> <span class='ocrx_word' id='word_1_814' title='bbox 1723 3159 1905 3200; x_wconf 82' lang='lat' dir='ltr'>vicinum</span> <span class='ocrx_word' id='word_1_815' title='bbox 1932 3158 1984 3201; x_wconf 88' lang='lat' dir='ltr'>ad</span> <span class='ocrx_word' id='word_1_816' title='bbox 2001 3159 2137 3201; x_wconf 90' lang='lat' dir='ltr'>locum</span> <span class='ocrx_word' id='word_1_817' title='bbox 2154 3160 2398 3215; x_wconf 76' lang='lat' dir='ltr'>pertinuerit</span> <span class='ocrx_word' id='word_1_818' title='bbox 2409 3159 2617 3217; x_wconf 78' lang='lat' dir='ltr'>Gypsaria</span> <span class='ocrx_word' id='word_1_819' title='bbox 2634 3162 2768 3205; x_wconf 76' lang='lat' dir='ltr'>caber-</span> 
     </span>
     <span class='ocr_line' id='line_1_107' title="bbox 1521 3220 2767 3276; baseline 0.006 -15"><span class='ocrx_word' id='word_1_820' title='bbox 1521 3236 1575 3261; x_wconf 84' lang='lat' dir='ltr'>na</span> <span class='ocrx_word' id='word_1_821' title='bbox 1591 3220 1759 3262; x_wconf 68' lang='lat' dir='ltr'>‘rabulae</span> <span class='ocrx_word' id='word_1_822' title='bbox 1775 3222 1982 3276; x_wconf 65' lang='lat' dir='ltr'>Peufing„</span> <span class='ocrx_word' id='word_1_823' title='bbox 2003 3223 2054 3263; x_wconf 91' lang='grc'>33</span> <span class='ocrx_word' id='word_1_824' title='bbox 2082 3221 2207 3263; x_wconf 85' lang='lat' dir='ltr'>millia</span> <span class='ocrx_word' id='word_1_825' title='bbox 2227 3235 2298 3263; x_wconf 89' lang='lat' dir='ltr'>seu</span> <span class='ocrx_word' id='word_1_826' title='bbox 2314 3225 2394 3272; x_wconf 88' lang='grc'><strong>264</strong></span> <span class='ocrx_word' id='word_1_827' title='bbox 2414 3221 2544 3265; x_wconf 83' lang='lat' dir='ltr'>stadia</span> <span class='ocrx_word' id='word_1_828' title='bbox 2558 3238 2583 3266; x_wconf 89' lang='lat' dir='ltr'>a</span> <span class='ocrx_word' id='word_1_829' title='bbox 2596 3224 2767 3272; x_wconf 76' lang='lat' dir='ltr'>Sabrata</span> 
     </span>
     <span class='ocr_line' id='line_1_108' title="bbox 1521 3282 2774 3341; baseline 0.006 -18"><span class='ocrx_word' id='word_1_830' title='bbox 1521 3282 1693 3324; x_wconf 83' lang='lat' dir='ltr'>distans.</span> <span class='ocrx_word' id='word_1_831' title='bbox 1714 3284 1906 3323; x_wconf 86' lang='lat' dir='ltr'>Ceterum</span> <span class='ocrx_word' id='word_1_832' title='bbox 1928 3282 2153 3339; x_wconf 83' lang='lat' dir='ltr'>probabilis</span> <span class='ocrx_word' id='word_1_833' title='bbox 2172 3291 2232 3325; x_wconf 71' lang='lat' dir='ltr'>ent</span> <span class='ocrx_word' id='word_1_834' title='bbox 2250 3283 2406 3326; x_wconf 82' lang='lat' dir='ltr'>Bartbii</span> <span class='ocrx_word' id='word_1_835' title='bbox 2426 3298 2471 3341; x_wconf 89' lang='lat' dir='ltr'>p.</span> <span class='ocrx_word' id='word_1_836' title='bbox 2496 3286 2577 3329; x_wconf 90' lang='grc'>288</span> <span class='ocrx_word' id='word_1_837' title='bbox 2598 3294 2774 3338; x_wconf 63' lang='lat' dir='ltr'>sentem</span> 
     </span>
     <span class='ocr_line' id='line_1_109' title="bbox 1522 3344 2783 3403; baseline 0.006 -19"><span class='ocrx_word' id='word_1_838' title='bbox 1522 3345 1575 3385; x_wconf 88' lang='lat' dir='ltr'>tia</span> <span class='ocrx_word' id='word_1_839' title='bbox 1596 3346 1655 3385; x_wconf 88' lang='grc' dir='ltr'>Λο</span> <span class='ocrx_word' id='word_1_840' title='bbox 1667 3360 1689 3384; x_wconf 75' lang='grc' dir='ltr'><strong>ι</strong></span> <span class='ocrx_word' id='word_1_841' title='bbox 1697 3359 1717 3400; x_wconf 88' lang='grc' dir='ltr'>ρ</span> <span class='ocrx_word' id='word_1_842' title='bbox 1730 3344 1779 3384; x_wconf 79' lang='grc' dir='ltr'>ο(</span> <span class='ocrx_word' id='word_1_843' title='bbox 1801 3359 1953 3386; x_wconf 88' lang='lat' dir='ltr'>nomen</span> <span class='ocrx_word' id='word_1_844' title='bbox 1975 3360 1998 3386; x_wconf 91' lang='lat' dir='ltr'>e</span> <span class='ocrx_word' id='word_1_845' title='bbox 2012 3346 2165 3401; x_wconf 88' lang='lat' dir='ltr'>punico</span> <span class='ocrx_word' id='word_1_846' title='bbox 2185 3360 2208 3387; x_wconf 85' lang='lat' dir='ltr'>a</span> <span class='ocrx_word' id='word_1_847' title='bbox 2229 3346 2384 3388; x_wconf 80' lang='lat' dir='ltr'>Graecis</span> <span class='ocrx_word' id='word_1_848' title='bbox 2400 3354 2644 3403; x_wconf 83' lang='lat' dir='ltr'>corruptum</span> <span class='ocrx_word' id='word_1_849' title='bbox 2658 3361 2761 3402; x_wconf 63' lang='lat' dir='ltr'>uae,</span> <span class='ocrx_word' id='word_1_850' title='bbox 2778 3371 2783 3375; x_wconf 13' lang='grc' dir='ltr'>ἃ</span> 
     </span>
     <span class='ocr_line' id='line_1_110' title="bbox 1523 3406 2779 3468; baseline 0.005 -21"><span class='ocrx_word' id='word_1_851' title='bbox 1523 3406 1700 3463; x_wconf 85' lang='lat' dir='ltr'>indeque</span> <span class='ocrx_word' id='word_1_852' title='bbox 1742 3406 1879 3449; x_wconf 80' lang='lat' dir='ltr'>fictam</span> <span class='ocrx_word' id='word_1_853' title='bbox 1917 3406 2095 3449; x_wconf 76' lang='lat' dir='ltr'>fabulam</span> <span class='ocrx_word' id='word_1_854' title='bbox 2108 3439 2120 3459; x_wconf 89' lang='lat'>,</span> <span class='ocrx_word' id='word_1_855' title='bbox 2151 3421 2234 3463; x_wconf 85' lang='lat' dir='ltr'>qua</span> <span class='ocrx_word' id='word_1_856' title='bbox 2264 3407 2387 3450; x_wconf 83' lang='lat' dir='ltr'>Locri</span> <span class='ocrx_word' id='word_1_857' title='bbox 2418 3408 2555 3452; x_wconf 74' lang='lat' dir='ltr'>Ozolae</span> <span class='ocrx_word' id='word_1_858' title='bbox 2590 3424 2614 3452; x_wconf 91' lang='lat' dir='ltr'>e</span> <span class='ocrx_word' id='word_1_859' title='bbox 2638 3408 2786 3468; x_wconf 67' lang='lat' dir='ltr'>TroJaj</span> 
     </span>
     <span class='ocr_line' id='line_1_111' title="bbox 1523 3467 2787 3528; baseline 0.004 -19"><span class='ocrx_word' id='word_1_860' title='bbox 1523 3467 1741 3509; x_wconf 81' lang='lat' dir='ltr'>redeuntes</span> <span class='ocrx_word' id='word_1_861' title='bbox 1758 3477 1799 3510; x_wconf 89' lang='lat' dir='ltr'>et</span> <span class='ocrx_word' id='word_1_862' title='bbox 1816 3470 1857 3510; x_wconf 88' lang='lat' dir='ltr'>in</span> <span class='ocrx_word' id='word_1_863' title='bbox 1877 3468 2050 3526; x_wconf 83' lang='lat' dir='ltr'>Libyam</span> <span class='ocrx_word' id='word_1_864' title='bbox 2079 3469 2202 3512; x_wconf 84' lang='lat' dir='ltr'>delati</span> <span class='ocrx_word' id='word_1_865' title='bbox 2223 3485 2306 3511; x_wconf 90' lang='lat' dir='ltr'>non</span> <span class='ocrx_word' id='word_1_866' title='bbox 2322 3470 2467 3527; x_wconf 88' lang='lat' dir='ltr'>procul</span> <span class='ocrx_word' id='word_1_867' title='bbox 2488 3486 2513 3514; x_wconf 84' lang='lat' dir='ltr'>a</span> <span class='ocrx_word' id='word_1_868' title='bbox 2527 3472 2634 3528; x_wconf 83' lang='lat' dir='ltr'>Syrti</span> <span class='ocrx_word' id='word_1_869' title='bbox 2649 3471 2787 3516; x_wconf 59' lang='lat' dir='ltr'>seda</span> 
     </span>
     <span class='ocr_line' id='line_1_112' title="bbox 1524 3529 2787 3591; baseline 0.006 -20"><span class='ocrx_word' id='word_1_870' title='bbox 1524 3530 1659 3571; x_wconf 81' lang='lat' dir='ltr'>fixisse</span> <span class='ocrx_word' id='word_1_871' title='bbox 1673 3529 1895 3572; x_wconf 87' lang='lat' dir='ltr'>traduntur</span> <span class='ocrx_word' id='word_1_872' title='bbox 1909 3532 2075 3586; x_wconf 72' lang='lat' dir='ltr'>(Vin-gil.</span> <span class='ocrx_word' id='word_1_873' title='bbox 2092 3532 2183 3575; x_wconf 79' lang='lat' dir='ltr'>AEn.</span> <span class='ocrx_word' id='word_1_874' title='bbox 2204 3533 2281 3582; x_wconf 80' lang='lat' dir='ltr'>xl.</span> <span class='ocrx_word' id='word_1_875' title='bbox 2297 3534 2376 3575; x_wconf 88' lang='grc'>265</span> <span class='ocrx_word' id='word_1_876' title='bbox 2393 3532 2533 3590; x_wconf 87' lang='lat' dir='ltr'>ibique</span> <span class='ocrx_word' id='word_1_877' title='bbox 2548 3535 2714 3577; x_wconf 81' lang='lat' dir='ltr'>Servius</span> <span class='ocrx_word' id='word_1_878' title='bbox 2726 3538 2761 3591; x_wconf 83' lang='lat'>).</span> <span class='ocrx_word' id='word_1_879' title='bbox 2775 3570 2787 3583; x_wconf 19' lang='lat'>2⁷</span> 
     </span>
     <span class='ocr_line' id='line_1_113' title="bbox 1579 3593 2806 3655; baseline 0.003 -20"><span class='ocrx_word' id='word_1_880' title='bbox 1579 3596 1601 3645; x_wconf 76' lang='lat' dir='ltr'>S</span> <span class='ocrx_word' id='word_1_881' title='bbox 1628 3597 1721 3636; x_wconf 82' lang='lat'>101.</span> <span class='ocrx_word' id='word_1_882' title='bbox 1748 3593 1774 3633; x_wconf 85' lang='lat' dir='ltr'>Z</span> <span class='ocrx_word' id='word_1_883' title='bbox 1789 3593 1999 3650; x_wconf 76' lang='grc' dir='ltr'>εὖχαριν</span> <span class='ocrx_word' id='word_1_884' title='bbox 2022 3596 2038 3651; x_wconf 91' lang='grc'>]</span> <span class='ocrx_word' id='word_1_885' title='bbox 2059 3594 2197 3650; x_wconf 75' lang='grc' dir='ltr'>Ζοῦχις</span> <span class='ocrx_word' id='word_1_886' title='bbox 2230 3603 2401 3636; x_wconf 78' lang='lat' dir='ltr'>vocatur</span> <span class='ocrx_word' id='word_1_887' title='bbox 2431 3609 2499 3655; x_wconf 83' lang='lat' dir='ltr'>ap.</span> <span class='ocrx_word' id='word_1_888' title='bbox 2520 3595 2751 3640; x_wconf 78' lang='lat' dir='ltr'>Strabone</span> <span class='ocrx_word' id='word_1_889' title='bbox 2767 3607 2778 3626; x_wconf 40' lang='lat'>³*</span> <span class='ocrx_word' id='word_1_890' title='bbox 2794 3603 2806 3654; x_wconf 22' lang='grc' dir='ltr'>μ’</span> 
     </span>
     <span class='ocr_line' id='line_1_114' title="bbox 1521 3655 2803 3715; baseline 0.004 -20"><span class='ocrx_word' id='word_1_891' title='bbox 1521 3669 1563 3710; x_wconf 93' lang='lat' dir='ltr'>p.</span> <span class='ocrx_word' id='word_1_892' title='bbox 1605 3656 1709 3704; x_wconf 66' lang='lat'>8343</span> <span class='ocrx_word' id='word_1_893' title='bbox 1738 3655 1880 3710; x_wconf 76' lang='grc' dir='ltr'>Ξοῦχις</span> <span class='ocrx_word' id='word_1_894' title='bbox 1910 3657 1952 3697; x_wconf 88' lang='lat' dir='ltr'>in</span> <span class='ocrx_word' id='word_1_895' title='bbox 1975 3657 2167 3712; x_wconf 84' lang='lat' dir='ltr'>Epitome</span> <span class='ocrx_word' id='word_1_896' title='bbox 2188 3655 2441 3699; x_wconf 80' lang='lat' dir='ltr'>Artemidori</span> <span class='ocrx_word' id='word_1_897' title='bbox 2474 3671 2541 3714; x_wconf 78' lang='lat' dir='ltr'>ap.</span> <span class='ocrx_word' id='word_1_898' title='bbox 2574 3659 2634 3700; x_wconf 89' lang='lat' dir='ltr'>St.</span> <span class='ocrx_word' id='word_1_899' title='bbox 2664 3656 2781 3715; x_wconf 49' lang='lat' dir='ltr'>Byr-f</span> <span class='ocrx_word' id='word_1_900' title='bbox 2800 3676 2803 3695; x_wconf 68' lang='grc' dir='ltr'>κ</span> 
     </span>
     <span class='ocr_line' id='line_1_115' title="bbox 1521 3719 2764 3776; baseline 0.001 -17"><span class='ocrx_word' id='word_1_901' title='bbox 1521 3734 1555 3759; x_wconf 79' lang='lat' dir='ltr'>s.</span> <span class='ocrx_word' id='word_1_902' title='bbox 1572 3733 1630 3769; x_wconf 84' lang='lat' dir='ltr'>v.;</span> <span class='ocrx_word' id='word_1_903' title='bbox 1644 3719 1919 3770; x_wconf 63' lang='lat' dir='ltr'>Xoutklocus,</span> <span class='ocrx_word' id='word_1_904' title='bbox 1936 3734 2060 3776; x_wconf 90' lang='lat' dir='ltr'>quem</span> <span class='ocrx_word' id='word_1_905' title='bbox 2081 3721 2123 3762; x_wconf 90' lang='lat' dir='ltr'>in</span> <span class='ocrx_word' id='word_1_906' title='bbox 2143 3719 2453 3762; x_wconf 83' lang='lat' dir='ltr'>mediterraneis</span> <span class='ocrx_word' id='word_1_907' title='bbox 2470 3721 2544 3776; x_wconf 84' lang='lat'>39⁰</span> <span class='ocrx_word' id='word_1_908' title='bbox 2564 3721 2684 3765; x_wconf 87' lang='grc'><strong>30101</strong></span> <span class='ocrx_word' id='word_1_909' title='bbox 2711 3741 2720 3770; x_wconf 69' lang='lat'>⁸.</span> <span class='ocrx_word' id='word_1_910' title='bbox 2752 3719 2764 3760; x_wconf 71' lang='grc'>’.</span> 
     </span>
     <span class='ocr_line' id='line_1_116' title="bbox 1523 3780 2798 3833; baseline 0.003 -13"><span class='ocrx_word' id='word_1_911' title='bbox 1523 3781 1677 3822; x_wconf 77' lang='lat' dir='ltr'>30⁰1at.</span> <span class='ocrx_word' id='word_1_912' title='bbox 1699 3781 1941 3823; x_wconf 69' lang='lat' dir='ltr'>Ptolemaeus</span> <span class='ocrx_word' id='word_1_913' title='bbox 1956 3790 2173 3833; x_wconf 86' lang='lat' dir='ltr'>memorat,</span> <span class='ocrx_word' id='word_1_914' title='bbox 2190 3780 2242 3823; x_wconf 86' lang='lat' dir='ltr'>ad</span> <span class='ocrx_word' id='word_1_915' title='bbox 2263 3790 2449 3823; x_wconf 86' lang='lat' dir='ltr'>nostrum</span> <span class='ocrx_word' id='word_1_916' title='bbox 2462 3781 2597 3824; x_wconf 89' lang='lat' dir='ltr'>locum</span> <span class='ocrx_word' id='word_1_917' title='bbox 2618 3781 2703 3824; x_wconf 74' lang='lat' dir='ltr'>mse</span> <span class='ocrx_word' id='word_1_918' title='bbox 2738 3797 2763 3807; x_wconf 59' lang='lat'>=·</span> <span class='ocrx_word' id='word_1_919' title='bbox 2791 3797 2798 3805; x_wconf 45' lang='lat'>&#39;¹</span> 
     </span>
     <span class='ocr_line' id='line_1_117' title="bbox 1521 3842 2799 3897; baseline 0.002 -15"><span class='ocrx_word' id='word_1_920' title='bbox 1521 3844 1680 3897; x_wconf 83' lang='lat' dir='ltr'>nequit,</span> <span class='ocrx_word' id='word_1_921' title='bbox 1707 3845 1783 3885; x_wconf 83' lang='lat' dir='ltr'>nisi</span> <span class='ocrx_word' id='word_1_922' title='bbox 1813 3844 1964 3885; x_wconf 84' lang='lat' dir='ltr'>mirum</span> <span class='ocrx_word' id='word_1_923' title='bbox 2001 3844 2042 3885; x_wconf 90' lang='lat' dir='ltr'>in</span> <span class='ocrx_word' id='word_1_924' title='bbox 2071 3842 2243 3886; x_wconf 90' lang='lat' dir='ltr'>modum</span> <span class='ocrx_word' id='word_1_925' title='bbox 2263 3858 2418 3885; x_wconf 76' lang='lat' dir='ltr'>errasse</span> <span class='ocrx_word' id='word_1_926' title='bbox 2447 3851 2657 3886; x_wconf 82' lang='lat' dir='ltr'>auctorem</span> <span class='ocrx_word' id='word_1_927' title='bbox 2680 3857 2717 3885; x_wconf 83' lang='lat' dir='ltr'>s</span> <span class='ocrx_word' id='word_1_928' title='bbox 2743 3889 2747 3892; x_wconf 57' lang='grc'><strong>,</strong></span> <span class='ocrx_word' id='word_1_929' title='bbox 2798 3851 2799 3854; x_wconf 76' lang='grc'>’</span> 
     </span>
     <span class='ocr_line' id='line_1_118' title="bbox 1522 3904 2801 3967; baseline 0.001 -21"><span class='ocrx_word' id='word_1_930' title='bbox 1522 3907 1662 3947; x_wconf 78' lang='lat' dir='ltr'>tueris.</span> <span class='ocrx_word' id='word_1_931' title='bbox 1685 3907 1867 3962; x_wconf 71' lang='grc' dir='ltr'>Ζεΰχαρις</span> <span class='ocrx_word' id='word_1_932' title='bbox 1889 3906 2155 3949; x_wconf 85' lang='lat' dir='ltr'>dcindustria</span> <span class='ocrx_word' id='word_1_933' title='bbox 2171 3906 2400 3950; x_wconf 86' lang='lat' dir='ltr'>incolarum</span> <span class='ocrx_word' id='word_1_934' title='bbox 2416 3906 2620 3962; x_wconf 73' lang='grc' dir='ltr'>Ταριχεῗαι</span> <span class='ocrx_word' id='word_1_935' title='bbox 2707 3904 2741 3966; x_wconf 12' lang='grc' dir='ltr'>’Ἴ</span> <span class='ocrx_word' id='word_1_936' title='bbox 2800 3963 2801 3967; x_wconf 12' lang='lat'>¹</span> 
     </span>
     <span class='ocr_line' id='line_1_119' title="bbox 1521 3968 2762 4025; baseline 0.004 -17"><span class='ocrx_word' id='word_1_937' title='bbox 1521 3976 1587 4009; x_wconf 85' lang='lat' dir='ltr'>tur</span> <span class='ocrx_word' id='word_1_938' title='bbox 1608 3969 1718 4023; x_wconf 76' lang='lat' dir='ltr'>apud</span> <span class='ocrx_word' id='word_1_939' title='bbox 1738 3971 1807 4025; x_wconf 64' lang='lat' dir='ltr'>Sc&gt;</span> <span class='ocrx_word' id='word_1_940' title='bbox 1818 3970 1942 4010; x_wconf 80' lang='lat' dir='ltr'>lacem</span> <span class='ocrx_word' id='word_1_941' title='bbox 1958 3983 2001 4024; x_wconf 87' lang='lat' dir='ltr'>p.</span> <span class='ocrx_word' id='word_1_942' title='bbox 2027 3972 2080 4011; x_wconf 88' lang='lat'>86</span> <span class='ocrx_word' id='word_1_943' title='bbox 2095 4000 2107 4020; x_wconf 86' lang='lat'>,</span> <span class='ocrx_word' id='word_1_944' title='bbox 2129 3968 2200 4010; x_wconf 89' lang='lat' dir='ltr'>ubi</span> <span class='ocrx_word' id='word_1_945' title='bbox 2225 3968 2318 4010; x_wconf 73' lang='lat' dir='ltr'>vide</span> <span class='ocrx_word' id='word_1_946' title='bbox 2333 3976 2421 4010; x_wconf 79' lang='lat' dir='ltr'>not.</span> <span class='ocrx_word' id='word_1_947' title='bbox 2445 3969 2554 4010; x_wconf 79' lang='lat' dir='ltr'>Situs</span> <span class='ocrx_word' id='word_1_948' title='bbox 2575 3969 2703 4011; x_wconf 76' lang='lat' dir='ltr'>locus,</span> <span class='ocrx_word' id='word_1_949' title='bbox 2757 3989 2762 4013; x_wconf 70' lang='grc' dir='ltr'>ε</span> 
     </span>
     <span class='ocr_line' id='line_1_120' title="bbox 1519 4027 2800 4085; baseline 0.004 -16"><span class='ocrx_word' id='word_1_950' title='bbox 1519 4029 1855 4085; x_wconf 70' lang='grc' dir='ltr'>λιμνοθάλασσαν,</span> <span class='ocrx_word' id='word_1_951' title='bbox 1868 4030 2019 4073; x_wconf 77' lang='lat' dir='ltr'>Srbdcle</span> <span class='ocrx_word' id='word_1_952' title='bbox 2037 4030 2076 4072; x_wconf 82' lang='lat' dir='ltr'>e!</span> <span class='ocrx_word' id='word_1_953' title='bbox 2093 4030 2218 4073; x_wconf 77' lang='lat' dir='ltr'>Kelab</span> <span class='ocrx_word' id='word_1_954' title='bbox 2237 4030 2300 4072; x_wconf 77' lang='lat' dir='ltr'>vel</span> <span class='ocrx_word' id='word_1_955' title='bbox 2318 4031 2411 4072; x_wconf 73' lang='lat' dir='ltr'>Dan</span> <span class='ocrx_word' id='word_1_956' title='bbox 2424 4030 2535 4073; x_wconf 85' lang='lat' dir='ltr'>Hasi</span> <span class='ocrx_word' id='word_1_957' title='bbox 2543 4045 2584 4073; x_wconf 81' lang='lat' dir='ltr'>es</span> <span class='ocrx_word' id='word_1_958' title='bbox 2595 4027 2767 4074; x_wconf 66' lang='lat' dir='ltr'>sultam.</span> <span class='ocrx_word' id='word_1_959' title='bbox 2787 4027 2800 4052; x_wconf 59' lang='grc'>’-</span> 
     </span>
    </p>
   </div>
   <div class='ocr_carea' id='block_1_14' title="bbox 2639 2787 2808 4342">
    <p class='ocr_par' dir='ltr' id='par_1_17' title="bbox 2639 2787 2808 4342">
     <span class='ocr_line' id='line_1_121' title="bbox 2775 2787 2808 2996; baseline 0 -64"><span class='ocrx_word' id='word_1_960' title='bbox 2775 2787 2808 2996; x_wconf 95' lang='lat' dir='ltr'>   </span> 
     </span>
     <span class='ocr_line' id='line_1_122' title="bbox 2772 2996 2808 3059; baseline 0 1283"><span class='ocrx_word' id='word_1_961' title='bbox 2772 2996 2808 3059; x_wconf 95' lang='lat' dir='ltr'> </span> 
     </span>
     <span class='ocr_line' id='line_1_123' title="bbox 2772 3059 2808 3117; baseline 0 1225"><span class='ocrx_word' id='word_1_962' title='bbox 2772 3059 2808 3117; x_wconf 95' lang='lat' dir='ltr'> </span> 
     </span>
     <span class='ocr_line' id='line_1_124' title="bbox 2772 3117 2808 3183; baseline 0 1159"><span class='ocrx_word' id='word_1_963' title='bbox 2772 3117 2808 3183; x_wconf 95' lang='lat' dir='ltr'> </span> 
     </span>
     <span class='ocr_line' id='line_1_125' title="bbox 2771 3183 2808 3246; baseline 0 1096"><span class='ocrx_word' id='word_1_964' title='bbox 2771 3183 2808 3246; x_wconf 95' lang='lat' dir='ltr'> </span> 
     </span>
     <span class='ocr_line' id='line_1_126' title="bbox 2767 3246 2808 3304; baseline 0 1038"><span class='ocrx_word' id='word_1_965' title='bbox 2767 3246 2808 3304; x_wconf 95' lang='lat' dir='ltr'> </span> 
     </span>
     <span class='ocr_line' id='line_1_127' title="bbox 2767 3304 2808 3370; baseline 0 972"><span class='ocrx_word' id='word_1_966' title='bbox 2767 3304 2808 3370; x_wconf 95' lang='lat' dir='ltr'> </span> 
     </span>
     <span class='ocr_line' id='line_1_128' title="bbox 2767 3370 2808 3432; baseline 0 910"><span class='ocrx_word' id='word_1_967' title='bbox 2767 3370 2808 3432; x_wconf 95' lang='lat' dir='ltr'> </span> 
     </span>
     <span class='ocr_line' id='line_1_129' title="bbox 2768 3432 2808 3491; baseline 0 851"><span class='ocrx_word' id='word_1_968' title='bbox 2768 3432 2808 3491; x_wconf 95' lang='lat' dir='ltr'> </span> 
     </span>
     <span class='ocr_line' id='line_1_130' title="bbox 2769 3491 2808 3558; baseline 0 784"><span class='ocrx_word' id='word_1_969' title='bbox 2769 3491 2808 3558; x_wconf 95' lang='lat' dir='ltr'> </span> 
     </span>
     <span class='ocr_line' id='line_1_131' title="bbox 2761 3558 2808 3622; baseline 0 720"><span class='ocrx_word' id='word_1_970' title='bbox 2761 3558 2808 3622; x_wconf 95' lang='lat' dir='ltr'> </span> 
     </span>
     <span class='ocr_line' id='line_1_132' title="bbox 2764 3622 2808 3686; baseline 0 656"><span class='ocrx_word' id='word_1_971' title='bbox 2764 3622 2808 3686; x_wconf 95' lang='lat' dir='ltr'> </span> 
     </span>
     <span class='ocr_line' id='line_1_133' title="bbox 2703 3686 2808 3859; baseline 0 -55"><span class='ocrx_word' id='word_1_972' title='bbox 2703 3686 2808 3859; x_wconf 95' lang='lat' dir='ltr'>   </span> 
     </span>
     <span class='ocr_line' id='line_1_134' title="bbox 2639 3859 2808 4053; baseline 0 -113"><span class='ocrx_word' id='word_1_973' title='bbox 2639 3859 2808 4053; x_wconf 95' lang='lat' dir='ltr'>    </span> 
     </span>
     <span class='ocr_line' id='line_1_135' title="bbox 2751 4053 2803 4342; baseline 0 -228"><span class='ocrx_word' id='word_1_974' title='bbox 2751 4053 2803 4342; x_wconf 95' lang='lat' dir='ltr'>  </span> 
     </span>
    </p>
   </div>
  </div>
 </body>
</html>
