2808 4342
937 169 1318 242 srAnlASMus
1351 195 1545 242 MAms
1580 194 1800 243 MAGNI.

101 305 219 352 πελοί
248 306 360 348 εἶσιν·
385 299 463 345 υπὸ
488 300 652 352 τούτους
684 298 771 345 ἐστὶ
794 305 1008 360 φορτηγοῖς
1033 299 1324 379 ἀγκυροὸολία.

164 384 216 413 26.
250 363 347 411 Ἀπὸ
372 364 482 424 [τῶν
506 361 800 424 Ἱυνδαρείων]
822 361 1075 406 σκοπέλων’
1057 361 1125 407 επὶ
1145 363 1191 407 τὸ
1214 364 1327 409 Χαυ-

103 438 214 479 ταῒον
241 432 398 478 στάδιοι
421 430 502 493 ρ’μ·
524 430 703 515 υφορμός
729 432 814 475 ἐστι
845 430 1000 482 π)οίοις
1020 434 1190 492 μικροῖς·
1222 430 1329 494 ὕδωρ

101 503 186 564 ἔχει
203 502 378 560 πηγαῖον
397 498 571 544 ἀνακτὸν
594 501 635 543 ἐν
655 505 736 550 τοῖς
752 501 904 558 ἀγροῖς.

161 587 216 618 27.
255 569 353 614 Ἀπὸ
376 573 448 613 τοῦ
471 567 721 615 Χαυταίου’
704 567 771 614 επὶ
791 566 951 629 Ζυγρὰς
972 567 1127 612 στάδιοι
1149 570 1216 630 ρμ’
1223 605 1234 615 .

162 656 216 685 28.
251 638 350 683 Ἀπὸ
371 640 540 698 Ζυγρῶν
565 638 619 685 εἷς
639 635 947 721 ΞΕννησύφοραν
964 635 1119 681 στάδιοι
1139 640 1191 684 (2¹-
1216 637 1332 699 {5:909-

100 708 173 765 μός
197 710 282 752 ἐστι
313 705 472 768 θερινός·
497 703 655 765 ὕδωρν
634 722 719 766 εχει
747 706 787 749 ἐν
818 707 867 765 τῇ
894 703 1043 767 ἅμμῳ,
1066 705 1137 749 καὶ
1171 706 1236 751 ἐπὶ
1261 711 1332 751 θα-

96 777 254 833 ὶάσσης
271 775 484 821 σκόπελον.

161 862 218 891 29.
250 843 350 890 Ἀπὸ
367 842 675 904 Ἐννησυφόρας
695 843 748 893 εἷς
776 841 1057 901 Καταὸαθμὸν
1079 843 1236 889 στάδιοι
1258 845 1332 907 ρκ’·

2540 209 2637 249 437

1400 313 1518 357 sunt;
1557 305 1635 346 sub
1658 306 1707 346 iis
1731 306 1929 346 onerariis
1958 306 2130 347 navibus
2167 321 2335 348 ancoras
2358 307 2494 362 jacere
2525 310 2633 353 licet.

1457 376 1526 414 26.
1558 374 1595 413 Α
1619 373 1837 428 Tyndariis
1854 373 2030 429 scopulis
2048 373 2101 414 ad
2119 374 2360 416 Chautaeum
2381 376 2512 418 stadia
2531 382 2631 427 140·
2621 411 2632 430 ,

1401 439 1477 480 sub
1496 454 1545 480 eo
1561 441 1680 481 statio
1695 442 1865 495 navigiis
1885 442 2042 497 parvis3
2060 456 2209 511 aquam
2232 443 2369 494 habet,
2395 459 2486 499 quae
2501 460 2523 487 e
2546 446 2636 488 son·

1374 507 1511 547 tibus
1533 509 1721 562 provenit
1736 508 1779 549 in
1804 510 1925 563 agris.

1458 588 1526 629 27.
1559 578 1594 616 A
1616 567 1808 617 Chautaeo
1837 576 1889 617 ad
1910 579 2059 632 Zygras
2080 577 2210 619 stadia
2234 582 2324 628 140.

1458 645 1527 684 28.
1556 646 1592 684 A
1614 645 1755 698 Zygris
1773 645 1825 685 ad
1857 647 2195 701 Ennesyphoram
2214 646 2344 689 stadia
2363 661 2444 690 210
2476 647 2576 705 (σιῬ
2590 653 2632 704 )·
2621 683 2632 701 ,

1404 710 1482 750 sub
1502 725 1549 750 ea
1566 713 1684 751 statio
1709 713 1865 763 aestiva;
1891 728 2038 768 aquam
2069 715 2181 755 locus
2208 716 2363 757 habet
2352 731 2395 757 1n
2417 719 2576 769 arenis,
2595 728 2637 760 et

1405 776 1457 817 ad
1476 792 1589 818 mare
1611 780 1843 834 scopulum.

1423 851 1426 853 ’
1460 859 1529 900 29.
1562 848 1626 889 Ab
1648 850 1943 904 Ennesyphora
1974 850 2026 891 ad
2059 853 2372 895 Catabathmum
2394 855 2525 897 stadia
2554 857 2636 900 250

119 936 2632 957 Ἥ

97 978 275 1017 minores
299 976 315 1029 (
331 974 524 1016 Ichailah
550 974 680 1016 Rocks
694 974 726 1030 ).
751 977 882 1016 Porro
901 975 1047 1016 Strabo
1068 976 1206 1031 λιμένα
1221 978 1333 1017 insu-

97 1040 144 1079 lis
169 1037 373 1088 vindicat;
409 1036 524 1092 quod
553 1038 585 1077 si
620 1047 729 1078 recte
763 1037 932 1088 dicitur,
957 1037 1075 1094 λιμὴν
1113 1054 1193 1079 vox
1215 1055 1336 1080 sensu

93 1101 251 1141 laxiore
266 1099 502 1149 adhibetur,
528 1108 574 1140 ut
589 1100 740 1154 passim
760 1099 871 1154 apud
896 1101 1140 1142 Strabonem
1151 1110 1192 1141 et
1205 1102 1337 1142 Ptole-

92 1177 263 1204 vniseum.
286 1164 400 1203 Fort.
429 1170 567 1202 tamen
594 1162 662 1202 hic
695 1176 862 1216 quoque
890 1171 1035 1217 portus
1063 1163 1116 1204 ad
1134 1162 1334 1217 objectam

89 1241 212 1267 oram
231 1224 390 1282 (prope
413 1228 479 1265 En
509 1224 680 1265 nalcilah
699 1224 762 1265 vel
775 1223 828 1264 ad
851 1225 1110 1279 Khayabah)
1139 1226 1333 1280 pertinet.

96 1291 145 1329 In
161 1290 377 1329 Itinerario
398 1301 440 1343 p.
474 1288 525 1342 73
549 1296 643 1342 post
675 1287 938 1328 Tanabrasta
962 1286 1027 1342 (v.
1051 1290 1073 1340 5
1093 1290 1171 1341 22)
1201 1289 1336 1342 sequi-

96 1360 165 1392 tur
194 1351 364 1392 Aristeu
391 1352 568 1403 (Arata
602 1350 645 1389 in
667 1351 720 1391 T.
751 1351 868 1390 Peut.
894 1351 910 1402 )
934 1351 1093 1390 mansio
1126 1351 1336 1392 intervallo

97 1413 272 1453 millium
310 1413 362 1453 32
399 1413 471 1464 (26
493 1411 598 1453 Tab.
627 1411 695 1467 P.)
725 1412 809 1452 sive
840 1411 1068 1454 stadiorum
1106 1413 1208 1462 2563
1246 1427 1337 1468 quae

98 1490 229 1529 quum
252 1472 530 1529 respondeant
554 1472 696 1513 stadiis
713 1477 795 1522 240
817 1474 868 1514 ab
887 1474 1140 1530 AEnesipasta
1161 1474 1213 1515 ad
1226 1477 1338 1531 Tyn-

97 1537 236 1578 darios
271 1535 485 1590 scopulos,
528 1535 716 1589 suspicor
748 1536 861 1576 hunc
901 1551 1067 1591 quoque
1106 1537 1244 1577 locum
1285 1537 1337 1578 de

95 1598 265 1654 objectis
286 1597 464 1652 scopulis
487 1597 658 1637 traxisse
677 1611 845 1657 nomen,
864 1607 903 1638 et
918 1599 1070 1639 Aris-ta
1094 1608 1336 1654 corruptum

95 1675 183 1702 esse
201 1676 252 1702 ex
273 1660 430 1708 Duria,
468 1660 587 1700 sicuti
619 1673 686 1714 ap.
725 1659 922 1699 Nostrum
959 1668 1019 1700 est
1039 1660 1220 1714 Δαρείου,
1246 1675 1337 1715 quae

97 1723 266 1778 quidem
283 1723 496 1778 corruptio
516 1722 611 1762 sor.t
634 1735 720 1761 non
740 1729 800 1761 est
818 1721 1009 1770 librariis,
1033 1722 1104 1762 sed
1125 1722 1254 1776 plebis
1274 1724 1336 1763 o1i

98 1785 331 1826 tribuenda.
366 1787 403 1826 A
431 1784 662 1825 Paraetonio
687 1782 740 1823 ad
761 1782 993 1838 Tyndarios
1029 1784 1218 1839 scopulos
1251 1800 1332 1826 sec.

96 1848 304 1903 Scylacem
326 1855 386 1887 est
400 1846 519 1894 πλοῦς
541 1845 681 1901 ὴμέρας
705 1845 806 1899 (450
828 1845 933 1887 stad.
960 1861 1041 1888 sec.
1065 1846 1283 1888 Stadiasm.
1302 1850 1334 1901 ).

98 1912 291 1951 Ceterum
312 1911 443 1950 miror
466 1910 690 1964 Lapicum,
712 1909 784 1963 qui
807 1908 1023 1963 distinguit
1041 1911 1148 1950 inter
1171 1910 1337 1965 Tynda-

96 1973 182 2014 rios
214 1972 426 2013 Strabonis
460 1980 501 2012 et
545 1971 737 2027 scopulos
770 1971 911 2022 Darii,
937 1971 1026 2012 illos
1062 1971 1115 2012 ad
1144 1971 1336 2012 Ichailah

98 2049 220 2089 rupes
243 2034 444 2084 referens,
482 2034 559 2074 hos
586 2033 639 2074 ad
677 2032 805 2086 Tisah
832 2044 956 2088 rupes
979 2047 1059 2074 200
1090 2032 1196 2074 stad.
1215 2033 1339 2074 inter-

99 2098 202 2138 vallo
224 2095 441 2151 sejunctas.
469 2096 485 2150 ΙΙ
509 2121 566 2127 -
587 2095 673 2137 ὕπὸ
693 2095 895 2143 τούτους
919 2097 934 2151 ]
965 2095 1036 2137 ὕπὸ
1054 2099 1174 2139 ταῦτα
1196 2094 1290 2136 cod.
1316 2096 1331 2149 ΙΙ

96 2184 153 2191 —
175 2159 292 2215 ἀγκυ
305 2175 354 2215 ρο
367 2159 388 2198 6
401 2159 456 2199 ολ
470 2159 543 2213 ία]
572 2159 630 2198 5ἰο
656 2157 804 2198 codex.
822 2160 871 2198 In
894 2158 1052 2212 periplo
1072 2159 1196 2198 maris
1218 2158 1336 2198 rubri

96 2225 120 2275 5
146 2222 211 2264 15.
233 2225 286 2271 24
316 2230 393 2263 etc.
420 2221 593 2274 legimus
612 2220 659 2261 τὰ
675 2219 951 2275 ἀγκυροὸόλια.
977 2219 1104 2273 Quod
1127 2228 1173 2259 ut
1194 2229 1336 2260 nostro

99 2299 266 2340 quoque
286 2285 378 2325 loco
401 2284 654 2332 restituatur,
682 2282 787 2323 nihil
806 2283 930 2336 cogit.

155 2351 176 2400 5
216 2353 284 2390 26.
323 2347 606 2400 Χαυταῖον]
642 2345 853 2386 Χετταία
884 2344 991 2386 Ptol.
1026 2345 1131 2384 Cum
1165 2358 1214 2384 eo
1248 2344 1339 2385 loco

92 2408 436 2464 «componendum
453 2407 617 2448 videtur
640 2407 739 2448 hod.
765 2410 898 2447 Kassr
914 2406 952 2446 el
971 2407 1204 2455 Chammas,
1224 2405 1340 2460 cujus

99 2475 288 2516 meminit
317 2473 504 2514 Edrisius
533 2476 578 2524 I,
603 2488 646 2528 p.
673 2473 752 2527 295
787 2473 854 2514 ed.
884 2472 1067 2513 Jaubert.
1105 2471 1168 2512 Cf.
1202 2474 1340 2512 Pacho

98 2540 127 2580 l.
155 2539 183 2580 l.
216 2553 259 2593 p.
298 2539 379 2586 34:
424 2557 440 2572 α
463 2539 542 2577 Les
572 2551 686 2577 murs
709 2536 797 2592 (sc.
837 2535 890 2576 de
909 2533 1142 2584 ChammeS,
1170 2535 1342 2576 chateau

99 2602 275 2642 sarrasin
301 2600 333 2656 )‚
366 2600 588 2641 construits
622 2597 1064 2653 tres-grossierement,
1097 2607 1342 2639 conservent

101 2679 249 2705 encore
270 2672 384 2704 toute
403 2663 492 2703 leur
511 2663 741 2703 hauteur...
778 2665 861 2702 Des
879 2661 1000 2717 paics
1019 2660 1338 2715 tres-prosonds‚

101 2736 142 2768 et
163 2741 254 2768 sans
273 2726 400 2766 doute
422 2724 649 2765 ante'rieurs
667 2739 721 2765 au
738 2724 925 2774 chateau,
944 2724 1111 2764 attirent
1125 2722 1271 2778 aupres
1291 2723 1342 2764 de

102 2788 320 2831 Chammes
344 2797 437 2829 tous
461 2802 564 2828 ceux
590 2787 662 2842 qui
686 2794 913 2828 traversent
932 2794 1037 2827 cette
1058 2788 1237 2829 contree.
1265 2804 1281 2825 »

163 2856 185 2906 5
216 2857 285 2894 27.
328 2850 545 2906 Ζυγρὰς]
582 2849 719 2905 Ζυγρὶν
757 2852 892 2905 κώμην
937 2864 1018 2890 sec.
1057 2849 1338 2890 Ptolemaeum.

100 2917 304 2956 Memorat
327 2915 466 2955 locum
484 2913 693 2954 Hierocles
712 2928 755 2969 p.
775 2914 853 2968 733
878 2912 934 2969 (v.
958 2916 979 2965 5
999 2916 1052 2962 24
1070 2912 1101 2968 ),
1121 2913 1193 2952 ubi
1209 2914 1338 2955 Wes-

104 2978 295 3032 selingius
315 2992 324 3018 ;
346 2996 361 3015 «
387 2977 632 3018 Athanasius
651 2975 704 3017 ad
719 2975 969 3018 Antiochen.
991 2989 1035 3030 p.
1062 2978 1142 3029 767
1154 2975 1342 3015 Marcum

103 3041 258 3096 Ζύγρων
283 3040 376 3094 (sic)
405 3039 566 3094 ἔγγιστα
586 3038 726 3091 Λιὸύης
744 3045 961 3078 memorat.
986 3056 1002 3072 n

161 3106 182 3155 5
221 3107 287 3144 28.
338 3101 412 3142 Ἐν
427 3117 477 3153 νη
493 3101 704 3156 σῦφοραν
737 3102 752 3155 ]
792 3099 1027 3155 Αἴνησίφορα
1065 3098 1186 3153 λιμήν
1215 3099 1340 3148 Ptol.;

105 3164 360 3221 Αἰνησίσφυρα
383 3165 480 3220 ἄκρα
513 3163 682 3214 Strabo,
708 3163 752 3203 in
777 3162 929 3217 quibus
961 3161 1127 3202 initium
1153 3161 1342 3202 vocabuli

29 3276 37 3284 ι
107 3226 173 3266 Αἰν
189 3227 302 3268 haud
323 3228 448 3268 dubie
469 3228 617 3268 rectius
635 3226 773 3267 habet.
796 3225 860 3266 Cf.
879 3224 1098 3276 Αἰνήσιππα
1116 3225 1161 3264 in
1179 3233 1268 3267 not.
1290 3225 1343 3266 ad

109 3291 131 3340 5
153 3301 221 3329 22.
244 3291 428 3329 Fortasse
447 3290 491 3328 in
516 3303 575 3328 αιν
598 3289 695 3330 latet
715 3288 970 3343 phoenicium
987 3299 1037 3336 ’κ
1056 3286 1207 3336 insula,
1230 3287 1343 3342 quod

110 3363 240 3404 quum
252 3354 295 3390 in
304 3351 441 3390 multis
454 3351 678 3390 insularum
695 3351 934 3391 nominibus
949 3350 1189 3405 phoenicicis
1205 3365 1346 3390 occur-

109 3420 172 3452 rat
198 3411 211 3467 (
234 3411 408 3466 Αἰγάδες,
434 3411 655 3466 Αἷγίμορος,
681 3411 848 3452 Αἴθουσα
881 3421 959 3452 etc.
993 3414 1049 3452 V.
1073 3414 1238 3452 Movers
1259 3413 1286 3453 l.
1312 3413 1340 3454 l.

110 3488 153 3528 p.
185 3475 263 3522 364
282 3479 313 3527 ),
335 3476 392 3516 5ἰο
407 3475 528 3515 etiam
551 3473 602 3514 de
622 3475 919 3528 promontoriis
944 3475 1161 3526 νησίζουσιν
1184 3474 1343 3531 (quem-

112 3535 342 3576 admodum
380 3550 460 3576 vox
498 3537 613 3586 νῆσος
649 3550 715 3590 ap.
742 3537 908 3577 Graecos
932 3538 948 3590 )
984 3545 1228 3590 usurpatum
1258 3553 1343 3581 esse

111 3596 300 3646 videtur3
326 3596 440 3650 quod
456 3604 501 3636 ut
519 3604 693 3636 statuam
722 3605 860 3637 movet
878 3611 959 3647 me,
985 3597 1098 3651 quod
1121 3598 1266 3652 infra§
1290 3605 1342 3654 94

116 3659 165 3699 de
181 3657 406 3713 Gapharon
424 3659 712 3712 promontorio
725 3657 876 3699 dicitur
895 3671 904 3699 :
923 3658 1099 3699 καλεῖται
1126 3660 1336 3715 νεόσπορα·

115 3720 196 3760 ἔστι
217 3719 292 3775 γὰρ
310 3719 427 3774 ὁμοία
439 3719 543 3774 νήσῳ
556 3750 567 3769 ,
592 3720 636 3759 in
655 3719 804 3774 quibus
819 3719 932 3760 haud
949 3720 1074 3762 dubie
1092 3721 1144 3762 ad
1157 3722 1343 3762 similitu-

106 3783 253 3823 dinem
271 3782 446 3823 aliorum
460 3782 678 3822 nominum
693 3781 910 3836 legendum
926 3791 1010 3824 est:
1028 3784 1204 3825 καλεῖται
1225 3784 1346 3826 αἰνεό-

114 3860 269 3899 σπορα..
301 3845 317 3898 ll
350 3868 406 3874 —
428 3844 537 3884 σταδ.
561 3842 598 3884 c'
635 3842 710 3899 (sic
737 3843 851 3896 cod.;
873 3843 905 3886 ε’
921 3859 1064 3900 apogr.
1094 3848 1266 3901 Iriart.)
1289 3849 1343 3887 si-

114 3907 278 3960 gnificat
309 3905 360 3957 0';
383 3920 468 3960 quo
487 3905 714 3947 stadiorum
741 3920 915 3948 numero
933 3907 1158 3950 deferimur
1175 3910 1217 3950 in
1247 3925 1342 3950 eum

113 3970 197 4012 sere
216 3971 366 4018 locum,
387 3976 459 4009 ubl
481 3984 593 4009 nunc
614 3978 674 4009 est
688 3978 859 4020 bissena,
886 3989 928 4012 ιιι
944 3988 1027 4026 quo
1046 3972 1192 4012 veteris
1210 3974 1343 4012 nomi-

112 4034 178 4073 nis
196 4032 434 4072 memoriam
466 4046 674 4088 superesse
692 4033 820 4087 possit
839 4033 984 4075 videri.
1007 4038 1114 4077 Aera
1131 4043 1265 4076 tamen
1283 4036 1344 4075 ih-

1409 980 1564 1033 signior
1596 981 1654 1021 ibi
1677 981 1809 1030 nulla,
1836 997 1970 1037 neque
1999 985 2191 1039 scopulus
2216 987 2259 1026 in
2285 988 2443 1043 mappis
2462 990 2636 1030 nauticis

1407 1050 1587 1082 notatur.
1607 1045 1745 1095 Quare
1773 1044 1926 1084 dubius
1945 1045 2079 1086 haereo
2101 1062 2152 1087 an
2169 1062 2252 1088 non
2273 1063 2349 1103 pro
2372 1064 2395 1089 c
2415 1050 2636 1104 legendum

1406 1104 1543 1157 potius
1569 1105 1621 1145 sit
1648 1104 1698 1155 0';
1723 1107 1794 1160 qui
1826 1121 2023 1147 numerus
2052 1108 2167 1151 ducit
2195 1110 2247 1150 ad
2281 1115 2364 1152 Ras
2397 1112 2632 1164 Haleimah‚

1406 1178 1536 1219 prope
1559 1180 1681 1220 quem
1702 1168 1902 1207 orientem
1921 1183 2060 1209 versus
2079 1179 2138 1211 est
2159 1172 2350 1226 scopulus
2364 1204 2375 1223 ,
2403 1187 2526 1228 quem
2542 1177 2635 1216 uni-

1407 1241 1502 1266 cum
1542 1228 1584 1267 in
1619 1236 1705 1268 toto
1732 1229 1812 1269 hoc
1841 1238 1975 1270 tractu
2008 1246 2155 1286 mappa
2182 1234 2419 1288 Smythiana
2454 1235 2634 1279 exhibet.

1407 1289 1497 1329 Hoc
1519 1290 1552 1329 si
1576 1290 1721 1344 placet,
1744 1291 1786 1330 in
1819 1292 2082 1345 sequentibus
2104 1293 2155 1333 ab
2172 1296 2467 1350 Ennesyphora
2488 1297 2540 1338 ad
2560 1300 2636 1340 Ca-

1406 1350 1665 1391 tabathmum
1687 1351 1986 1407 quadringenta
2003 1353 2086 1394 fere
2107 1354 2236 1396 stadia
2256 1358 2511 1399 numeranda
2524 1369 2634 1402 sunt.

1395 1415 1495 1454 Sec.
1510 1414 1714 1468 vulgatam
1733 1416 2030 1471 Ennesyphora
2040 1426 2183 1472 portus
2195 1433 2219 1459 a
2231 1419 2451 1474 Tyndariis
2462 1425 2637 1478 scopulis

1409 1477 1491 1523 480
1513 1476 1626 1517 abest
1647 1476 1798 1527 stadia3
1820 1477 1923 1518 adeo
1942 1487 1988 1519 ut
2003 1478 2055 1519 ad
2071 1494 2165 1520 eum
2181 1481 2324 1524 referri
2346 1484 2474 1538 possit
2489 1485 2638 1540 Plynos

1407 1546 1571 1591 portus,
1593 1553 1717 1592 quem
1739 1539 1882 1594 Scylax
1915 1539 1996 1580 diei
2026 1542 2283 1595 navigatione
2304 1557 2329 1584 a
2352 1545 2527 1599 scopulis
2553 1548 2638 1587 istis

1407 1599 1547 1640 abesse
1578 1600 1694 1641 dicit.
1716 1602 1848 1642 Nimis
1873 1611 2009 1643 tamen
2031 1604 2219 1659 Scylacea
2240 1607 2504 1660 computandi
2533 1611 2637 1650 ratio

1408 1661 1607 1703 fluctuare
1627 1662 1729 1704 solet
1757 1678 1882 1717 quam
1899 1673 1946 1704 ut
1969 1679 2197 1708 asseverare
2215 1667 2370 1722 aliquid
2388 1670 2511 1711 ausis.
2540 1673 2637 1724 Quo

1408 1722 1565 1763 accedit
1585 1722 1698 1778 quod
1714 1723 1766 1764 de
1782 1725 1863 1765 situ
1879 1726 1996 1781 Plyni
2018 1727 2095 1768 alia
2118 1728 2261 1770 suadet
2282 1730 2441 1771 Strabo.

1464 1788 1486 1836 5
1511 1790 1581 1827 29.
1609 1785 1834 1826 Καταὸαθ
1852 1787 1967 1843 μὸν]
1991 1789 2208 1831 Καδάθλιον
2229 1800 2269 1831 et
2292 1795 2313 1843 5
2341 1793 2393 1833 3ο
2421 1792 2639 1835 Καὸαθλίου

1409 1846 1522 1896 cod.;
1541 1861 1622 1887 em.
1641 1848 1766 1898 Gail.;
1783 1849 2035 1906 Καταδαθμος
2056 1852 2172 1906 μέγας
2190 1867 2256 1906 ap.
2277 1853 2557 1895 Ptolemaeum.
2573 1856 2637 1897 Cf.

1407 1908 1516 1950 Mela
1538 1911 1572 1958 I,
1599 1912 1622 1951 8
1647 1923 1656 1950 ε
1686 1911 1979 1952 Catabathmus
2008 1913 2135 1953 vallis
2159 1912 2315 1954 devexa
2345 1914 2387 1954 in
2418 1918 2640 1971 AEgyptam

1396 1971 1503 2026 finit
1522 1971 1731 2024 Africam.
1765 1973 1921 2014 Plinius
1949 1975 2005 2025 V,
2029 1974 2068 2025 5,
2094 1976 2186 2028 539
2210 1988 2220 2016 :
2246 1975 2366 2016 Finis
2405 1978 2641 2030 Cyrenaicus

1413 2034 1729 2085 Catabathmus,
1778 2035 1976 2092 oppidum
2014 2046 2053 2077 et
2088 2038 2215 2078 vallis
2252 2048 2410 2094 repente
2444 2054 2638 2082 convexa.

1411 2097 1594 2137 AEthicus
1627 2098 1841 2152 Cosmogr.
1875 2113 1916 2153 p.
1948 2100 2022 2153 731
2050 2098 2102 2139 ad
2127 2099 2278 2141 calcem
2299 2101 2415 2141 Melae
2436 2101 2503 2142 ed.
2535 2104 2641 2144 Gro-

1410 2173 1507 2198 nov.
1536 2172 1545 2199 2
1567 2160 1698 2213 Libya
1724 2161 1974 2213 Cyrenaica..
2009 2160 2159 2217 incipit
2179 2177 2206 2202 a
2229 2162 2403 2202 civitate
2420 2164 2642 2205 Parthenio

1414 2221 1609 2278 (aliunde
1627 2236 1712 2262 non
1734 2221 1856 2278 nota)
1880 2231 1919 2262 et
1955 2223 2237 2263 Catabathmo.
2261 2224 2422 2265 Sallust.
2445 2227 2638 2279 Jugurth.

1410 2299 1448 2325 c.
1474 2298 1523 2338 17
1540 2292 1581 2325 et
1607 2298 1681 2338 19;
1709 2284 1854 2325 Strabo
1869 2298 1912 2339 p.
1936 2298 2012 2338 791
2042 2293 2082 2325 et
2105 2287 2183 2339 798
2208 2298 2217 2326 :
2242 2285 2353 2326 Μετὰ
2371 2285 2415 2337 δὴ
2436 2282 2505 2328 τὸν
2521 2288 2640 2343 μέγαν

1410 2346 1548 2401 λιμένα
1584 2346 1598 2403 (
1623 2347 1689 2387 τὀν
1728 2348 1847 2402 μέγαν
1881 2347 2078 2402 Πετράντα
2109 2348 2283 2388 aliorum
2302 2350 2317 2402 )
2368 2348 2488 2397 ἄλλος
2521 2349 2640 2405 λιμὴν

1411 2409 1560 2456 Πλύνος
1575 2409 1640 2450 καὶ
1660 2409 1749 2463 ὑπὲρ
1770 2408 1884 2449 αὐτοῦ
1906 2410 2182 2464 Τετραπυργία.
2215 2410 2401 2451 Καλεῖται
2428 2410 2470 2452 δὲ
2485 2411 2506 2452 ὁ
2528 2413 2643 2461 τόπος

1412 2471 1680 2527 Καταὸαθμός.
1704 2472 1832 2527 Μέχρι
1850 2473 1960 2527 δεῦρο
1982 2471 2006 2524 ἣ
2039 2472 2231 2527 Κυρηναία
2253 2473 2350 2526 (Sic
2378 2474 2489 2514 enim
2517 2475 2642 2516 verba

1413 2535 1626 2576 Strabonis
1645 2534 1885 2575 adornanda
1897 2549 1982 2575 esse
1999 2544 2109 2575 recte
2125 2534 2229 2575 vidit
2246 2536 2500 2590 Cramerus).
2520 2537 2640 2592 Poly-

1408 2597 1504 2638 bius
1520 2598 1679 2647 XXXI,
1699 2601 1751 2638 26
1767 2596 1819 2637 de
1833 2597 2052 2638 Ptolemaeo
2066 2597 2279 2652 Physcone
2301 2610 2310 2638 :
2325 2598 2642 2654 Παραγενόμενος

1412 2659 1452 2700 δὲ
1471 2659 1526 2707 εἰς
1547 2659 1614 2700 τὸν
1637 2661 1755 2715 μέγαν
1776 2658 2015 2714 καλούμενον
2050 2659 2322 2714 Καταὸαθμὸν,
2347 2660 2533 2701 κατέλαὸε
2556 2662 2643 2709 τοὺς

1412 2723 1549 2770 Λί6υας
1573 2721 1667 2777 μετὰ
1690 2727 1765 2763 τῶν
1796 2722 2017 2777 Κυρηναίων
2045 2723 2282 2776 κατέχοντας
2309 2722 2397 2770 τοὺς
2413 2723 2640 2779 δυσχωρίας.

1419 2785 1464 2826 Ὁ
1483 2785 1523 2826 δὲ
1536 2785 1831 2841 Πτολεμαῖος...
1859 2784 1970 2833 αὐτὸς
1997 2784 2168 2832 ἐὸιάζετο
2195 2784 2292 2825 κατὰ
2316 2786 2441 2840 στόμα
2458 2786 2550 2841 πρὸς
2573 2786 2642 2838 τὴν

1413 2848 1650 2889 ἀνάδασιν...
1686 2847 1783 2902 Ἅμα
1804 2850 1872 2899 τῆς
1895 2846 2114 2895 ἀναδάσεως
2136 2846 2287 2902 ἐγένετο
2323 2847 2447 2903 κύριος
2479 2849 2544 2889 καὶ
2577 2853 2643 2901 τῆς

1412 2910 1432 2950 ὗ
1443 2902 1529 2952 ποκ
1542 2926 1558 2951 ε
1570 2912 1641 2965 ιμέ
1654 2924 1703 2962 νη
1718 2926 1734 2957 ς
1747 2909 2049 2965 Τετραπυργίας,
2066 2909 2103 2950 ἐν
2117 2905 2139 2966 ᾗ
2154 2910 2346 2951 συνὲὃαινε
2361 2910 2507 2962 πλῆθος
2526 2911 2641 2966 ἄφθο-

1414 2988 1479 3014 νον
1502 2974 1637 3021 ὕδατος
1655 2972 1856 3027 ὑπάρχειν.
1885 2972 1949 3014 Cf.
1965 2973 2063 3013 Itin.
2086 2987 2129 3027 p.
2167 2973 2235 3027 73,
2258 2972 2362 3014 Tab.
2394 2974 2581 3027 Peuting.
2602 2982 2643 3014 et

1413 3039 1565 3090 Geogr.
1587 3039 1690 3077 Rav.
1721 3038 1746 3076 J
1749 3050 1876 3090 ugum
1898 3034 2000 3075 illud
2034 3043 2294 3085 montanum,
2316 3034 2368 3075 ad
2388 3034 2468 3076 850
2488 3035 2642 3090 pedum

1413 3099 1671 3140 altitudinem
1689 3113 1902 3152 assurgens
1925 3099 1941 3151 (
1956 3098 2120 3138 Alsabet
2135 3098 2173 3137 el
2185 3097 2337 3138 Kebtra
2353 3096 2390 3153 ),
2406 3111 2488 3151 quo
2507 3098 2550 3137 in
2565 3099 2644 3152 Cy-

1413 3163 1618 3203 renaicam
1634 3160 1884 3208 ascenditur,
1895 3162 2043 3200 Noster
2059 3158 2214 3200 indicat
2229 3158 2362 3199 verbis
2376 3160 2487 3214 χώρα
2497 3158 2638 3214 ὑψηλή.

1413 3226 1541 3266 Vallis
1578 3239 1669 3279 quae
1703 3223 1755 3264 ad
1787 3222 1968 3263 radicem
2005 3222 2212 3262 montium
2247 3220 2462 3262 meridiem
2502 3236 2642 3263 versus

1414 3286 1667 3336 extenditur,
1693 3285 1837 3338 viginti
1860 3283 1943 3324 fere
1965 3282 2194 3324 stadiorum
2220 3283 2343 3323 habet
2364 3282 2637 3326 latitudinem.

1420 3370 1436 3384 «
1461 3351 1538 3390 Les
1566 3362 1670 3389 eaux
1703 3347 1773 3401 qui
1801 3345 2023 3386 s’ecoulent
2060 3359 2111 3385 en
2142 3345 2259 3385 hiver
2279 3344 2331 3385 de
2362 3344 2401 3385 la
2421 3353 2642 3400 montagne

1414 3412 1714 3453 entretiennent
1745 3408 1847 3449 dans
1866 3416 1970 3448 cette
2005 3407 2128 3448 vallee
2163 3421 2245 3447 une
2265 3408 2494 3461 vegetation
2511 3408 2640 3449 abon-

1415 3473 1559 3523 dante3
1585 3472 1690 3512 aussi
1710 3478 1770 3510 est
1781 3469 1854 3510 elle
1875 3477 2068 3510 couverte
2083 3469 2186 3509 dans
2198 3478 2331 3510 toutes
2349 3469 2406 3510 les
2420 3470 2574 3510 saisons
2590 3470 2642 3509 de

1413 3529 1643 3576 nombreux
1663 3547 1800 3586 eamps
1820 3531 2035 3572 d’Arabes.
2063 3549 2079 3570 »
2099 3534 2241 3573 PAcno
2261 3531 2290 3572 l.
2308 3532 2336 3572 l.
2354 3546 2397 3586 p.
2424 3533 2492 3585 39.
2515 3534 2642 3586 Oppi-

1414 3598 1515 3638 dum
1533 3598 1588 3637 ibi
1612 3595 1867 3636 Catabathmi
1897 3595 2064 3634 nomine
2086 3595 2304 3644 exstitisse,
2326 3593 2487 3635 disertis
2509 3595 2642 3634 verbis

1413 3675 1520 3701 unus
1532 3657 1716 3714 prodidit
1730 3656 1908 3707 Plinius;
1925 3658 2064 3697 ruinas
2083 3655 2170 3710 ejus
2186 3656 2336 3698 frustra
2355 3658 2643 3711 circumspexit

1414 3723 1560 3763 doctus
1583 3721 1712 3760 viator
1734 3718 1940 3759 Barthius.
1966 3719 2186 3759 Castellum
2208 3733 2327 3769 vero,
2360 3718 2475 3772 cujus
2493 3720 2642 3758 Noster

1411 3783 1607 3832 meminit,
1630 3781 1696 3821 illa
1720 3781 1809 3835 ipsa
1829 3779 1992 3821 videtur
2013 3795 2098 3821 esse
2126 3780 2401 3835 Τετραπυργία,
2424 3781 2640 3832 (10310Ρο-

1413 3847 1544 3902 lybius
1566 3844 1642 3885 sab
1671 3842 1870 3883 adscensu
1887 3844 2005 3884 sitam
2026 3843 2141 3893 dicit,
2166 3857 2250 3884 non
2265 3849 2517 3897 repugnante
2534 3842 2643 3881 Stra-

1413 3910 1542 3958 bone,
1567 3905 1678 3961 apud
1710 3920 1836 3959 quem
1874 3920 1954 3946 vox
1985 3905 2251 3960 ὑπερκειμένης
2280 3919 2364 3944 non
2398 3902 2449 3943 de
2487 3904 2569 3942 situ
2598 3904 2641 3942 in

1413 3978 1568 4018 monte,
1589 3967 1675 4018 sed,
1700 3976 1748 4008 ut
1768 3969 1934 4022 passim,
1951 3968 2002 4008 de
2024 3968 2218 4008 interiore
2232 3967 2398 4021 regione
2420 3966 2548 4019 accipi
2566 3979 2641 4019 po-

1414 4041 1505 4075 test.
1530 4031 1663 4072 Etiam
1688 4044 1799 4070 nunc
1819 4030 1860 4069 in
1876 4029 1951 4070 hac
1981 4030 2146 4084 regione
2170 4036 2267 4070 sunt
2289 4026 2453 4069 Arabici
2477 4026 2644 4074 castelli.
