2782 4348
95 244 288 297 Αἷθίοπες
313 252 394 297 τοῖς
418 245 492 306 μὲν
515 246 641 299 τόξοις
663 248 880 308 μεγάλοις,
907 251 1080 312 βραχέσι
1101 252 1143 309 δὲ
1166 261 1248 306 τοῖς
1267 257 1326 300 ὄϊ-

97 321 227 365 στοῖς-·
267 314 334 359 ἐπὶ
365 314 407 360 δὲ
446 318 519 369 τῆς
544 314 672 376 ἄκρας
701 320 772 360 τοῦ
795 317 987 378 καλάμου
1021 321 1202 383 κερκίδος
1238 325 1329 369 ἀντὶ

93 386 164 427 τοῦ
187 383 355 445 σιδήρου
379 381 633 444 παραμήκης
667 385 726 446 τῷ
748 384 865 448 τύπῳ
887 386 995 439 λίθος
1015 390 1326 453 ἀνεστήρικται,

92 450 244 513 νεύροις
274 450 532 513 ἐσφιγμένος,
555 449 644 505 ὀξὺς
673 451 747 512 μὲν
772 453 1001 518 ὖπερὸολῇ,
1027 458 1257 520 φαρμάκοις
1285 461 1327 507 δὲ

51 524 70 554 5
94 519 335 578 θανασίμοις
347 518 623 580 βεὸαμμένος.

153 604 205 635 20.
226 585 328 648 “Ort
345 588 630 646 Πτολεμαῖος,
657 589 800 653 φησίν,
826 594 882 644 εἷς
898 592 966 638 τὸν
986 593 1094 639 κατὰ
1113 597 1324 644 Αἰθιόπων

91 655 267 715 πόλεμον
289 655 370 701 ἀπὸ
390 659 461 712 τῆς
477 655 682 711 Ἑλλάδος
710 661 1003 715 πεντακοσίους
1023 664 1230 720 συνέλεξεν
1253 668 1326 712 ἱπ-

87 811 167 845 νοις
187 793 232 839 τὸ
254 795 408 850 πλῆθος
430 787 542 841 οῧσιν
566 797 726 854 ἑκατὸν,
758 800 962 860 ὁπλισμοῦ
989 803 1205 865 περιέθηκε
1229 805 1321 868 τρό-

0 882 1 922 3
24 873 65 905 10
85 881 182 909 πον·
204 863 351 916 στολὰς
373 864 452 927 γὰρ
478 867 610 918 αὐτοῖς
635 885 679 911 τε
703 867 774 913 καὶ
797 876 878 922 τοῖς
896 869 1037 923 ἵπποις
1056 872 1234 919 ἀνέδωκε
1252 894 1321 920 πι-

83 932 232 989 λητὰς,
258 932 303 984 ἃς
322 935 359 978 οἵ
382 932 490 979 κατὰ
515 934 588 990 τὴν
622 935 763 1000 χώραν
791 938 949 996 ἐκείνην
968 944 1320 1007 προσαγορεύουσι

82 1008 239 1060 κασᾶς,
262 1000 366 1047 ὥστε
390 1010 472 1049 πᾶν
494 1002 687 1066 κρύπτειν
710 1006 755 1051 τὸ
783 1010 903 1068 σῶμα
931 1009 1038 1066 πλὴν
1064 1015 1143 1057 τῶν
1164 1015 1316 1076 ὀφθαλ-

81 1088 184 1128 μων.

411 1297 490 1342 ΕΚ
525 1299 646 1344 ΤΗΣ
681 1301 981 1349 ΠΕΜΠΤΗΣ

316 1391 742 1441 ΑΓΑΘΑΡΧΙΔΟΥ
786 1398 1071 1446 ΙΣΤΟΡΙΑΣ

123 1486 240 1531 ΤΗΣ
276 1487 415 1532 ΠΕΡΙ
451 1489 575 1535 ΤΗΝ
608 1491 892 1540 ΕΡΥΘΡΑΝ
921 1495 1259 1546 ΘΑΛΑΣΣΑΝ.

136 1616 191 1648 21.
218 1598 318 1653 εὈτι
343 1602 510 1664 πολλοὶ,
535 1603 659 1665 φησί,
697 1605 878 1652 καὶτῶν
907 1611 1130 1657 πολιτικῶν
1154 1615 1310 1676 ἀνδρῶν

13 1688 51 1719 15
75 1668 240 1715 καὶτῶν
253 1670 413 1730 ποίημα
432 1673 694 1735 γεγραφότων
713 1676 990 1740 διηπορήκασι
1007 1683 1093 1733 πῶς
1105 1681 1176 1734 τὰς
1192 1686 1310 1747 ὑπερ·

72 1738 303 1791 6αλλούσας
335 1740 452 1793 ἐνίοις
493 1743 692 1805 ἀκληρίας
727 1744 795 1790 τὸν
834 1747 947 1800 ἐκτὸς
986 1752 1066 1795 τῶν
1111 1752 1307 1799 κινδύνων

0 1842 1 1845 ¹
70 1807 254 1868 κείμενον
273 1810 510 1871 πρεπόντως
537 1810 822 1873 ἐξαγγελτεόν·
852 1809 909 1862 ὦν
933 1820 954 1863 ὁ
977 1818 1124 1882 τρόπος
1147 1823 1192 1867 οὖ
1215 1822 1307 1868 λίαν

0 1911 1 1931 3
68 1875 212 1937 γένοιτ’
239 1877 287 1923 ἂν
309 1878 515 1941 ἐμφανὴς,
544 1883 579 1926 εἷ
602 1881 662 1942 μή
678 1902 736 1935 τις
759 1886 996 1940 ὑποτάξαιτ’
1016 1888 1066 1935 ἂν
1087 1889 1306 1938 ἀκόλουθον

0 1936 1 1982 ss
64 1944 204 1991 αἰτίαν
224 1950 307 1998 τοῖς
330 1949 681 2011 ἕμφανιζομένοις.
749 1952 952 2002 Ὄλυνθον
976 1957 1048 2004 καὶ
1066 1959 1214 2015 Θήὸας
1237 1961 1307 2007 δύο

5 2031 50 2065 2ο
67 2014 202 2068 πόλεις
213 2016 394 2070 ἐνδόξους
411 2018 670 2084 Ἀλέξανδρος
687 2023 757 2069 καὶ
776 2024 989 2080 Φίλιππος
1007 2029 1306 2092 διαρπάσαντες

64 2086 250 2132 καθεῖλον
270 2089 326 2138 εἷς
355 2088 516 2151 ἔδαφος.
546 2090 609 2149 Τὸ
633 2092 674 2136 δὲ
706 2093 832 2140 δεινὸν
867 2100 940 2141 τοῦ
974 2100 1305 2153 συντελεσθέντος

67 2158 166 2217 παρ’
205 2155 350 2202 ἐλπίδα
397 2160 631 2219 προσπεσὸν
655 2161 725 2206 καὶ
765 2166 846 2209 τῶν
887 2164 1099 2222 Ἑλλήνων
1137 2172 1303 2223 πολλοῖς

66 2224 244 2284 ἀγωνίαν
276 2227 368 2288 περὶ
393 2231 471 2271 τῶν
503 2228 607 2274 ὅλων
644 2231 829 2290 μεγάλην
866 2235 1094 2293 ἐπέστησε,
1126 2238 1197 2283 καὶ
1220 2242 1300 2283 τῶν

68 2293 247 2356 ῥητόρων
270 2297 343 2339 οὐκ
360 2295 508 2356 ὀλίγοις
523 2298 644 2359 λόγου
662 2301 869 2363 παρέσχεν
888 2303 1075 2366 ἀφορμὴν
1092 2308 1146 2358 εἷς
1165 2307 1210 2352 τὸ
1227 2310 1300 2364 δη-

0 2378 40 2407 [25
65 2363 197 2406 λῶσαι
220 2362 273 2407 τὰ
290 2364 564 2426 πεπραγμένα
593 2371 663 2413 τοῦ
692 2369 844 2422 πάθους
866 2373 1036 2425 οἰκείως.
1072 2374 1299 2438 Εἷρήκασιν

63 2423 131 2475 οῧν
152 2430 246 2492 περὶ
265 2431 408 2478 τούτου
430 2438 500 2479 τοῦ
525 2435 767 2497 πράγματος
786 2438 904 2485 ἄλλοι
925 2441 998 2501 μὲν
1020 2443 1300 2507 ἄλληγορικῶς

61 2502 119 2561 τῷ
141 2500 280 2563 τρόπῳ
294 2501 364 2546 καὶ
384 2509 472 2555 ταῖς
491 2505 732 2566 διαλέκτοις,
751 2509 805 2560 ὡς
826 2509 1004 2567 δοκοῦσι,
1025 2516 1239 2574 περιττῶς,
1262 2517 1297 2560 οἱ

61 2569 98 2613 δ’
123 2569 448 2633 ἐμὸριθέστερον,
465 2573 517 2618 τὰ
538 2578 690 2630 συνήθη
710 2576 780 2622 καὶ
800 2577 871 2630 τὰς
886 2581 1141 2643 κυριολογίας
1160 2585 1200 2628 ἐν
1217 2590 1299 2637 τοῖς

60 2640 201 2691 δεινοῖς
220 2642 265 2684 οὐ
301 2642 562 2704 πεφευγότες.
592 2644 818 2709 Ἑκατέρου
856 2648 900 2693 δέ
935 2668 997 2694 σοι
1021 2652 1297 2712 προοισόμεθα

21 2727 41 2756 0
61 2709 378 2770 παραδείγματα
402 2712 559 2778 γένους,
586 2713 653 2759 ἵνα
681 2715 772 2767 τοὺς
789 2722 1058 2781 χαρακτῆρας
1091 2723 1137 2766 ἐκ
1160 2740 1294 2784 παρα-

61 2776 182 2833 ὅολῆς
217 2779 381 2837 ἐπιδὼν,
411 2780 504 2833 τοὺς
528 2782 692 2843 ἄμεινον
725 2785 796 2830 καὶ
835 2787 1068 2834 τούναντίον
1109 2790 1296 2845 εἰπόντας

60 2846 121 2890 ἐπ’
146 2848 287 2900 αὐταῖς
310 2848 431 2911 εὕρῃς
453 2857 542 2902 ταῖς
565 2852 836 2912 δοκιμασίαις.

122 2915 323 2977 Ἡγησίας
348 2920 420 2978 μὲν
445 2913 512 2965 οὖν
531 2922 730 2974 πολλάκις
750 2926 821 2979 τῆς
847 2926 1054 2980 ἀπωλείας
1080 2930 1294 2994 μεμνημέ-

58 3003 122 3036 νος
144 2988 223 3031 τῶν
242 2988 400 3033 πόλεων
432 2990 595 3046 εὐτελής
636 2993 761 3038 ἐστιν.
793 2993 845 3040 Ὁ
870 2995 948 3057 γὰρ
982 2996 1040 3056 μὴ
1061 2998 1186 3044 θέλων
1199 2991 1291 3052 ’τοῖς

17 3073 35 3103 5
57 3058 209 3115 καιροῖς
235 3056 389 3109 οἰκείως
422 3059 704 3121 διαλέγεσθαι,
735 3065 866 3119 ζητῶν
895 3065 936 3110 δὲ
972 3066 1011 3119 ἐξ
1048 3068 1228 3129 ἀνάγκης
1249 3072 1289 3114 ἐν

1029 151 1109 196 DE
1143 153 1298 200 MARt
1335 157 1696 210 ERYTHRAEO.

87 725 195 781 πεῒς,
218 729 274 770 ὠν
305 732 386 777 τοῖς
414 726 736 787 προκινδυνεύειν
759 729 955 790 μέλλουσι
975 732 1046 778 καὶ
1064 736 1342 796 καθηγουμέ-·

2543 203 2558 237 1
2574 204 2624 241 19

1401 268 1507 319 gnis,
1531 269 1725 314 brevibus
1738 289 1836 316 vero
1855 279 2008 331 sagittis
2019 296 2031 330 ;
2052 282 2094 321 in
2111 297 2271 326 summa
2289 292 2500 334 arundinis
2519 302 2630 352 apice

1399 367 1477 407 pro
1495 355 1606 398 ferro
1638 359 1863 416 oblongum
1886 364 2017 418 figura
2030 367 2209 422 lapidem
2237 372 2368 426 figunt
2383 382 2516 420 nervis
2535 398 2631 426 con-

1399 440 1608 493 strictum,
1630 454 1796 489 acutum
1825 464 1949 505 supra
1973 452 2146 494 modum
2162 463 2202 495 et
2220 461 2384 500 venenis
2413 468 2629 510 mortiferis

1398 524 1590 569 tinctum.

1454 618 1522 647 20.
1555 608 1798 651 Ptolemaeus
1813 643 1824 662 ,
1851 615 1931 664 ait,
1957 615 2010 656 ad
2034 616 2187 659 bellum
2210 631 2353 664 contra
2371 626 2582 685 AEthiopes
2607 649 2629 674 e

1396 674 1556 715 Graecia
1571 677 1817 730 quingentos
1840 683 1996 735 equites
2019 688 2275 742 conscripsit.
2335 695 2397 734 De
2407 695 2476 736 his
2491 700 2562 752 qui
2586 701 2627 741 in

1394 743 1530 796 prima
1550 744 1635 785 acie
1657 748 1857 788 versaturi
1876 759 2008 801 erant,
2030 760 2071 793 et
2089 768 2234 807 agmen
2253 757 2432 813 ducturi,
2454 780 2626 813 numero

1395 820 1561 853 centum
1576 845 1587 863 ,
1606 814 1655 855 iis
1673 825 1924 859 armaturam
1943 820 2081 862 induit
2098 822 2350 878 hujusmodi.
2411 834 2569 878 Scilicet
2585 849 2623 879 et

1394 880 1492 935 ipsis
1516 890 1557 922 et
1579 884 1695 938 equis
1715 893 1845 926 vestes
1871 901 1921 927 cx
1940 887 2041 935 lana,
2054 900 2192 933 coacta
2212 893 2334 936 factas
2349 930 2358 947 ‚
2391 914 2489 954 quas
2507 919 2626 946 casas

1393 948 1437 988 in
1456 950 1624 1003 regione
1649 952 1716 993 illa
1733 963 1896 1005 vocant,
1921 957 2125 1015 attribuit,
2144 960 2246 1002 adeo
2269 973 2314 1005 ut
2329 974 2459 1009 totum
2480 981 2625 1026 praeter

1393 1017 1533 1058 oculos
1555 1028 1840 1074 contegeretur
1862 1038 2027 1079 corpus.

1704 1317 1781 1362 Ex
1815 1319 2310 1374 AGATHARcmms

1625 1411 1710 1457 DE
1754 1414 1935 1463 MARI
1985 1420 2388 1473 ERYTHRAEo

1771 1511 1950 1560 Llsssso
1985 1515 2229 1572 QUtNTo.

1440 1639 1509 1667 21.
1540 1626 1661 1669 Multi
1686 1637 1775 1671 tum
1797 1632 2063 1686 politicorum
2083 1639 2268 1681 virorum
2285 1650 2373 1683 tum
2404 1654 2619 1699 poetarum

1382 1700 1641 1756 dubitarunt,
1663 1708 1877 1761 quomodo
1899 1725 2071 1754 summae
2092 1717 2354 1769 quorundam
2373 1720 2618 1776 calamitates

1380 1779 1429 1818 iis
1449 1781 1519 1834 qui
1539 1789 1654 1823 extra
1674 1785 1855 1839 pericula
1878 1789 2000 1842 positi
2023 1799 2134 1843 sunt,
2162 1792 2354 1836 decenter
2372 1799 2617 1841 nunciandae

1363 1855 1475 1897 .sint.
1537 1860 1729 1910 Quorum
1751 1851 1901 1902 modus
1934 1877 2021 1904 non
2045 1864 2158 1907 facile
2187 1870 2414 1924 apparebit,
2435 1874 2514 1914 nisi
2544 1876 2616 1916 ali-

1379 1933 1470 1987 quis
1492 1938 1775 1989 praestruxerit
1805 1953 1969 1980 causam
2002 1941 2051 1981 iis
2084 1957 2175 1998 quae
2208 1947 2449 2000 aperiuntur
2470 1965 2616 1993 conve-

1376 2010 1574 2052 nientem.
1636 2013 1865 2068 Olynthum
1898 2025 1938 2057 et
1959 2018 2145 2070 Thebas,
2170 2021 2294 2063 urbes
2329 2023 2431 2066 duas
2463 2016 2627 2078 claras,-

1375 2086 1589 2142 Philippus
1627 2098 1668 2129 et
1708 2090 1942 2132 Alexander
1979 2093 2219 2150 diripientes
2252 2099 2338 2139 solo
2382 2112 2608 2156 aequarunt.

1375 2163 1502 2216 Quod
1521 2164 1674 2206 malum
1697 2181 1825 2221 quum
1851 2178 2000 2223 praeter
2025 2186 2138 2226 spem
2158 2174 2377 2226 acciderit,
2415 2192 2610 2232 magnum

1374 2239 1425 2280 de
1443 2242 1618 2296 imperio
1640 2244 1780 2284 multis
1802 2246 1955 2286 Graecis
1975 2254 2175 2288 terrorem
2196 2251 2386 2303 incussit,
2413 2262 2453 2294 et
2471 2264 2607 2296 orato-

1332 2368 1334 2370 ·
1372 2315 1486 2356 ribus
1505 2332 1589 2357 non
1612 2321 1752 2373 paucis
1789 2319 1954 2361 dicendi
1981 2324 2193 2364 materiam
2230 2319 2528 2381 suppeditavit,
2561 2340 2607 2371 ut

1372 2391 1619 2433 calamitates
1642 2394 1737 2434 istas
1758 2397 2022 2437 enuntiarent
2036 2401 2340 2442 convenienter.
2401 2405 2604 2446 Dixerunt
2650 2443 2656 2451 ,

1371 2468 1496 2522 igitur
1513 2469 1565 2509 de
1593 2469 1670 2510 hac
1691 2484 1736 2510 re
1760 2471 1827 2511 alii
1849 2473 2009 2513 ratione
2030 2474 2243 2529 allegorica
2268 2485 2309 2517 et
2331 2477 2495 2520 dicendi
2521 2481 2603 2522 sor·

1370 2545 1506 2596 mulis,
1531 2547 1670 2600 prouti
1693 2547 1928 2599 censebant,
1945 2549 2222 2603 uberioribus,
2239 2552 2306 2592 alii
2322 2562 2457 2595 autem
2477 2557 2603 2598 modo

1369 2623 1576 2676 graviori,
1601 2625 1806 2664 consuetis
1841 2633 1881 2665 et
1909 2627 2088 2680 propriis
2117 2628 2325 2669 vocabulis
2345 2629 2436 2671 dira
2467 2631 2601 2687 eloqui

1368 2713 1454 2739 non
1475 2699 1834 2754 subterfugientes
1893 2703 2120 2757 Utriusque
2142 2704 2217 2744 tibi
2238 2706 2397 2758 generis
2419 2709 2601 2763 exempla

1367 2775 1591 2832 proferam,
1613 2785 1660 2817 ut
1681 2775 1833 2818 formas
1851 2792 1873 2818 e
1894 2779 2202 2833 comparatione
2218 2794 2467 2834 cognoscens
2482 2814 2493 2833 ,
2519 2786 2600 2824 utri

1367 2838 1515 2895 melius'
1534 2862 1605 2895 aut
1623 2853 1803 2895 deterius
1822 2853 1976 2906 dicant,
1996 2863 2070 2895 tuo
2082 2854 2242 2909 judicio
2264 2857 2442 2911 colligas.

1420 2932 1613 2985 Hegesias
1644 2932 1770 2985 igitur
1788 2932 1934 2987 saepius
1956 2946 2189 2973 memorans
2231 2935 2483 2976 eversionem
2508 2937 2600 2977 ista-

1364 3015 1459 3041 rum
1483 3001 1652 3041 urbium
1667 3032 1678 3052 ‚
1711 3001 1869 3042 laborat
1891 3001 2083 3043 exilitate.
2144 3003 2296 3044 Nolens
2322 3005 2432 3044 enim
2454 3004 2596 3059 aliquis

1363 3070 1619 3124 temporibus
1638 3070 1946 3111 accommodate
1962 3070 2112 3121 dicere,
2131 3086 2294 3112 summo
2310 3081 2445 3112 autem
2460 3073 2596 3114 studio

71 3162 2579 3185 m

56 3227 105 3252 ex
125 3213 245 3267 hujus
270 3217 403 3269 operis
421 3217 527 3258 libro
542 3220 689 3273 quinto
702 3237 788 3263 esse
805 3234 1010 3280 excerpta.
1035 3229 1090 3267 At
1105 3229 1287 3282 primum

55 3275 158 3315 nihil
173 3276 357 3330 impedit,
379 3281 478 3333 quin
491 3283 812 3335 Agatharchides
827 3286 879 3328 de
891 3289 1033 3329 Meroe
1044 3290 1288 3347 populisque

54 3336 294 3391 AEthiopicis
322 3339 414 3382 data
443 3345 656 3386 occasione
678 3347 721 3387 in
739 3349 928 3391 Asiaticis
949 3351 1132 3393 historiis
1161 3369 1287 3409 expo-

55 3399 195 3448 suerit,
219 3408 435 3455 antequam
456 3404 648 3447 ultimum
664 3422 785 3450 suum
808 3413 871 3452 De
899 3413 1042 3455 Rubro
1061 3417 1164 3456 mari
1184 3431 1287 3471 opus

54 3460 366 3513 aggrederetur3
390 3464 537 3507 deinde
560 3482 656 3510 vero
684 3471 771 3525 ipsa
793 3474 967 3515 Diodori
986 3479 1167 3519 narratio
1192 3480 1287 3520 sub-

54 3522 208 3563 indicat
222 3523 315 3564 libri
340 3527 402 3566 ΙΙΙ
423 3530 555 3583 capita
574 3544 676 3574 2-10
705 3548 788 3574 non
808 3550 856 3575 ex
878 3537 1023 3579 eodem
1046 3541 1199 3596 scripto
1213 3557 1285 3597 pe·-

55 3586 128 3625 tita
156 3600 242 3625 esse
258 3601 308 3626 ex
327 3602 410 3641 quo
429 3589 636 3633 fluxerunt
650 3609 687 3634 c.
714 3600 841 3646 20-48
858 3614 868 3647 ;
891 3614 984 3640 nam
1002 3615 1106 3655 quos
1129 3605 1285 3646 Diodo-

53 3660 123 3686 rus
143 3647 316 3701 populos
339 3663 427 3704 cap.
451 3653 474 3691 8
490 3655 630 3706 paucis
650 3667 854 3709 recenset,
877 3661 932 3700 illi
954 3663 1030 3716 ipsi
1049 3674 1159 3716 sunt,
1181 3682 1284 3721 quos

54 3707 182 3749 fusius
210 3709 404 3751 describit
427 3727 463 3752 e.
494 3715 544 3755 23
576 3730 684 3772 sqq„
707 3728 748 3759 et
777 3728 911 3763 tamen
951 3724 1018 3780 (e.
1051 3739 1116 3777 11,
1150 3732 1174 3778 4
1192 3732 1208 3783 )
1229 3731 1284 3773 ita

52 3770 249 3824 loquitur,
271 3775 384 3827 quasi
413 3774 509 3815 inde
531 3791 554 3817 a
576 3793 665 3833 cap.
691 3794 740 3821 12
757 3782 807 3822 ad
832 3784 949 3825 aliam
967 3800 1136 3841 prorsus
1150 3805 1283 3847 popu-

53 3832 187 3874 lorum
217 3836 362 3875 seriem
393 3851 435 3877 se
460 3849 730 3883 converteret.
752 3846 855 3896 Quae
878 3848 1044 3901 quidem
1075 3866 1139 3892 res
1167 3853 1283 3896 facile

52 3895 289 3949 explicatur,
308 3899 338 3937 si
358 3913 510 3941 novum
538 3901 691 3944 fontem
723 3906 817 3946 inde
832 3922 854 3948 a
869 3922 958 3964 cap.
982 3924 1030 3951 12
1051 3911 1281 3957 adhibitum

53 3969 136 3997 esse
151 3966 389 4001 statuamus.

1416 3232 1438 3281 S
1462 3234 1525 3272 19.
1558 3233 1619 3269 De
1649 3244 1828 3283 quonam
1851 3229 2070 3270 Ptolemaeo
2100 3229 2186 3270 haec
2211 3229 2471 3283 intelligenda
2493 3233 2588 3282 sint,

1359 3293 1586 3332 accuratius
1602 3291 1682 3332 dici
1708 3292 1866 3346 nequit.
1885 3293 1939 3332 V.
1957 3292 2265 3345 Prolegomena.

1414 3357 1522 3407 520,
1540 3355 1566 3395 l.
1592 3368 1656 3396 10.
1675 3354 1927 3408 Postscpdrtov
1949 3353 2045 3394 sort.
2066 3353 2218 3394 excidit
2233 3357 2368 3395 τοῦτον
2386 3356 2448 3396 vel
2468 3360 2592 3397 τοιοῦ-

1359 3431 1440 3457 τον.
1469 3417 1485 3471 Η
1508 3441 1564 3447 -
1594 3430 1657 3456 12.
1685 3417 1864 3471 κασᾶς]
1886 3416 2003 3463 κάσας
2025 3415 2147 3456 codd.
2170 3424 2210 3456 et
2224 3416 2341 3458 editt.
2362 3419 2590 3461 Accentum

1357 3480 1512 3520 mutavi
1542 3494 1591 3519 ex
1611 3487 1814 3534 praecepto
1846 3477 2013 3520 Arcadii
2040 3493 2083 3533 p.
2119 3481 2188 3529 24,
2215 3493 2232 3519 1
2265 3492 2274 3520 :
2301 3480 2586 3535 Βαρύνονται...

1356 3541 1514 3596 χρύσης,
1553 3542 1682 3593 κάσης·
1727 3541 1771 3581 τὸ
1815 3542 1944 3596 μέντοι
1984 3543 2102 3592 κασῆς
2134 3541 2179 3582 τὸ
2214 3541 2384 3583 πιλωτὸν
2438 3544 2588 3599 ἱμάτιον

1356 3604 1595 3658 περισπᾶται.
1637 3602 1700 3643 Cf.
1733 3603 1966 3658 Xenophon
2009 3603 2225 3659 Cyropaed.
2275 3606 2393 3655 VIII,
2434 3606 2473 3655 3,
2515 3611 2538 3647 6
2576 3621 2585 3647 ;

1355 3668 1470 3714 κασᾶς
1502 3665 1635 3707 τούσδε
1667 3665 1755 3713 τοὺς
1784 3664 1997 3720 ἐφιππίους,
2026 3674 2066 3706 et
2094 3666 2153 3707 ib.
2187 3669 2208 3718 ἓ
2244 3681 2284 3720 7,
2319 3667 2391 3707 ubi
2422 3667 2585 3722 plurimi

1355 3727 1478 3768 codd.
1500 3729 1642 3778 κάσας,
1666 3736 1714 3768 ut
1742 3728 1969 3783 Hesychius
1995 3741 2005 3768 :
2038 3728 2167 3778 κάσας,
2198 3727 2413 3784 ἀμφιτάπης
2440 3730 2502 3769 καὶ
2527 3745 2585 3769 πι-

1354 3790 1475 3831 λωτά.
1503 3790 1558 3831 Cf
1557 3822 1565 3830 .
1591 3791 1732 3845 steph.
1756 3791 1879 3831 Thes.
1911 3806 1944 3832 s.
1973 3804 2030 3841 v.,
2053 3790 2124 3831 ubi
2148 3799 2285 3832 noster
2299 3791 2411 3830 locus
2429 3789 2582 3830 adden-

1354 3852 1432 3894 dus
1454 3862 1528 3894 est.

1409 3919 1515 3968 §21‚
1542 3915 1568 3955 l.
1598 3915 1663 3955 13.
1688 3915 1971 3971 ὓπερὸαλούσας
1993 3917 2039 3956 C.
2071 3916 2086 3969 {l
2109 3939 2166 3945 ——-
2188 3927 2254 3964 19.
2281 3912 2402 3952 αἰτίαν
2423 3911 2582 3987 ἀκόλου-

1354 3979 1419 4019 θον
1444 3980 1490 4019 C.
1512 3979 1527 4031 ΙΙ
1544 4003 1600 4009 -
1618 3979 1685 4019 31.
1710 3977 1911 4031 ἐπιδὼν]
1935 3978 1995 4019 ἐπὶ
2013 3977 2204 4031 τεσσάρων
2221 3977 2304 4017 ΑΒ.
2330 3975 2345 4028 Η
2365 3998 2420 4004 --
2436 3974 2501 4014 32.
2524 3975 2581 4014 εὓ-
