2756 4354
10 192 62 250 st}

4 260 48 325 ,ἦ
95 272 166 315 τοῦ
179 267 336 328 πύργου
349 268 437 322 ,135
456 263 522 311 ἐπὶ
538 267 607 309 τοῦ
625 262 817 326 φρουρίου
834 265 891 309 63
908 282 921 321 ;
942 266 1024 310 ἀπὸ
1036 266 1213 312 σταδίων
1231 268 1276 313 ιε’
1289 269 1320 329 ).

98 343 196 389 11110
212 341 431 388 accedunt
445 337 613 399 quaede
630 338 877 397 navigandi
895 339 1071 386 ratione
1087 340 1233 402 deque
1251 358 1325 404 ap-

27 458 31 463 .
96 418 319 481 pellendis
338 413 610 466 sistendisve
631 413 830 459 navibus
854 415 1202 475 praecipiuntur.
1232 416 1320 462 Cu-

93 492 297 555 J'usmodi
313 499 418 537 sunt
431 490 539 535 ista:
564 488 774 535 Ἐντεῦθεν
796 488 988 551 ἀναχθεὶς
1005 491 1235 552 παράπλεε·
1252 492 1325 537 πέ-

64 606 69 614 .
95 585 189 630 τραι
211 564 309 613 εἰσὶν
329 561 484 627 ὑψηλαί
508 564 616 625 (46).
642 562 740 610 Ἀπὸ
758 564 939 627 σταδίων
959 563 1066 610 ὀκτὼ
1090 565 1325 628 παράπλεε·

63 677 66 681 .
85 639 180 706 ,32⁸⁸
195 638 274 701 γὰρ
287 638 425 701 βράχη
439 637 578 701 ὑψηλά
599 640 640 700 (3
650 639 709 699 7).
721 640 878 685 Τοῦτον
896 638 963 684 τὸν
974 638 1098 685 τόπον
1112 639 1326 702 παροίπλεε

63 752 69 757 .
94 715 175 765 ἀπὸ
187 719 259 772 τῆς
280 718 353 776 γῆς
374 714 561 766 σταδίους
577 715 614 760 κ’
639 714 781 776 (146).
802 714 1003 777 Ὁρμίζου
1021 717 1084 761 ἐπ’
1104 716 1326 772 αὖτὴντοῒς

20 822 21 825 =
44 828 67 852 ,¹
92 789 242 840 ἄνωθεν
275 789 436 850 ἀνέμοις
460 791 570 851 (34).
604 790 797 852 Ὁρμίζοι
827 789 877 836 ἂν
901 793 972 836 ὑπ’
1006 791 1129 837 αὐτὸν
1151 798 1232 844 τοῖς
1256 795 1325 855 ἀφ’

3 886 22 926 j
91 864 266 929 ἑσπέρας
274 864 481 925 ἀνέμοις(5
489 867 530 926 3)
542 864 772 927 ,Ἀσφαλῶς
779 865 946 928 ὁρμίζου
958 865 1023 912 ἐπὶ
1036 871 1105 912 τοῦ
1121 866 1323 930 Ἑρμαίου

27 995 31 1001 ,
79 939 202 1002 ,(93).
225 939 420 1003 Ὁρμίζου
437 939 515 986 ὑπὸ
529 940 575 986 τὸ
586 943 714 1003 χῶμα
732 942 840 1003 (14).
858 941 938 989 Ἐκ
952 941 1090 996 δεξιῶν
1107 942 1180 999 τὴν
1195 943 1324 1007 ἄκραν

90 1015 195 1077 ἔχων
209 1015 374 1078 ὁρμίζου
388 1017 497 1079 (13).
514 1016 683 1073 Ταύτην
701 1015 808 1079 ἔχων
827 1017 1034 1079 εὐώνυμον
1052 1020 1325 1081 προσορμίζου

64 1091 203 1153 ,(15).
231 1093 413 1154 Εἶσοίγου
446 1091 580 1147 δεξιῶς
606 1094 662 1145 εἷς
687 1092 755 1138 τὸν
779 1094 1040 1155 πλαταμῶνα
1065 1095 1177 1157 (11).
1201 1095 1326 1142 Ταύ-

89 1184 162 1223 την
187 1165 292 1229 ἔχων
317 1166 449 1221 δεξιὰν
487 1167 669 1229 κατάγου
694 1169 799 1232 (16).
828 1168 901 1216 Ἐν
923 1170 1118 1233 ἀριστερᾷ
1146 1169 1325 1231 κατάγου

93 1243 200 1305 (44).
226 1246 425 1306 Καθορῶν
443 1244 488 1290 τὸ
514 1244 667 1307 βράχος
686 1243 867 1306 κατάγου
895 1243 1008 1307 (23).
1025 1244 1080 1291 ‘H
1097 1245 1324 1307 καταγωγή

15 1356 18 1358 v
90 1320 198 1365 ἐστιν
223 1320 290 1366 ἐπὶ
314 1323 364 1381 τῇ
404 1319 522 1366 πόλει
555 1319 748 1372 δύσκολος
775 1319 881 1364 πάνυ
906 1320 1032 1383 (113.
1063 1321 1182 1381 114).
1203 1320 1325 1367 Ἐπί-

89 1395 212 1447 σαλός
239 1398 346 1442 ἔστιν
372 1399 394 1441 ὁ
417 1395 561 1448 τόπος·
587 1394 810 1458 ὥσφαλίζου
833 1396 947 1458 (55).
990 1395 1220 1442 Φυλάσσου
1242 1414 1324 1442 πα-

51 1468 58 1476 ’
89 1471 278 1533 ραπλέων
306 1471 413 1533 (57).
442 1472 730 1534 Διαφυλοίττου
759 1470 897 1536 (204).
931 1472 986 1518 Et
1008 1489 1109 1533 quae
1133 1483 1239 1519 sunt
1263 1475 1323 1519 si·

86 1546 228 1594 milia.

83 1669 88 1671 Δ
150 1637 256 1665 210.
275 1620 378 1666 ,13111
402 1620 640 1667 videamus
656 1637 864 1681 quaenam
883 1622 992 1667 huic
1011 1623 1180 1683 peripli
1203 1624 1324 1684 parti

75 1698 284 1742 nauticae
303 1697 445 1743 insint
466 1708 697 1742 momenta
728 1698 1070 1757 chronologica.
1091 1697 1146 1743 In
1165 1698 1323 1759 Libyae

87 1788 168 1820 ora
190 1783 501 1820 memorantur
518 1773 677 1820 Castra
701 1774 905 1821 Cornelii
923 1791 1023 1821 cum
1045 1785 1184 1837 portu
1196 1791 1322 1835 egre-

65 1876 68 1880 *
87 1849 162 1908 gio
176 1850 225 1894 in
242 1866 335 1909 quo
359 1861 494 1896 naves
508 1866 681 1910 magnae
693 1852 866 1897 soleant
875 1852 1123 1898 hibernare
1139 1853 1178 1913 (S
1197 1871 1214 1897 1
1225 1854 1320 1913 25).

38 1955 60 1979 ·—.:‚
85 1923 323 1985 Ejusmodi
367 1937 551 1987 portum
595 1928 769 1988 oppido
803 1929 876 1973 vel
912 1929 1017 1974 vico
1056 1929 1321 1975 destitutum

50 2037 57 2066 3
86 2001 226 2046 fuisse
251 2002 331 2047 vix
354 2004 598 2063 quisquam
624 2004 894 2049 crediderit..
917 2006 976 2049 At
993 2005 1109 2050 Julii
1130 2005 1356 2059 Caesaris]

84 2076 372 2136 temporibus
413 2078 591 2136 locum,
630 2079 714 2125 ubi
749 2080 991 2126 Cornelius
1035 2082 1146 2126 olim
1178 2091 1322 2126 castra

83 2161 273 2196 metatus
303 2162 416 2208 erat,
444 2153 649 2198 nondum
688 2154 827 2200 fuisse
847 2155 1103 2201 habitatum
1130 2171 1187 2201 ex
1207 2157 1317 2201 Bell.

0 2255 1 2300 γ
74 2223 268 2286 ‘Civ.11,
293 2235 349 2280 24
374 2229 445 2287 (v.
468 2239 566 2277 not.
585 2229 702 2289 adp.
732 2236 818 2286 472
837 2233 852 2290 )
869 2231 1001 2275 facile
1021 2231 1313 2290 intelligitur.

82 2301 246 2348 Strabo
266 2303 530 2348 Castrorum
549 2304 736 2349 illorum
756 2321 847 2349 non
868 2306 1092 2351 meminit.
1115 2306 1319 2367 Pompo-

82 2378 187 2423 nius
209 2377 326 2423 Mela
349 2379 441 2435 ΙΙΙ,
473 2396 495 2435 7
522 2379 658 2424 habet
680 2381 867 2440 quidem
901 2393 1046 2425 castra
1080 2385 1222 2425 Loelia
1242 2382 1315 2441 (Ἴ,

81 2465 226 2497 castra
247 2457 474 2509 Cornelia,
508 2471 601 2500 non
624 2456 733 2501 satis
761 2466 912 2501 tamen
935 2457 1082 2515 liquet
1103 2472 1160 2501 an
1183 2458 1316 2517 oppi-

83 2529 191 2574 dum
211 2543 268 2573 an
293 2530 410 2574 nihil
430 2530 521 2575 nisi
544 2531 695 2575 locum
718 2531 910 2576 historia
930 2531 1155 2576 celebrem
1175 2532 1317 2590 signi-

81 2604 215 2649 ficare
229 2605 445 2662 voluerit,
473 2606 726 2665 praesertim
748 2622 888 2666 quum
902 2604 1083 2651 Plinius
1099 2606 1155 2662 V,
1177 2607 1200 2649 3
1223 2623 1316 2651 non

72 2679 305 2739 oppidum
339 2680 413 2724 vel
449 2680 602 2728 vicum
641 2680 720 2725 sed
755 2684 893 2725 locum
928 2683 1087 2726 Castra
1113 2682 1319 2726 Cornelia

82 2750 420 2815 consignaverit
439 2755 531 2817 (**).
552 2756 719 2802 Tutius
737 2756 834 2817 jam
851 2757 906 2802 de
924 2756 1097 2818 oppido
1118 2757 1318 2815 cogitare

82 2832 187 2879 licet
205 2833 325 2895 apud
345 2833 641 2879 Ptolemaeum
669 2833 744 2889 IV,
774 2834 797 2877 3
822 2834 846 2892 §
873 2834 899 2877 6
929 2832 944 2892 (
969 2830 1197 2893 Κορνηλίου
1230 2850 1320 2875 πα-

84 2908 315 2970 ρεμὸολή),
357 2911 530 2970 quippe
561 2911 641 2970 qui
681 2910 782 2954 loca
814 2908 1071 2954 inhabitata
1107 2923 1193 2954 nec
1225 2908 1317 2953 nisi

82 2985 245 3043 priscis
268 2985 427 3030 castris
449 2984 626 3029 nobilia
648 2994 807 3029 notare
827 3001 919 3029 non
941 2984 1098 3029 soleat.
1125 2983 1212 3028 Sed
1231 2983 1318 3028 hoc

48 3101 51 3104 t
87 3069 138 3104 ut
155 3069 204 3104 ut
227 3070 318 3116 est,
344 3060 547 3105 dubitari
565 3061 724 3120 nequit
739 3095 751 3117 ,
775 3061 889 3121 quin
912 3061 1043 3105 vicus
1067 3060 1116 3104 in
1136 3059 1317 3105 Castro.

87 3151 186 3182 rum
218 3136 368 3181 locum
402 3152 493 3181 non
535 3137 805 3182 successerit
844 3146 947 3182 ante
988 3146 1192 3196 tempora
1231 3135 1319 3180 Au-

86 3212 231 3270 gusti3
273 3227 356 3257 000
396 3214 549 3258 11110115
588 3212 896 3273 probabiliter
929 3223 1096 3269 statuas
1130 3221 1316 3272 portum

86 3286 222 3330 istum
241 3301 266 3330 a
284 3288 433 3332 nautis
456 3287 729 3332 hibernandi
748 3303 883 3332 causa
906 3298 1000 3332 tum
1025 3287 1206 3331 demum
1226 3287 1314 3330 sre-

88 3363 297 3420 quentari
337 3373 533 3423 coeptum
573 3379 671 3409 esse
713 3379 856 3423 quum
899 3363 1139 3423 proximus
1174 3361 1317 3406 Uticae

87 3445 246 3495 portus
270 3436 364 3481 luto
384 3447 427 3482 et
449 3453 584 3483 arena
616 3439 796 3484 inutilis
819 3448 1040 3484 evaserat.
1065 3439 1176 3482 Nam
1212 3451 1316 3496 pot»

732 164 811 209 DE
843 165 1127 231 ANONYMJ
1178 168 1526 219 STADIASMO
1561 176 1750 224 MARIS
1785 179 2000 230 MAGNI.

2444 215 2607 253 cxxvu

1401 283 1493 318 tum
1516 275 1626 320 olim
1647 277 1824 322 Uticam
1846 278 2058 326 habuisse
2070 298 2126 327 ex
2149 285 2278 332 Livio
2300 291 2446 348 (mv,
2468 299 2517 343 31
2538 303 2550 357 )
2569 315 2612 347 et

1397 348 1608 408 Appiano
1644 349 1790 412 (Pun.
1821 369 1859 399 0.
1882 352 1969 414 75)
1995 365 2168 401 constat
2200 369 2244 402 et
2273 371 2486 411 testantur
2517 374 2615 418 reli.

1398 421 1535 479 quiae,
1562 439 1662 482 quae
1674 435 1771 470 arte
1791 425 1957 471 factum
1977 438 2021 472 et
2032 429 2230 474 clausum
2250 432 2385 489 fuisse
2405 442 2612 496 produnt,

1398 495 1534 554 Apud
1549 496 1764 543 Nostrum
1788 515 1899 546 vero
1925 501 1968 560 (S
1988 503 2088 562 126)
2108 502 2239 548 Utica
2260 506 2402 564 λιμένα
2423 513 2494 555 οὐκ
2517 514 2615 574 ἔχει,

1399 567 1507 613 ἀλλὰ
1524 570 1649 616 σάλον
1667 570 1770 633 ἔχει.
1793 573 1940 633 Igitur
1958 585 2050 621 tum
2071 587 2231 637 portus
2247 578 2341 638 jam
2366 593 2462 626 erat
2484 585 2617 631 obru-

1399 653 1494 699 tus3
1534 646 1737 691 nondum
1768 663 1878 692 vero
1913 650 2048 694 fuerit
2086 652 2274 697 Caesaris
2314 657 2591 714 temporibus
2607 694 2618 715 ,

1398 721 1477 778 qui
1501 721 1646 764 Uticoe
1657 724 1839 766 classem
1855 725 2132 785 conscendit(
2146 726 2254 770 Bell.
2277 727 2417 772 Afric.
2445 747 2481 776 c.
2509 733 2621 792 98);

1397 808 1480 838 nec
1499 794 1728 852 proximis
1751 795 1918 841 abhinc
1942 799 2223 858 temporibus
2263 804 2388 857 urbs,
2413 804 2621 852 Caesareae

1399 869 1585 916 familiae
1606 867 1763 917 favore
1776 872 1955 933 pollens
1970 908 1982 931 ‚
2006 874 2116 919 artis
2140 891 2295 935 opera,
2320 894 2418 937 quae
2442 893 2620 940 portum

1398 956 1670 1002 tutarentur,
1689 949 1957 1007 neglexerit.
1969 948 2056 995 Sed
2066 951 2248 1009 quando
2260 953 2436 999 demum
2451 958 2619 1003 civium

1393 1020 1668 1067 industriam
1717 1023 1881 1068 vicerit
1928 1023 2143 1082 Bagradae
2176 1026 2302 1072 fluvii
2338 1030 2407 1074 vis
2442 1031 2623 1077 lutifera

1393 1107 1471 1140 aut
1494 1108 1625 1142 antea
1640 1096 1736 1157 jam
1769 1098 1954 1157 fregerit
1985 1099 2152 1144 vicinae
2190 1100 2474 1162 Carthaginis
2494 1122 2621 1152 rena-

1393 1185 1522 1217 scens
1545 1173 1748 1232 potentia
1761 1207 1773 1229 ‚
1794 1183 1984 1234 propter
2001 1175 2363 1224 testimoniorum
2384 1182 2620 1241 penuriam

1392 1246 1485 1291 dici
1506 1249 1680 1306 nequit.
1706 1249 1812 1309 Ipsa
1828 1260 1976 1295 autem
1997 1251 2244 1311 Carthago,
2269 1258 2351 1299 sub
2372 1256 2501 1315 cujus
2525 1275 2620 1304 mo-

1391 1324 1479 1369 lem
1513 1340 1653 1370 naves
1674 1324 1964 1385 appellebant
1989 1324 2098 1387 (***)‚
2117 1328 2282 1373 Nostro
2304 1327 2492 1375 vocatur
2511 1333 2624 1384 πόλις

1393 1398 1567 1459 μεγίστη
1610 1401 1651 1460 (S
1676 1402 1799 1459 124).
1827 1405 1936 1460 Quae
1965 1403 2150 1462 quidem
2184 1404 2297 1450 urbs
2328 1415 2449 1451 tanta
2472 1407 2622 1453 incre-

1391 1486 1650 1521 mentorum
1674 1477 1904 1522 celeritate
1928 1493 2011 1523 usa
2031 1489 2114 1534 est,
2141 1489 2190 1524 ut
2203 1479 2298 1539 jam
2323 1480 2484 1527 Strabo
2504 1483 2558 1527 de
2573 1498 2624 1527 ea

1389 1552 1629 1611 praedicet:
1665 1551 1704 1597 εἴ
1737 1571 1796 1605 τις
1827 1553 1933 1610 ἄλλη
1954 1556 2093 1606 καλῶς
2122 1557 2291 1600 οἰκεῖται
2315 1559 2395 1602 τῶν
2427 1559 2466 1602 ἐν
2490 1558 2621 1620 Λιὸύῃ

1388 1627 1562 1685 πόλεων,
1580 1639 1624 1674 01
1642 1631 1925 1690 Pomponius
1947 1631 2065 1678 Mela
2071 1637 2172 1687 jam
2199 1637 2351 1676 iterum
2371 1637 2621 1691 opulentam

1389 1702 1526 1750 dicat.
1546 1703 1611 1749 Ne
1635 1715 1783 1750 tamen
1808 1706 1863 1750 ad
1884 1706 1980 1750 haec
2005 1708 2116 1752 novi
2141 1708 2400 1767 splendoris
2422 1710 2619 1769 primor-

1389 1777 1464 1824 dia
1481 1789 1653 1825 aetatem
1675 1780 1915 1841 scriptoris
1931 1783 2077 1827 nostri
2090 1783 2320 1840 pertinere
2341 1798 2616 1839 censeamus,

1389 1856 1650 1916 impediunt
1667 1872 1767 1916 quae
1785 1857 1840 1901 de
1858 1858 1961 1902 aliis
1981 1857 2143 1917 Libyae
2165 1858 2348 1918 oppidis
2366 1859 2416 1903 in
2439 1858 2616 1918 periplo

1387 1930 1668 1976 referuntur.
1692 1930 1914 1976 Videlicet
1932 1932 2313 1991 quemadmodum
2331 1931 2465 1977 Utica
2486 1942 2618 1993 portu

1387 2020 1540 2050 carere
1569 2006 1756 2062 dicitur,
1788 2006 1854 2051 sic
1882 2006 2179 2052 Adrumetum
2214 2024 2398 2068 quoque
2421 2007 2530 2053 urbs
2553 2018 2618 2052 est

1387 2079 1576 2140 ἀλίμενος
1612 2081 1652 2143 (ἓ
1682 2083 1802 2141 116).
1830 2083 1981 2140 Igitur
2004 2083 2173 2127 cothon
2196 2083 2311 2144 ejus,
2354 2099 2488 2143 quem
2509 2083 2617 2129 Hir-

1385 2155 1475 2200 tius
1495 2156 1637 2215 (Bell.
1656 2156 1797 2202 Afric.
1817 2173 1855 2201 0.
1878 2158 1951 2202 62.
1968 2159 2041 2215 63)
2065 2169 2300 2214 memorat,
2316 2157 2409 2217 jam
2424 2172 2615 2202 evanue·

1385 2240 1470 2285 rat,
1492 2230 1626 2274 sicuti
1644 2231 1724 2289 qui
1745 2241 1900 2291 postea
1920 2230 1986 2275 ibi
2005 2231 2060 2275 ab
2082 2232 2310 2278 Arabibus
2331 2243 2613 2279 constructus

1386 2313 1452 2348 est
1474 2314 1634 2364 portus
1654 2306 1863 2363 egregius
1883 2321 2002 2348 nunc
2020 2306 2118 2364 ipse
2132 2323 2313 2366 quoque
2337 2308 2447 2352 adeo
2466 2308 2612 2352 homi-

1383 2394 1490 2423 num
1516 2380 1693 2424 incuria
1716 2381 1944 2437 neglectus
1969 2380 2112 2439 jacet,
2139 2391 2188 2424 ut
2214 2382 2262 2424 in
2289 2382 2383 2425 salo
2416 2381 2611 2427 navibus

1383 2452 1719 2498 subsistendum
1736 2454 1808 2497 sit.
1823 2452 2043 2498 Similiter
2055 2453 2530 2514 LeptisMagnaktuivot
2540 2457 2611 2500 οὐκ

1383 2528 1470 2590 ἔχει
1491 2531 1531 2589 (S
1551 2530 1625 2590 93)
1645 2548 1657 2585 3
1702 2530 1919 2573 nimirum
1946 2529 2125 2589 priscus
2147 2540 2306 2590 portus
2332 2540 2439 2574 11100
2458 2531 2608 2575 arenis

1384 2603 1577 2649 obrutus
1614 2613 1724 2659 erat,
1756 2615 1806 2648 ut
1840 2604 2086 2648 etiamnum
2126 2604 2285 2648 videre
2316 2613 2407 2660 est,
2450 2604 2611 2649 dirutis

1383 2679 1583 2724 molibus
1603 2695 1703 2738 quae
1733 2679 1904 2723 fluxum
1940 2680 2078 2724 maris
2104 2689 2147 2723 et
2169 2680 2366 2724 eluviem
2393 2690 2608 2726 arcerent.

1382 2754 1483 2798 Jam
1510 2770 1620 2798 vero
1644 2770 1785 2813 quum
1818 2754 1972 2812 Leptis
1994 2753 2079 2798 sub
2110 2753 2324 2798 Romanis
2356 2754 2611 2814 imperato-

1383 2829 1514 2874 ribus
1527 2829 1693 2873 eximie
1703 2828 1883 2873 floreret
1893 2838 1970 2872 eta
1982 2828 2203 2887 Septimio
2217 2828 2385 2872 Severo
2395 2829 2606 2884 maxime,

1385 2906 1459 2952 cui
1473 2921 1524 2952 ea
1539 2905 1651 2952 urbs
1667 2905 1815 2967 patria
1830 2914 1942 2962 erat,
1955 2904 2336 2965 splendidissimis
2347 2919 2609 2949 monumen-

1385 2984 1442 3028 tis
1479 2993 1737 3038 ornaretur‚
1773 2992 1976 3042 portum,
2014 2982 2307 3027 utilissimum
2349 2981 2610 3025 divitiarum

1384 3059 1762 3114 instrumentum,
1797 3073 1822 3102 a
1854 3057 2022 3102 Severo
2051 3072 2216 3115 susque
2245 3057 2388 3115 deque
2407 3055 2609 3099 habitum

1384 3133 1702 3193 undarumque
1744 3131 1950 3177 ludibrio
1974 3131 2208 3190 proditum
2246 3145 2342 3174 esse
2364 3144 2495 3173 nemo
2515 3144 2607 3172 non

1346 3234 1352 3241 ·
1385 3224 1486 3253 cum
1517 3207 1720 3263 Barthio,
1747 3206 2006 3251 doctissimo
2037 3205 2192 3264 Libyae
2211 3204 2510 3263 exploratore,
2530 3216 2608 3245 ne-

1385 3285 1574 3343 gaverit.
1616 3284 1773 3343 Itaque
1797 3292 1897 3343 post
1923 3297 2089 3325 annum
2127 3297 2215 3324 200
2239 3296 2282 3340 p.
2307 3279 2354 3324 C.
2381 3278 2606 3338 periplum

1384 3360 1605 3419 scriptum
1615 3373 1711 3403 esse
1720 3372 1984 3418 persuasum
1997 3365 2074 3399 est.
2088 3354 2157 3398 Ab
2167 3354 2307 3398 altera
2316 3363 2443 3413 parte
2453 3352 2607 3411 Leptis

1383 3433 1494 3479 urbs
1518 3432 1670 3478 Nostri
1696 3430 1977 3492 temporibus
2007 3428 2208 3473 nondum
2245 3427 2381 3471 bellis
2405 3426 2608 3471 Asturia·

135 3632 184 3681 (ί)
207 3632 356 3669 castra
374 3632 501 3670 Laelz'a
524 3632 537 3679 (
558 3634 676 3671 Delia
704 3633 830 3682 codd„
854 3637 990 3683 praeter
1021 3643 1140 3672 unum
1173 3633 1286 3671 Paris.
1306 3632 1318 3680 )
1352 3630 1505 3669 aliunde
1527 3639 1603 3667 non
1627 3628 1727 3666 nota.
1750 3626 1882 3666 Nescio
1902 3636 1949 3664 an
1971 3625 2048 3663 huc
2079 3623 2263 3673 pertineat
2290 3621 2491 3661 hodiernus
2510 3620 2608 3658 locus

86 3688 204 3726 Aliah
225 3686 298 3734 (510
313 3686 475 3733 Smyth.‚
501 3687 610 3725 Kala
629 3688 742 3726 Barth
761 3688 799 3726 in
816 3689 997 3738 mappa),
1022 3699 1136 3737 prope
1154 3698 1267 3736 quem
1286 3688 1437 3725 Castra
1463 3683 1649 3723 cornelia
1670 3681 1872 3731 quaerenda
1894 3690 1976 3719 esse
1991 3681 2157 3718 censent.
2337 3732 2345 3740 .
2571 3728 2579 3736 ·

136 3742 206 3790 (**)
224 3740 335 3785 Quod
367 3740 541 3778 Barthius
571 3741 881 3790 Wanderzmqen
902 3746 934 3791 Ι,
962 3754 997 3791 p.
1020 3748 1104 3793 211,
1139 3745 1218 3783 not.
1245 3750 1266 3782 6
1289 3743 1430 3781 habet:
1462 3756 1480 3774 α
1502 3740 1645 3779 Plinius
1670 3740 1786 3777 neunt
1814 3749 1862 3776 an
1895 3736 2022 3785 irgend
2042 3736 2143 3774 einer
2162 3734 2274 3773 Stelle
2309 3734 2367 3770 die
2387 3732 2515 3769 castra
2546 3737 2605 3789 010

86 3797 280 3845 oppidum
296 3794 626 3843 stipendiarium,
648 3797 720 3834 wie
741 3799 904 3836 ‚Morcelli
925 3799 1125 3845 3111111111»,
1151 3800 1287 3838 frustra
1312 3796 1466 3846 quaesivi
1482 3797 1521 3833 in
1539 3794 1672 3841 Plinio,
1693 3795 1757 3843 qui
1779 3793 2038 3831 Corneliorum
2055 3792 2283 3834 castrorum,
2302 3786 2482 3834 quantum
2499 3792 2603 3829 equi-

85 3851 171 3889 dem
191 3851 288 3897 scio,
310 3850 455 3888 nonnisi
486 3850 567 3888 loco
584 3851 736 3889 laudato
754 3853 937 3892 meminit.

135 3906 225 3953 (***)
246 3905 417 3954 Ὁρμίζου
432 3904 503 3943 ὑπὸ
522 3905 564 3944 τὸ
579 3909 692 3955 χῶμα
712 3907 845 3945 Noster
858 3908 923 3946 ait.
944 3908 1212 3947 Admovendus
1234 3909 1292 3947 his
1317 3908 1437 3946 verbis
1452 3907 1532 3946 erat
1556 3907 1660 3944 locus
1679 3904 1833 3953 Appiani
1856 3903 1892 3940 in
1910 3905 2003 3940 Pun.
2029 3911 2062 3939 c.
2086 3905 2151 3938 123
2174 3914 2181 3936 :
2203 3898 2237 3940 ἐς
2255 3897 2296 3934 τὸ
2315 3898 2424 3943 χῶμα
2450 3891 2604 3938 κατέφυ-

85 3974 164 4008 γον,
187 3961 226 3998 ὃν
243 3961 311 4009 πρὸ
326 3964 392 3998 τοῦ
414 3959 558 4009 τείχους
579 3961 784 4009 εὐρύχωρον
801 3962 972 4011 ἐμπόροις
993 3964 1026 4006 ἐς
1046 3964 1204 4003 διάθεσιν
1225 3967 1299 4003 τῶν
1318 3962 1471 4013 φορτίων
1487 3962 1670 4017 ἐγεγένητο
1694 3961 1734 3998 ἐκ
1757 3960 1904 3997 πολλοῦ.
1924 3958 1981 3996 Cf.
2008 3959 2159 3995 Dureau
2184 3952 2231 3989 de
2255 3951 2287 3987 la
2307 3948 2415 3986 Malle
2440 3944 2604 3983 11001101·-

87 4013 175 4052 ches
189 4025 263 4053 sur
282 4015 325 4054 la
355 4014 611 4063 topoqraplzie
637 4015 685 4054 de
711 4016 910 4065 oarclaaqe
932 4028 969 4065 p.
989 4023 1050 4056 52.
