2782 4348
32 32 37 42 a

20 134 27 143 ρ

0 0 30 199 ἶ

0 199 6 212 ³

0 213 27 286 ξ’
49 229 117 285 (σι,
134 226 206 284 62.)

0 310 312 411 ἓκινναμώμου
346 321 518 387 φοίνικός
536 339 581 366 τε
613 319 684 366 καὶ
715 319 908 379 καλάμου
926 319 998 365 καὶ
1019 322 1100 364 τῶν
1133 319 1274 365 ’ἄλλων

0 413 9 447 ξ
47 395 202 440 ἀνεῖται
237 397 316 440 τῶν
350 389 558 447 τοιούτων,
602 387 707 434 ὥστε
752 381 857 433 εἶναι
897 388 1042 448 μηδενὶ
1079 388 1189 452 λόγῳ
1228 389 1275 434 τὸ

0 453 2 462 ⁵
45 470 220 525 πρᾶγμα
241 458 438 517 δηλωτὸν,
463 457 485 503 ὃ
508 455 726 516 συμὸαίνει
743 462 825 508 τοῖς
855 455 950 519 περὶ
973 455 1046 508 τὰς
1069 456 1276 513 αἰσθήσεις

45 532 230 594 εἷληχόσι
257 533 342 574 ’τοῦ
370 525 509 588 γένους
544 524 617 580 τὴν
653 525 915 585 δοκιμασίαν.
984 526 1046 572 Οὐ
1086 526 1166 588 γὰρ
1200 526 1275 582 τὴν

0 630 1 637 1
44 596 416 662 τεθησαυρισμένην
462 595 532 641 καὶ
568 594 750 640 παλαιὰν
793 594 880 656 ἔχει
916 597 996 640 τῶν
1043 595 1273 657 ἀρωμάτων

45 670 286 724 ἀπόλαυσιν,
309 665 397 712 οὐδὲ
426 664 500 721 τὴν
521 664 603 710 ἀπὸ
625 669 697 710 τοῦ
720 668 942 726 γεννῶντος
963 663 1034 710 καὶ
1064 665 1275 729 τρέφοντος

42 738 163 799 ὄγκου
201 733 594 798 διακεχωρισμένην,
629 733 734 779 ἀλλὰ
758 733 832 789 τὴν
857 735 1054 780 ἀνθοῦσαν
1093 735 1173 780 ἀπὸ
1203 738 1275 791 τῆς

42 807 150 858 θείας
168 807 303 866 ἀκμῆς
324 803 394 850 καὶ
417 803 491 859 τὴν
525 802 606 848 ἀπὸ
637 806 718 848 τῶν
741 800 897 848 οἰκείων
923 802 994 848 καὶ
1024 807 1204 866 φυσικῶν
1228 804 1274 850 τὸ

43 875 349 935 θαυμαζόμενον
374 872 721 933 ἀποπέμπουσαν,
748 871 855 918 ὥστε
878 872 1054 925 πολλοὺς
1073 875 1127 925 εἷς
1145 873 1272 930 λήθην

0 964 12 996 )
43 944 311 1010 ἀφικομένους
330 945 410 989 τῶν
430 945 586 997 θνητῶν
619 942 920 1004 εὐτυχημάτων
946 945 1018 996 τῆς
1046 941 1275 1003 ἀμὸροσίας

43 1015 224 1061 ὑπονοεῖν
260 1011 586 1073 ἀπολαμὸάνειν,
618 1010 747 1071 ὄνομα
772 1014 843 1057 τοῦ
879 1011 1120 1073 πράγματος
1138 1014 1274 1068 ἐπιζη-

39 1088 200 1135 τοῦντος
223 1083 367 1128 οἰκεῖον
384 1085 457 1138 τῆς
478 1080 725 1143 ὃπερὸολῆς.

103 1170 158 1199 98.
186 1152 291 1214 Περὶ
319 1151 361 1197 δὲ
392 1150 483 1202 τοὺς
514 1148 687 1212 δρυμοὺς
714 1152 792 1194 τῶν
821 1150 983 1195 εὐωδῶν
1018 1149 1131 1210 γένος
1164 1150 1272 1196 ἐστὶν

41 1222 169 1286 ὄφεων
199 1221 410 1267 ἰδιώτατον
430 1220 610 1276 πάντων,
644 1219 763 1266 οἱονεὶ
790 1219 1013 1282 φθονούσης
1041 1227 1122 1272 τοῖς
1137 1220 1273 1283 ἁδροῖς

0 1310 18 1339 5
42 1291 314 1351 ἐπιτεύγμασι
333 1294 406 1346 τῆς
422 1289 551 1352 τύχης
573 1289 645 1335 καὶ
667 1288 1013 1351 παραπλεκούσης
1034 1291 1201 1352 τάγαθῷ
1226 1290 1272 1336 τὸ

44 1369 261 1431 βλαὸερὸν,
295 1367 404 1420 ὅπως
428 1367 569 1427 μηδεὶς
595 1368 651 1418 εἰς
680 1365 793 1418 τέλος
815 1365 1028 1429 ἐξυὸρίζων
1058 1368 1273 1418 τιτανῶδες

41 1439 110 1484 καὶ
142 1437 395 1498 κατεγνωκὸς
430 1440 499 1481 τοῦ
533 1435 638 1482 θείου
664 1435 710 1480 τὸ
746 1435 936 1498 φρόνημα
971 1435 1168 1498 λαμὸάνῃ
1191 1439 1271 1481 τῶν

42 1509 202 1568 ἀγαθῶν
225 1503 519 1567 εὐτυχούντων,
545 1503 791 1560 παιδεύηται
818 1503 860 1550 δὲ
882 1508 934 1567 τῇ
956 1505 1180 1567 παραθέσει
1202 1504 1273 1550 καὶ

41 1575 183 1637 μνήμῃ
203 1578 283 1621 τῶν
304 1573 510 1621 ἐναντίων.
578 1573 638 1620 Τὸ
667 1574 708 1618 δὲ
734 1573 847 1634 γένος
867 1576 947 1618 τῶν
970 1573 1100 1637 ὄφεων
1120 1578 1271 1636 χρῶμα

0 1669 18 1696 υ
40 1644 113 1705 μὲν
147 1643 232 1706 ἔχει
266 1647 488 1707 φοινικοῦν,
512 1646 641 1703 μῆκος
678 1642 720 1687 δὲ
754 1641 846 1687 ὅσον
875 1646 1111 1704 σπιθαμῆς,
1133 1645 1271 1706 δῆγμα

0 1782 26 1822 1.
41 1795 113 1837 γου
135 1776 329 1838 κρείττων
345 1778 370 1831 ἦ
391 1774 707 1834 προσπίπτουσα
727 1773 797 1818 καὶ
813 1777 981 1819 κινοῦσα
1000 1773 1071 1826 τὰς
1084 1774 1268 1820 ἑκάστων

40 1845 246 1902 αἰσθήσεις
268 1844 429 1890 εὐωδία·
453 1843 524 1889 καὶ
548 1843 627 1907 γὰρ
647 1842 739 1894 τοὺς
761 1841 1102 1904 παραπλέοντας,
1121 1844 1270 1906 καίπερ

38 1915 142 1961 πολὺ
172 1918 244 1970 τῆς
275 1914 426 1977 χέρσου
463 1912 815 1976 κεχωρισμένους,
843 1914 917 1958 οὐκ
943 1911 1142 1976 ’ἀμοίρους
1164 1915 1274 1960 ποιεῖ

38 1987 109 2039 τῆς
146 1982 334 2040 τοιαύτης
377 1983 658 2033 ἀπολαύσεως.
733 1980 857 2028 Κατὰ
888 1979 967 2044 γὰρ
997 1982 1072 2038 τὴν
1107 1983 1270 2045 ἐαρινὴν

0 2073 17 2104 5
39 2053 168 2116 ὥραν,
203 2053 300 2098 ὅταν
326 2052 475 2113 ἄνεμος
514 2052 702 2113 ἀπόγειος
735 2051 923 2112 γένηται,
956 2052 1174 2112 συμὸαίνει
1199 2053 1272 2106 τὰς

40 2123 121 2168 ἀπὸ
152 2125 233 2168 τῶν
267 2123 556 2187 σμυρνοφόρων
593 2122 766 2183 δένδρων
807 2121 877 2167 καὶ
913 2124 994 2167 τῶν
1025 2122 1161 2169 ἄλλων
1191 2127 1270 2169 τῶν

37 2191 230 2239 τοιούτων
269 2193 578 2252 ἀποπνεομένας
613 2190 783 2242 εὐωδίας
821 2192 1057 2237 διικνεῖσθαι
1082 2192 1182 2253 πρὸς
1220 2193 1271 2238 τὰ

39 2264 210 2318 πλησίον
238 2262 342 2323 μέρη
362 2267 436 2318 τῆς
461 2260 686 2315 θαλάττης·
712 2262 756 2304 οὐ
780 2258 860 2321 γὰρ
884 2259 1023 2322 ὥσπερ
1048 2264 1147 2324 παρ’
1170 2265 1271 2322 ἡμῖν

0 2363 1 2366 =
40 2329 314 2390 ἀποκειμένην
353 2330 423 2376 καὶ
460 2328 643 2375 παλαιὰν
689 2327 774 2389 ἔχει
810 2327 884 2384 τὴν
919 2331 999 2374 τῶν
1040 2330 1270 2392 ἀρωμάτων

4 2419 18 2450 J
41 2400 174 2462 φύσιν,
198 2398 304 2444 ἀλλὰ
325 2398 397 2454 τὴν
422 2398 686 2458 ἀκμάζουσαν
710 2400 750 2442 ἐν
780 2397 890 2442 ἄνθει
922 2397 1071 2460 νεαρὰν
1098 2399 1269 2459 δύναμιν

39 2468 110 2514 καὶ
138 2468 416 2528 διικνουμένην
439 2466 540 2529 πρὸς
562 2465 614 2511 τὰ
640 2464 1002 2529 λεπτομερέστατα
1025 2470 1097 2522 τῆς
1127 2469 1266 2523 αἰσθή-

41 2557 153 2589 σεως.
223 2536 485 2597 Κομιζούσης
501 2535 581 2598 γὰρ
600 2538 673 2590 τῆς
693 2533 819 2598 αὔρας
847 2534 920 2590 τὴν
947 2535 1168 2598 ἀπόρροιαν
1189 2540 1269 2582 τῶν

40 2606 342 2662 εὐωδεστάτων,
361 2605 612 2667 προσπίπτει
630 2610 713 2656 τοῖς
732 2602 1012 2665 προσπλέουσι
1031 2604 1104 2660 τὴν
1129 2605 1270 2668 παρά-

38 2676 123 2720 λιον
149 2673 348 2736 προσηνὲς
366 2675 436 2718 καὶ
462 2672 591 2730 πολὺ,
614 2672 716 2735 πρὸς
741 2672 782 2718 δὲ
816 2672 972 2726 τούτοις
1005 2673 1176 2734 ὑγιεινὸν
1199 2674 1269 2719 καὶ

0 2731 19 2792 1»
41 2743 382 2806 παρηλλαγμένον
418 2745 462 2788 ἐκ
500 2745 580 2788 τῶν
617 2742 793 2804 ἀρίστων
832 2743 986 2803 μῖγμα,
1018 2741 1109 2788 οὔτε
1135 2741 1266 2805 (γὰρ)

0 2849 1 2852 ¹
39 2812 295 2873 τετμημένου
315 2818 386 2858 τοῦ
409 2816 570 2875 καρποῦ
586 2811 657 2857 καὶ
674 2811 746 2867 τὴν
767 2811 871 2857 ἰδίαν
891 2809 1027 2871 ἀκμὴν
1048 2813 1271 2858 ἐκπεπνευ-

40 2883 177 2940 κότος,
200 2881 291 2927 οὔτε
311 2882 384 2937 τὴν
419 2881 612 2927 ἀπόθεσιν
634 2880 797 2943 ἔχοντος
820 2883 861 2926 ἐν
893 2880 1165 2943 ἑτερογενέσιν
1199 2885 1270 2943 ἀγ-

40 2951 183 3011 γείοις,
209 2951 299 2997 ἀλλ’
323 2952 395 2996 ἀπ’
424 2952 549 3006 αὐτῆς
571 2954 644 3006 τῆς
676 2950 938 3012 νεαρωτάτης
957 2950 1080 3013 ὥρας,
1110 2950 1181 2996 καὶ
1203 2952 1270 2996 τὸν

48 3021 221 3081 βλαστὸν
244 3021 433 3082 ἀκέραιον
454 3019 741 3082 παρεχομένης
759 3024 832 3075 τῆς
856 3019 964 3072 θείας
980 3020 1150 3083 φύσεως·
1166 3019 1271 3066 ὥστε

15 3111 21 3131 ›
42 3089 132 3141 τοὺς
158 3090 550 3150 μεταλαμὸάνοντας
569 3093 642 3145 τῆς
665 3089 865 3145 ἰδιότητος
894 3090 1026 3135 δοκεῖν
1049 3090 1271 3136 ἀπολαύειν

42 3163 114 3214 τῆς
146 3160 497 3221 μυθολογουμένης
525 3159 752 3221 ἀμὸροσίας
776 3159 842 3204 διὰ
871 3159 916 3205 τὸ
946 3158 1018 3215 τὴν
1043 3160 1271 3222 ὑπερὸολὴν

43 3231 114 3284 τῆς
138 3230 302 3281 εὐωδίας
323 3230 527 3290 μηδεμίαν
550 3228 689 3292 ἑτέραν
709 3229 907 3291 εὑρίσκειν
934 3229 1088 3275 οἰκείαν
1111 3248 1271 3294 προση-

43 3296 198 3359 γὀρίαν.

108 3382 161 3411 98.
197 3367 258 3411 Οὐ
293 3366 372 3426 μὴν
412 3367 632 3430 ὁλόκληρον
661 3370 732 3413 καὶ
766 3368 892 3431 χωρὶς
921 3369 1064 3431 φθόνου
1107 3369 1181 3425 τὴν
1213 3371 1274 3414 εὐ-

48 3433 258 3494 δαιμονίαν
297 3438 378 3487 τοῒς
412 3438 637 3499 ἀνθρώποις
673 3442 699 3494 ἡ
732 3437 837 3499 τύχη
876 3441 1130 3500 περιέθηκεν,
1168 3438 1273 3484 ἀλλὰ

45 3504 126 3553 τοῖς
153 3501 403 3557 τηλικούτοις
434 3505 648 3567 δωρήμασι
676 3506 894 3567 παρέζευξε
917 3507 962 3552 τὸ
999 3508 1180 3569 βλάπτον
1204 3507 1275 3553 καὶ

44 3575 283 3626 νουθετῆσον
306 3572 398 3624 τοὺς
424 3574 490 3618 διὰ
513 3575 585 3629 τὴν
611 3574 822 3637 συνέχειαν
846 3580 924 3621 τῶν
950 3580 1112 3637 ἀγαθῶν
1136 3578 1273 3623 εἰωθό·

45 3661 117 3693 τας
150 3645 418 3703 καταφρονεῖν
452 3646 532 3687 τῶν
560 3647 674 3690 θεῶν.
744 3643 864 3690 Κατὰ
893 3645 973 3706 γὰρ
995 3645 1087 3697 τοὺς
1121 3648 1275 3691 εὐωδε-

49 3710 218 3761 στάτους
260 3710 434 3771 δρυμοὺς
470 3710 599 3773 ὄφεων
638 3714 818 3775 ὑπάρχει
853 3714 1034 3773 πλῆθος,
1060 3713 1099 3759 οἳ
1128 3713 1173 3759 τὸ
1201 3715 1274 3771 μὲν

47 3783 196 3842 χρῶμα
222 3778 598 3841 φοινικοῦν·ἔχουσι,
627 3785 756 3840 μῆκος
777 3780 818 3825 δὲ
835 3785 1065 3842 σπιθαμῆς,
1084 3782 1275 3843 δήγματα

971 220 1051 264 DE
1084 217 1248 264 MARI‘
1274 219 1642 265 ERYTHRAEO.

1339 3783 1491 3824 tudine
1509 3781 1720 3835 spithamae
1735 3811 1746 3829 ,
1769 3787 1807 3819 et
1826 3793 1965 3819 morsu
1985 3778 2105 3834 plane
2137 3776 2443 3818 immedicabili.

2487 235 2569 274 187

1344 334 1385 366 ct
1398 326 1541 380 palmae
1556 334 1597 367 et
1615 326 1758 368 calami
1774 334 1815 367 et
1830 325 1873 367 id
1884 340 2011 380 genus
2026 325 2202 366 aliorum
2217 339 2453 382 exsurgunt,
2472 333 2574 373 adeo

1343 409 1392 441 ut
1413 401 1525 442 nulla
1554 402 1714 444 ratione
1742 394 1935 458 explicari
1967 409 2089 456 queat
2109 401 2296 456 voluptas
2320 403 2482 445 illorum
2505 410 2574 461 qui

1345 475 1533 517 sensibus
1554 477 1638 517 suis
1664 477 1895 532 periculum
1917 476 1970 517 de
1991 476 2056 516 his
2091 475 2291 517 fecerunt.
2349 479 2443 519 Non
2467 483 2574 522 enim

1344 552 1388 592 in
1404 551 1522 592 cellas
1535 551 1684 593 abditis
1699 561 1739 593 et
1754 553 1921 594 exoletis
1937 536 2189 594 aromatibus
2202 552 2258 592 illi
2275 552 2485 606 fruuntur,
2503 571 2578 597 nec

1345 642 1369 668 a
1388 628 1560 668 materia
1576 636 1820 683 procreante
1842 637 1883 669 et
1901 629 2108 669 nutriente
2127 629 2336 683 separatis,
2355 629 2426 671 sed
2447 645 2539 686 quae
2555 648 2578 673 a

1345 702 1485 745 divina
1517 703 1584 744 illa
1603 705 1839 745 maturitate
1874 703 2011 745 adhuc
2036 704 2225 755 floreant,
2258 714 2298 746 et
2333 721 2357 747 a
2391 706 2576 750 familiari

1343 780 1598 835 proprioque
1619 788 1659 821 et
1677 781 1857 834 genuino
1890 781 2030 834 vigore
2059 781 2143 820 vim
2165 780 2274 822 illam
2296 782 2578 827 admirabilem

1344 857 1536 898 emittant
1550 887 1562 907 ,
1586 870 1718 911 usque
1738 855 1841 897 adeo
1869 864 1917 897 ut
1937 855 2056 896 multi
2079 857 2123 896 in
2155 857 2403 900 oblivionem
2426 870 2577 902 morta-

1343 933 1392 974 lis
1416 933 1540 975 delati
1568 933 1784 984 felicitatis,
1816 932 1869 974 de
1898 932 2104 974 ambrosia
2125 948 2168 974 se
2195 936 2403 990 percipere
2428 941 2577 979 nonni-

1343 1010 1402 1050 hil
1430 1010 1669 1065 opinentur,
1690 1009 1794 1051 dum
1822 1024 1887 1051 res
1908 1024 2063 1050 nomen
2088 1009 2141 1050 ad
2159 1024 2362 1052 summam
2385 1014 2579 1068 praedica-

1344 1087 1500 1128 tionem
1521 1085 1721 1128 idoneum
1740 1095 1781 1128 et
1805 1101 1881 1143 par
1898 1086 1975 1127 sibi
1998 1086 2160 1141 quaerit.

1399 1157 1468 1208 98.
1493 1157 1543 1195 In
1573 1155 1741 1195 saltibus
1763 1169 1903 1196 rerum
1925 1153 2191 1195 odoratarum
2217 1158 2415 1210 serpentis
2451 1173 2578 1212 genus

1343 1224 1404 1256 est
1421 1217 1611 1257 omnium
1632 1216 2000 1257 insolentissimum
2014 1247 2026 1266 ,
2045 1216 2159 1270 quasi
2176 1216 2340 1259 fortuna
2358 1227 2441 1260 tam
2460 1220 2578 1275 largis

1342 1286 1462 1319 terrae
1487 1278 1718 1319 commodis
1747 1278 1953 1329 invideat,
1985 1286 2026 1319 et
2052 1278 2165 1319 bono
2187 1288 2338 1321 attexat
2355 1296 2579 1324 nocumen-

1343 1347 1455 1390 tum,
1481 1355 1533 1380 ne
1564 1341 1656 1395 quis
1686 1340 1807 1382 bonis
1836 1355 2033 1396 prospere
2061 1339 2326 1382 affluentibus
2357 1345 2495 1385 animo
2524 1346 2580 1385 ef-

1344 1401 1499 1443 feratur
1530 1403 1725 1458 superbo,
1758 1411 1799 1444 et
1835 1404 1997 1458 flagitiis
2033 1417 2165 1458 usque
2193 1405 2475 1459 perpetrandis
2517 1408 2579 1447 in-

1350 1464 1512 1519 dulgeat
1559 1480 1798 1521 numenque
1842 1474 2098 1522 aspernetur,
2150 1466 2223 1507 sed
2272 1466 2500 1521 adjectione
2542 1479 2581 1510 et

1350 1529 1551 1569 memoria
1562 1528 1828 1570 adversorum
1839 1529 2203 1580 commonefactus,
2219 1530 2344 1570 vitam
2359 1531 2581 1576 modestius

1350 1596 1456 1641 agat.
1516 1590 1657 1630 Genus
1689 1589 1732 1630 id
1757 1591 1956 1645 serpentis
1989 1589 2125 1630 colore
2150 1598 2210 1629 est
2226 1591 2402 1644 puniceo
2425 1601 2464 1632 et
2489 1593 2578 1633 lon-

1351 1647 1534 1701 gitudine
1560 1649 1772 1703 spithamae
1803 1664 2024 1705 morsuque
2056 1649 2296 1698 insanabili,
2322 1652 2488 1704 quando
2516 1668 2580 1693 su-

1342 1791 1433 1831 quae
1455 1785 1495 1818 et
1520 1779 1665 1833 procul
1688 1781 1969 1821 continentem
1985 1781 2092 1821 hanc
2110 1783 2494 1837 praeternavigantes
2511 1799 2580 1825 vo-

1341 1861 1506 1917 luptatis
1528 1877 1611 1904 suae
1633 1879 1718 1905 non
1745 1866 1950 1905 immunes
1969 1879 2055 1906 esse
2089 1866 2260 1921 patitur.
2320 1870 2442 1909 Veris
2469 1872 2579 1911 enim

1341 1959 1527 2005 tempore
1559 1951 1758 1991 excitatus
1785 1966 1809 1992 a
1827 1960 1939 1992 terra
1967 1959 2113 1992 ventus
2141 1967 2164 1993 e
2189 1954 2444 2009 myrrhiferis
2469 1965 2510 1997 et
2538 1958 2581 1998 id

1342 2053 1469 2092 genus
1483 2038 1627 2080 ceteris
1645 2037 1821 2079 arbustis
1831 2047 2124 2094 promanantes
2143 2038 2321 2081 odorum
2336 2055 2454 2083 auras
2470 2044 2512 2083 in
2528 2045 2582 2083 vi-

1343 2123 1454 2163 cinas
1472 2124 1597 2164 maris
1615 2123 1749 2179 partes
1769 2126 2024 2166 transmittit.
2084 2126 2178 2166 Non
2196 2127 2308 2166 enim
2324 2125 2522 2180 abjectam
2542 2136 2581 2167 et

1342 2208 1457 2259 quasi
1482 2209 1779 2250 exolescentem
1793 2241 1805 2260 ,
1844 2219 1890 2250 ut
1912 2210 2023 2265 apud
2045 2225 2120 2251 nos
2134 2242 2146 2262 ,
2181 2219 2364 2252 aromata
2390 2218 2580 2251 naturam

1342 2292 1515 2345 habent,
1536 2295 1608 2336 sed
1628 2297 1822 2337 virtutem
1851 2295 1988 2338 adhuc
2011 2311 2161 2338 novam
2182 2305 2222 2338 et
2244 2298 2287 2337 in
2311 2298 2412 2337 flore
2438 2297 2577 2348 vigen-

1341 2386 1425 2419 tem
1447 2379 1499 2419 ad
1519 2380 1686 2420 intimos
1716 2394 1847 2434 usque
1876 2395 2018 2421 sensus
2039 2381 2243 2421 subtiliter
2262 2378 2573 2420 transfundunt.

1341 2465 1454 2504 Dum
1479 2465 1590 2504 enim
1611 2473 1877 2519 evaporantes
1900 2463 2320 2519 fragrantissimorum
2341 2464 2572 2518 germinum

1341 2550 1507 2604 spiritus
1527 2564 1636 2591 aurae
1658 2558 1962 2605 transportant,
1987 2550 2035 2591 fit
2066 2558 2114 2591 ut
2130 2549 2317 2605 jucunda
2342 2557 2383 2590 et
2413 2550 2579 2603 copiosa

1340 2646 1417 2672 nec
1452 2646 1537 2672 non
1573 2633 1736 2672 sanitati
1772 2631 2011 2673 'conducens
2039 2640 2079 2673 et
2100 2633 2292 2672 inusitata
2323 2645 2374 2671 ex
2412 2631 2578 2685 optimis

1341 2714 1540 2755 odoribus
1567 2715 1749 2755 mixtura
1770 2714 1823 2755 ad
1854 2714 2032 2768 legentes
2065 2728 2180 2755 oram
2207 2713 2317 2753 illam
2355 2711 2579 2753 deferatur.

1340 2797 1436 2838 Non
1456 2798 1567 2838 enim
1588 2812 1639 2838 ex
1659 2797 1798 2838 fructu
1813 2797 1971 2838 absciso
1984 2828 1996 2848 ,
2018 2805 2060 2838 et
2076 2796 2193 2851 cujus
2212 2797 2328 2851 vigor
2341 2794 2430 2850 jam
2449 2796 2582 2850 exspi-

1341 2880 1514 2930 raverit,
1536 2887 1607 2919 aut
1625 2880 1697 2934 qui
1728 2880 1771 2919 in
1792 2878 1943 2919 diversi
1959 2880 2118 2933 generis
2135 2892 2229 2920 vasa
2247 2878 2299 2919 sit
2315 2877 2555 2919 reconditus
2568 2911 2579 2929 ‚

1344 2959 1417 3000 sed
1452 2974 1476 3000 a
1516 2960 1672 3000 recenti
1713 2959 1948 3000 maturitate
1983 2967 2025 3000 et
2064 2959 2205 3001 divina
2245 2960 2412 3001 sincerae
2444 2960 2582 3014 stirpis

1346 3049 1496 3082 natura
1514 3040 1711 3082 odoratus
1726 3041 1792 3081 ille
1814 3049 2051 3096 promanat3
2070 3041 2173 3083 adeo
2195 3050 2257 3091 ut,
2276 3043 2347 3097 qui
2362 3042 2580 3097 participes

1343 3121 1467 3178 hujus
1488 3122 1587 3164 boni
1613 3123 1709 3172 sint,
1744 3121 1951 3163 ambrosia
1974 3121 2120 3162 fabulis
2141 3121 2355 3162 decantata
2386 3122 2463 3161 sibi
2497 3121 2577 3161 frui

1344 3207 1577 3258 videantur,
1597 3220 1728 3262 quum
1751 3220 1912 3246 summa
1945 3203 2122 3245 odorum
2145 3203 2319 3243 suavitas
2345 3201 2509 3255 dignius
2538 3216 2579 3241 se

1345 3304 1499 3330 nomen
1517 3288 1629 3330 haud
1648 3289 1842 3328 inveniat.

1403 3374 1472 3426 98.
1490 3370 1503 3427 (
1523 3375 1620 3427 Cap.
1637 3373 1704 3423 47.
1720 3372 1736 3423 )
1752 3370 1838 3409 Nec
1853 3376 1990 3407 tamen
2004 3367 2203 3420 integram
2218 3365 2410 3420 nullaque
2423 3365 2577 3405 invidia

1345 3440 1593 3495 permixtam
1622 3437 1729 3478 hanc
1759 3435 1991 3476 felicitatem
2023 3448 2111 3474 sors
2131 3433 2369 3474 hominibus
2402 3433 2575 3482 affudit,

1347 3510 1419 3550 sed
1451 3509 1573 3550 tantis
1603 3506 1769 3547 dotibus
1791 3512 2089 3546 nocumentum
2122 3502 2333 3559 quoddam
2365 3502 2575 3557 adjunxit,

1348 3593 1431 3633 quo
1446 3592 1519 3633 per
1534 3576 1768 3617 continuam
1785 3574 1991 3614 bonorum
2008 3572 2260 3613 affluentiam
2279 3571 2378 3612 deos
2398 3579 2578 3612 contem-

1348 3661 1446 3687 nere
1464 3645 1570 3685 soliti
1601 3643 1767 3684 meliora
1792 3641 2034 3682 doceantur.
2094 3640 2227 3681 Saltus
2255 3639 2369 3680 enim
2396 3638 2578 3693 fragran-

1347 3716 1490 3756 tissimi
1522 3712 1778 3767 serpentibus
1801 3709 2036 3761 abundant,
2067 3710 2204 3751 colore
2225 3709 2424 3765 puniceo,
2448 3708 2577 3761 longi-

2503 3778 2578 3815 As-

50 3984 115 4035 δης
129 4015 139 4034 ,
163 3985 263 4038 ταχὺ
286 3985 319 4024 δ’
336 3984 506 4037 ἐξίτηλον
531 3983 599 4035 τὴν
620 3983 741 4040 ὀδμὴν
765 3985 922 4039 ἔχουσα.
947 3987 963 4040 Η
982 4011 1038 4016 -
1056 4000 1120 4040 17.
1143 3986 1275 4041 δένδρη

53 4046 136 4086 AC.
158 4049 176 4099 Η
192 4071 247 4077 —
271 4061 307 4087 1.
330 4047 520 4102 καλάμο
536 4050 584 4100 υ]
604 4063 658 4088 sc.
688 4047 945 4103 ἀρωματικοῦ.
1195 4054 1198 4057 ’

1406 3988 1427 4037 S
1450 3989 1518 4026 98.
1543 3985 1758 4037 Serpentes
1777 3981 1991 4022 Herodoto
2013 3983 2089 4030 ΙΙΙ,
2113 3994 2187 4031 107
2207 3978 2400 4018 dicuntur
2421 3975 2580 4015 ὒπόπτε·

1350 4064 1423 4104 ροι,
1449 4046 1574 4101 μικροὶ
1592 4045 1638 4085 τὰ
1671 4046 1839 4100 μεγάθεα
1856 4076 1867 4095 ,
1893 4043 2062 4084 ποικίλοι
2081 4042 2127 4082 τὰ
2148 4040 2263 4081 εἴδεα.
2292 4038 2454 4078 Rectius
2475 4039 2578 4090 Aga-
