2756 4354
162 157 221 198 1⁰

162 325 215 384 τῇ
229 325 284 384 γῇ
298 319 437 367 πεδίον
489 338 525 365 ν·
544 316 635 365 ὅθεν
656 315 796 367 νυκτὸς
814 315 1065 377 ὀφεωρῶμεν
1080 311 1384 375 πῦράναφςρό.

161 408 283 451 μενον
319 389 579 452 πανταχόθεν
611 388 705 434 κατ’
734 382 1006 442 ἀποστάσεις,
1042 380 1091 425 τὸ
1130 380 1206 440 μὲν
1245 380 1389 441 πλέον,

159 460 205 508 τὸ
224 462 261 508 δ’
280 461 464 507 ἔλαττον.

226 547 282 578 u.
307 527 630 591 Ὕδρευσᾶμενοι
648 524 855 570 δ”ἐκεῑθεν
879 520 1082 581 ἐπλέομεν
1098 522 1155 573 εἷς
1176 519 1391 585 τοῦμπρο-

161 603 255 646 σθεν
277 598 437 659 ἡμέρας
462 595 580 641 πέντε
602 591 717 655 παρὰ
738 595 831 653 γῆν,
851 590 951 654 ἄχρι
968 590 1150 652 ἤλθομεν
1179 592 1238 644 εἷς
1259 589 1392 652 με’γαν

157 668 325 723 κόλπον,
364 665 407 711 ὃν
444 664 602 727 ἔφασαν
639 663 677 707 οἱ
706 659 903 723 ἑρμηνέες
933 661 1152 708 καλεῖσθαι
1184 659 1391 724 Ἑσπέρου

156 736 310 799 Κέρας.
380 733 454 781 Ἔν
487 732 531 778 δὲ
562 729 695 793 τούτῳ
732 733 855 787 νῆσος
885 723 938 788 ἦν
962 730 1126 793 μεγάλη
1161 730 1234 777 καὶ
1266 732 1309 776 ἐν
1339 734 1392 781 rii

154 926 211 935 —
231 897 283 953 ἧς
315 900 391 943 ἐπὶ
423 900 605 955 θάτερα
637 899 1046 953 κτλ.]Οοιιοίηυίυ5
1079 898 1186 940 soret
1209 894 1253 939 οὗ
1274 897 1336 941 ἐπὶ
1359 898 1396 940 θ.

154 967 302 1018 Ingens
325 963 390 1004 ille
415 963 551 1005 hiatus
580 976 706 1018 quem
734 975 850 1004 mare
869 962 912 1003 in
940 969 1094 1003 terram
1124 974 1168 1002 se
1187 961 1400 1002 insinuans

154 1026 372 1075 efficiebat,
394 1025 595 1082 cujusque
621 1025 675 1067 ab
693 1024 822 1067 altero
842 1024 968 1067 latere
990 1025 1035 1066 in
1058 1024 1298 1066 continente
1315 1023 1402 1080 pla·

154 1092 275 1132 nities
295 1099 408 1141 erat,
432 1089 535 1131 dum
558 1089 612 1131 ad
642 1089 818 1131 alterum
847 1088 955 1131 latus
976 1096 1140 1130 montes
1158 1086 1287 1129 modo
1315 1102 1402 1130 me·

153 1155 302 1195 morati
321 1152 610 1210 pertingebant
630 1165 640 1194 ε
663 1153 698 1194 is
717 1152 870 1203 hiatus,
885 1153 1072 1208 inquam,
1092 1151 1262 1205 intelligi
1277 1150 1423 1193 debet·

152 1215 233 1258 late
267 1215 446 1258 effusum
479 1216 632 1257 ostium
666 1214 854 1257 Gambiae
882 1214 998 1256 fluvii
1038 1213 1298 1270 (Μασιθόλου
1330 1228 1398 1270 ap.

154 1278 331 1322 Ptolem.
347 1293 392 1335 p.
410 1291 510 1333 292,
532 1278 581 1320 13
592 1278 626 1334 ),
645 1286 690 1319 ut
706 1286 818 1320 recte
830 1286 971 1320 censet
986 1276 1211 1319 Renuelius
1229 1276 1398 1333 (Geogr.

153 1350 257 1396 syst.
294 1340 349 1395 of
374 1339 572 1383 Herodoe.
607 1354 651 1396 p.
678 1340 806 1397 719),
840 1341 904 1382 vir
930 1354 1071 1382 rerum
1097 1341 1400 1382 maritimarum

154 1405 453 1460 peritissimus,
487 1404 560 1460 qui
592 1402 645 1445 de
681 1411 890 1459 postrema
925 1403 1077 1459 Peripli
1113 1404 1245 1444 nostri
1283 1411 1401 1459 parte

156 1467 319 1522 egregie
354 1467 531 1517 meruit,
563 1464 764 1521 cujusque
802 1466 983 1507 rationes
1009 1464 1192 1507 Ukertus
1231 1479 1401 1521 quoque

154 1528 362 1586 probavit.
389 1527 670 1571 Latitudinem
693 1528 880 1570 Gambiae
905 1527 958 1570 ad
977 1529 1136 1570 exitum
1167 1530 1301 1570 60·80
1323 1536 1403 1570 sta-

156 1589 325 1632 diorum
346 1605 434 1633 esse
452 1588 579 1632 tradit
596 1589 860 1631 Cadamosto.
891 1593 952 1632 Ac
970 1598 1086 1631 tanto
1111 1589 1269 1631 facilius
1297 1591 1403 1632 acci·

158 1650 220 1694 dit
238 1660 286 1694 ut
307 1653 459 1694 ostium
485 1652 598 1694 fluvii
617 1666 696 1709 pro
718 1654 843 1694 maris
861 1652 976 1694 hiatu
994 1652 1233 1704 haberetur,
1250 1654 1284 1693 si
1300 1667 1402 1709 prae-

161 1716 435 1771 ternavigasse
449 1715 699 1757 Hannonem
718 1723 946 1757 statuamus
961 1730 1101 1758 mense
1118 1714 1309 1765 Octobri,
1329 1730 1402 1757 seu

158 1778 264 1820 sicca
282 1779 380 1820 anni
400 1786 658 1835 tempestate,
677 1792 758 1834 qua
777 1779 928 1820 fluvius
946 1793 1076 1835 purus
1094 1778 1185 1819 ssuit
1199 1777 1403 1835 placidus-

158 1854 256 1896 que.
281 1842 372 1882 Hoc
401 1850 539 1883 autem
573 1849 737 1897 tempus
766 1842 925 1882 itineris
958 1841 1082 1883 fuisse
1113 1856 1164 1882 ex
1196 1855 1247 1882 eo
1279 1842 1402 1882 etiam

163 1901 443 1954 concluditur,
475 1901 590 1958 quod
612 1902 751 1944 herbae
775 1904 985 1945 exsiecatae
1006 1912 1107 1945 tunc
1140 1903 1305 1945 incendi
1338 1919 1403 1945 so-

161 1963 269 2014 lent;
298 1963 416 2020 cujus
446 1964 627 2007 incendii
651 1966 837 2007 flammas
862 1967 1123 2021 agnoscimus
1154 1968 1196 2007 in
1221 1967 1403 2007 flumini-

162 2027 240 2068 bus
258 2026 335 2069 illis
353 2028 499 2082 igneis,
516 2041 609 2084 quae
623 2036 918 2084 praetereuntes
935 2029 1290 2082 Carthaginienses
1305 2044 1403 2070 con-

160 2098 399 2146 spexerunt.
423 2090 440 2141 ΙΙ
461 2114 519 2123 -
537 2090 705 2139 νυκτὸς
732 2089 1027 2147 ἀφεωρῶμεν
1058 2094 1179 2147 πῦρ]
1197 2092 1261 2133 Cf.
1279 2094 1302 2145 S
1322 2095 1368 2141 14
1390 2116 1400 2135 ι

160 2149 303 2207 ἡμέρας
327 2151 395 2208 μὶν
416 2150 524 2194 οὗδὶν
546 2150 778 2209 ἄφιωρῶμεν
798 2154 858 2194 ὅτι
878 2151 931 2209 μὴ
954 2154 1074 2206 ὕλην.
1095 2153 1228 2201 νυκτὸς
1243 2153 1284 2194 δὲ
1305 2155 1405 2210 πυρά

161 2232 204 2260 τε
226 2218 357 2261 πολλά
374 2218 481 2269 κτλ.,
506 2218 650 2274 ibique
672 2228 761 2261 not.

217 2283 242 2335 S
263 2284 327 2330 ¹4·
353 2280 540 2323 κόλπον
564 2278 802 2337 Ἑσπέρου
824 2281 991 2337 Κέρας]
1011 2282 1127 2337 Κέρας
1155 2281 1405 2326 vocabulum

160 2342 404 2399 plerumque
422 2342 476 2385 de
491 2345 695 2386 montium
716 2344 939 2386 verticibus
960 2344 1023 2386 vel
1038 2344 1090 2386 de
1105 2348 1406 2401 promontoriis

163 2407 207 2447 in
238 2420 352 2447 mare
371 2406 687 2449 excurrentibus
719 2415 947 2464 usurpant;
971 2422 1276 2464 nonnunquam
1306 2424 1406 2452 vero

162 2468 285 2508 etiam
321 2468 545 2510 fluviorum
571 2470 676 2511 ostia
700 2477 896 2525 tanquam
930 2470 1087 2511 Oceani
1113 2484 1298 2522 cornua,
1328 2486 1406 2513 nec

163 2544 248 2572 non
271 2531 395 2571 maris
412 2531 526 2573 sinus
545 2539 729 2573 tortuose
745 2533 787 2572 in
810 2540 962 2573 terram
981 2540 1245 2587 penetrantes
1259 2533 1405 2576 eadem

163 2607 264 2633 voce
283 2591 591 2635 describuntur.
623 2595 690 2635 Sic
712 2594 956 2649 Apollonius
975 2594 1112 2635 Rhod.
1144 2597 1223 2647 IV,
1248 2598 1330 2638 282
1353 2597 1406 2639 de

163 2655 299 2695 lstro:
325 2653 468 2695 ὕπατον
502 2657 611 2711 κέρας
637 2655 867 2707 Ὠκεανοῖο,
892 2656 963 2697 ubi
986 2656 1233 2699 scholiasta:
1258 2658 1406 2714 Κέρατα

165 2715 320 2770 λέγουσι
340 2719 407 2756 :03
437 2715 624 2758 Ὠκεανοῦ
654 2719 796 2767 πάντας
813 2719 901 2767 τοὺς
919 2718 1117 2773 ποταμοὺς
1138 2720 1225 2767 τοὺς
1243 2718 1307 2762 ἀπ’
1337 2721 1403 2762 αὗ-

164 2779 234 2818 τοῦ
255 2780 594 2834 καταφερομένους.
618 2780 823 2823 Hesiodus
842 2795 910 2837 ap.
933 2781 1128 2838 Apollon.
1154 2784 1255 2824 Lex.
1275 2784 1401 2825 Hom.

165 2854 202 2881 s.
218 2854 259 2881 v.
276 2840 425 2890 Φοῖδος
441 2857 448 2865 ·
466 2842 619 2883 Φοῖίον
636 2843 737 2898 ὕδωρ
757 2843 912 2899 ἐπάγων
926 2845 1033 2899 κέρας
1054 2843 1260 2886 Ὠκεανοῖο
1275 2844 1402 2902 ῥοῇσι.

165 2902 232 2946 Cf.
251 2902 443 2959 Thucyd.
462 2906 498 2955 1,
523 2918 536 2945 t
550 2918 616 2955 ιο,
634 2907 705 2961 qui
723 2905 982 2947 Mendesium
1001 2906 1080 2947 Nili
1098 2908 1249 2947 ostium
1268 2908 1406 2963 appel·

164 2963 222 3007 lat
242 2966 288 3008 τὸ
310 2965 529 3018 Μενδήσιον
551 2967 673 3022 κέρας.
698 2966 847 3009 Strabo
866 2982 908 3023 p.
935 2969 1031 3017 458.
1061 2969 1249 3011 Eustath.
1275 2969 1328 3010 ad
1349 2971 1402 3011 D.

164 3027 265 3079 431.
295 3029 423 3070 Maris
450 3043 549 3071 vero
579 3030 694 3071 sinus
715 3029 831 3085 Κέρας
858 3030 1027 3071 nomine
1057 3039 1145 3071 erat
1166 3030 1217 3071 ad
1251 3033 1406 3087 Byzan·

163 3091 299 3132 tium:
324 3090 520 3141 κόλπος...
548 3090 671 3141 ἐοικὸς
691 3091 832 3147 ἐλάφου
859 3093 1011 3147 κέρατι·
1036 3091 1086 3141 εἰς
1108 3093 1182 3149 γὰρ
1206 3094 1406 3144 πλείστους

165 3153 340 3209 σχίζεται
378 3153 559 3206 κόλπους,
591 3154 644 3203 ὡς
676 3155 723 3195 ἂν
757 3154 920 3203 κλάδους
955 3156 1059 3204 τινάς
1090 3156 1262 3212 (Strabo
1294 3158 1402 3209 vn,

164 3228 208 3271 p.
242 3214 371 3274 320).
403 3216 563 3259 Eodem
597 3218 723 3272 igitur
757 3231 880 3258 sensu
903 3217 1051 3273 Peripli
1086 3226 1232 3259 auctor
1261 3234 1403 3261 vocem

163 3277 347 3321 adhibet.
371 3281 515 3322 Sinum
540 3295 638 3323 vero
663 3279 888 3322 Rennelius
903 3311 915 3331 ,
938 3279 1190 3335 suffragante
1211 3281 1372 3324 Ukerto
1390 3315 1402 3335 ,

165 3340 332 3395 intelligi
360 3340 478 3397 jubet
510 3357 607 3385 eum
643 3343 715 3398 qui
756 3355 870 3383 nunc
908 3351 1080 3384 vocatur
1114 3342 1288 3397 Bis-wgo
1319 3346 1404 3387 sive

167 3402 338 3450 Bissam
362 3403 534 3446 insulam
560 3413 697 3446 autem
719 3403 772 3446 ab
794 3406 999 3447 Hannone
1021 3414 1292 3449 memoratam
1316 3422 1404 3450 esse

165 3472 282 3519 putat
303 3465 545 3508 hodiernam
566 3467 728 3508 Bulam.
746 3468 850 3509 Nam
873 3469 1055 3524 primum
1071 3468 1154 3510 huc
1170 3467 1405 3512 conducere

117 3577 122 3581 Δ
165 3524 400 3578 distantias;
425 3531 562 3571 sinum
594 3531 716 3571 istum
741 3530 794 3572 ab
822 3532 929 3572 ostio
950 3531 1138 3573 Gambiae
1156 3532 1297 3575 abesse
1327 3546 1406 3589 190

166 3588 293 3632 millia
316 3592 518 3633 maritima
550 3591 563 3648 (
587 3605 693 3647 1900
717 3593 896 3650 stadia),
931 3594 1078 3635 Butam
1115 3594 1290 3638 insulam
1313 3595 1406 3638 mil·

165 3649 221 3699 Ιί·
241 3665 351 3704 20ος
376 3652 416 3694 id
437 3655 555 3709 spatii
587 3655 845 3697 intervallum
870 3656 1016 3697 cadere
1037 3658 1077 3697 in
1112 3659 1298 3714 quinque
1319 3657 1406 3701 die·

166 3726 262 3756 mm
285 3715 586 3770 navigationem
602 3747 614 3767 ,
642 3731 770 3772 quum
793 3719 845 3759 38
870 3719 953 3759 sere
978 3719 1101 3759 millia
1124 3720 1136 3772 (
1158 3721 1240 3761 380
1263 3719 1368 3762 stad.
1388 3721 1403 3777 )

166 3776 213 3819 in
233 3775 415 3832 singulos
441 3776 530 3819 dies
552 3777 854 3820 dinumeranda
878 3781 957 3821 sint
978 3796 989 3831 3
1010 3779 1161 3821 deinde
1186 3791 1323 3824 autem
1346 3784 1406 3825 κί-

168 3853 234 3895 ρας
251 3840 421 3882 nomine
438 3848 532 3897 apte
552 3839 757 3896 designari
778 3842 950 3895 figuram
980 3844 1094 3884 sinus
1113 3846 1302 3886 tortuosi.
1326 3848 1407 3886 Bu-

169 3902 253 3944 lam
269 3911 393 3959 atque
410 3902 588 3959 reliquas
606 3902 730 3959 hujus
748 3903 994 3960 archipelagi
1018 3905 1170 3947 insulas
1186 3907 1407 3950 arboribus

168 3966 316 4018 virere,
340 3974 523 4008 ceterum
546 3966 722 4009 humiles
743 3982 846 4019 esse,
870 3969 1025 4025 quippe
1044 3983 1137 4025 quae
1160 3984 1405 4025 magnorum

976 141 1102 188 ΒΑΝ
1109 140 1231 188 NON
1238 139 1291 187 ls
1323 138 1682 190 cAnTnAGlN
1690 143 1884 191 11-:Nsts

159 253 203 299 ἓν
221 250 428 308 Θαλάττης
450 223 638 310 ‘tepere
670 246 915 310 ἄμετρῆτῳ,
939 238 989 300 ἧς
1013 242 1084 289 ἐπὶ
1115 241 1269 305 θάτερα
1288 240 1390 306 πρὸς
1459 265 1650 296 mm
1661 254 1850 296 venimus
1861 255 1987 297 mnis
2003 254 2179 306 mamm,
2196 254 2375 311 cujusab
2385 247 2682 317 dmm„
2719 237 2723 244 .

1463 322 1703 365 continente
1736 322 1925 379 planities
1959 332 2073 374 επις
2106 323 2219 369 unde
2258 333 2386 367 noctu
2413 340 2529 383 pros·
2550 349 2648 365 .»ι

1464 390 1580 445 ignes
1608 389 1795 447 undique
1822 391 2046 434 emicantes
2066 406 2142 449 per
2170 393 2404 445 intervalla,
2428 402 2518 437 tum
2559 418 2577 432 »ι
2600 383 2613 392 ω
2637 405 2656 434 ι’

1463 466 1555 501 tum
1575 459 1729 501 minus.

1523 530 1590 578 tl..
1620 527 1727 570 Inde
1742 530 1881 585 aquati
1899 528 2070 571 ulterius
2084 531 2366 585 navigavimus
2380 530 2502 587 juxta
2516 532 2612 576 litus
2651 529 2654 532 ’

1462 596 1552 639 dies
1579 598 1787 654 quinque,
1824 597 1960 640 donec
1990 600 2035 641 in
2067 614 2264 655 magnum
2300 601 2440 643 sinum
2485 603 2675 646 venimus

1462 681 1588 724 quem
1616 667 1861 723 interpretes
1878 668 2017 710 vocari
2031 667 2225 711 dicebant
2245 669 2419 726 Hoeperi
2437 671 2596 713 Cornu.

1462 749 1515 778 eo
1537 734 1669 777 insula
1695 743 1786 777 erat
1802 750 1967 791 magna,
1990 738 2095 780 etin
2118 738 2253 781 insula
2281 738 2394 780 lacus
2425 741 2627 792 marinus,
2662 741 2675 782 i
2710 791 2711 795 Ἰ

1467 898 1693 939 fluviorum
1708 897 1797 955 (rio
1807 898 1920 940 Geba
1930 907 1972 940 et
1982 898 2046 940 rio
2057 899 2221 942 Grande
2234 900 2248 957 )
2261 901 2409 943 alluvie
2421 902 2502 942 sint
2518 909 2704 956 aggestoe.

1465 960 1517 1002 Id
1539 975 1638 1003 vero
1656 975 1785 1015 genus
1807 961 1951 1003 insulae
1968 975 2101 1018 quum
2119 963 2251 1005 varias
2265 964 2442 1007 subinde
2458 965 2707 1007 mutationes

1465 1024 1551 1079 pati
1574 1021 1747 1074 soleant,
1769 1022 1874 1064 nihil
1894 1037 1984 1065 esse
2001 1022 2257 1076 mirandum,
2277 1025 2312 1067 si
2328 1025 2460 1068 insula
2481 1026 2587 1078 talis,
2606 1041 2710 1084 qua·

1466 1084 1550 1127 lem
1580 1086 1734 1127 Hanno
1769 1084 1942 1137 viderit,
1963 1084 2091 1127 hodie
2118 1100 2204 1128 non
2234 1086 2409 1143 amplius
2432 1097 2579 1132 exstet.
2611 1090 2731 1132 Haec‘·

1468 1148 1707 1190 Rennelius.
1738 1149 2129 1204 Interpretationem
2152 1149 2230 1190 viri
2261 1148 2487 1193 doctissimi
2512 1165 2564 1193 ex
2591 1165 2692 1196 secu
2721 1145 2735 1196 ῗ

1466 1212 1691 1253 ratioribus
1724 1212 1855 1253 nostri
1888 1212 1962 1254 aevi
1997 1213 2159 1268 mappis
2198 1214 2416 1255 maritimis
2455 1213 2724 1259 confirmabo

1467 1274 1591 1316 simul
1626 1283 1668 1316 et
1702 1272 1951 1316 emendabo.
1986 1275 2195 1317 Nimirum
2222 1275 2355 1317 insula
2388 1277 2465 1318 ista
2497 1277 2691 1333 singulari

1466 1336 1589 1393 plane
1623 1337 1790 1387 formae,
1826 1350 1918 1392 quae
1944 1335 2064 1378 aliam
2098 1337 2272 1379 insulam
2296 1338 2555 1391 includebat,
2587 1342 2718 1384 etiam

1466 1412 1603 1450 nunc,
1634 1400 1754 1440 sicuti
1779 1399 1995 1440 Hannonis
2023 1407 2165 1450 aetate,
2200 1401 2372 1443 exsistit.
2406 1402 2541 1445 Hodie
2572 1404 2729 1461 appel-¹

1468 1460 1577 1503 latur
1603 1464 1793 1514 Hae-ang.
1832 1463 1986 1504 Hanno
2021 1476 2211 1517 magnam
2240 1462 2368 1516 dicit,
2405 1479 2453 1506 ac
2488 1480 2633 1510 revera
2668 1469 2712 1511 in

1469 1523 1551 1566 hoc
1573 1524 1832 1581 arehipelago
1865 1526 2056 1566 omnium
2090 1526 2271 1568 maxima
2293 1534 2369 1569 est.
2393 1528 2509 1570 Mare
2541 1530 2584 1571 in
2620 1544 2710 1574 eam

1468 1601 1546 1644 per
1564 1586 1702 1637 fauces
1721 1588 1880 1629 intrans
1906 1587 2090 1644 amplum
2113 1589 2252 1631 sinum
2274 1589 2337 1631 vel
2363 1591 2501 1647 potius
2522 1591 2712 1648 λιμνοθά-
2746 1622 2749 1625 -

1468 1650 1619 1692 λασσαν
1642 1650 1815 1708 (λίμνην
1838 1650 2070 1704 θαλασσώδη
2088 1651 2275 1708 Periplus
2287 1651 2414 1695 habet
2428 1652 2443 1711 )
2459 1653 2602 1708 efficit,
2620 1669 2716 1712 quoe
2734 1663 2736 1665 '

1471 1715 1559 1769 ipsa
1576 1713 1745 1756 alteram
1765 1712 1877 1756 haud
1895 1715 2087 1769 exiguam
2104 1714 2280 1756 insulam
2298 1716 2501 1758 continet.
2522 1717 2622 1760 Haec
2638 1718 2716 1775 igi-

1470 1783 1542 1816 tur
1564 1776 1617 1817 ita
1639 1784 1876 1832 comparata
1896 1784 2015 1828 sunt,
2036 1784 2085 1818 ut
2110 1775 2277 1819 de·1000
2295 1778 2362 1819 cui
2381 1778 2496 1820 sinus
2524 1776 2570 1820 ‘E

1470 1838 1580 1894 κέρας
1617 1837 1887 1893 assignandus
1919 1839 1999 1890 sit,
2034 1839 2173 1880 omnis
2204 1838 2454 1895 praecidatur
2490 1839 2716 1888 dubitatio.

1470 1902 1679 1944 Errarunt
1697 1900 2043 1955 Bougainvillius,
2067 1901 2312 1954 Danvillius,
2332 1903 2592 1957 Mannertus,
2616 1905 2716 1961 alii,

1471 1965 1542 2019 qui
1568 1963 1755 2021 Ἑσπέρου
1774 1964 1884 2021 κέρας
1904 1978 1990 2006 non
2013 1964 2153 2006 sinum
2171 1964 2245 2007 sed
2264 1966 2599 2021 promontorium
2626 1982 2721 2014 esse
2747 1975 2756 2026 ss,

1470 2035 1673 2084 putarunt
1686 2059 1698 2079 ,
1720 2028 1819 2084 quia
1843 2027 2017 2070 seriores
2048 2027 2269 2084 geographi
2301 2027 2355 2070 ad
2380 2031 2717 2084 promontorium

1473 2105 1626 2133 nomen
1658 2091 1740 2133 hoc
1775 2090 2091 2133 transtulerunt.
2128 2091 2205 2132 His
2236 2089 2344 2132 adde
2380 2090 2582 2146 Klugium
2616 2096 2716 2151 qui,

1479 2174 1496 2189 ι
1521 2154 1789 2197 Manifestum
1810 2162 1899 2206 est,
1921 2155 2084 2211 inquit,
2108 2154 2143 2195 si
2160 2153 2338 2196 Diodori
2366 2162 2407 2196 et
2429 2154 2553 2198 Plinii
2574 2170 2720 2201 nam-
2746 2155 2756 2227 1

1474 2218 1631 2259 tionem
1654 2231 1751 2259 cum
1770 2216 1935 2274 Periplo
1953 2215 2159 2269 conseras,
2189 2216 2298 2259 hane
2314 2231 2432 2260 oram
2454 2216 2615 2277 (prope
2635 2235 2718 2281 cap
2746 2255 2756 2287 *4

1477 2282 1522 2321 V
1518 2280 1612 2339 ert)
1635 2294 1778 2322 versus
1796 2279 2055 2322 occidentem
2078 2280 2136 2322 ita
2155 2294 2244 2342 esse
2273 2281 2317 2322 in
2352 2293 2467 2323 mare
2488 2281 2717 2339 proJectam
2749 2306 2756 2351 3

1473 2351 1515 2384 et
1532 2344 1868 2399 promontorium
1887 2357 1984 2385 cum
2008 2343 2103 2385 sinu
2122 2343 2181 2385 ita
2197 2344 2397 2395 eminere,
2417 2352 2465 2386 ut
2482 2353 2727 2403 extremum¹
2750 2355 2751 2358 ’

1474 2404 1600 2462 idque
1629 2406 1823 2448 ultimum
1845 2406 1986 2463 Libyae
2019 2414 2144 2462 caput
2174 2405 2461 2461 navigantibus
2482 2415 2715 2464 putaretur,
2744 2391 2756 2456 i

1474 2482 1599 2525 supra
1620 2469 1735 2526 quod
1767 2484 1909 2511 versus
1930 2468 2188 2512 occidentem
2215 2470 2375 2512 nullum
2399 2470 2576 2527 amplius
2602 2473 2720 2532 inve-
2744 2458 2756 2522 ί,

1474 2532 1650 2574 niretur.
1676 2531 1743 2575 Ab
1767 2531 1846 2574 hac
1877 2539 1994 2587 parte
2013 2546 2088 2573 ora
2118 2545 2262 2573 versus
2288 2531 2506 2590 meridiem
2537 2533 2718 2578 flectitur
2749 2531 2756 2566 ί

1474 2602 1516 2635 et
1534 2609 1689 2636 novum
1705 2593 1937 2636 anfractum
1956 2593 2082 2635 efficit
2098 2607 2229 2649 usque
2249 2593 2302 2635 ad
2318 2596 2652 2650 promontorium
2671 2598 2715 2641 in
2740 2569 2756 2670 ίε

1475 2657 1639 2713 Periplo
1660 2656 1790 2699 Νότου
1812 2657 1922 2712 κέρας
1942 2656 2202 2697 nominatum
2228 2658 2308 2709 [In
2333 2656 2500 2714 Periplo
2521 2672 2600 2700 non
2615 2674 2719 2717 pm-
2744 2680 2756 2728 4

1476 2718 1736 2767 montorium,
1757 2717 1832 2760 sed
1853 2717 1950 2759 item
1972 2716 2115 2766 κόλπος
2135 2717 2425 2775 appellatus-J,
2449 2718 2564 2775 quod
2581 2730 2719 2765 extre-
2754 2748 2756 2758 =

1476 2795 1591 2822 mum
1615 2780 1764 2823 Africa:
1792 2780 1978 2823 australis
2000 2779 2261 2832 credebatur,
2286 2795 2416 2837 quum
2445 2796 2497 2825 ex
2529 2792 2715 2830 veterum

1475 2842 1672 2897 opinione
1694 2857 1766 2884 ora
1788 2851 1889 2884 tunc
1913 2842 1966 2885 ad
1989 2842 2212 2899 AEgyptum
2245 2852 2287 2885 et
2309 2845 2449 2887 Asiam
2471 2845 2713 2899 inclinaret,
2746 2870 2756 2879 =

1477 2904 1586 2946 inter
1610 2906 1926 2961 septemtriones
1948 2914 1990 2948 et
2012 2907 2214 2948 orientem
2248 2916 2429 2951 extenta.
2454 2909 2507 2951 Et
2528 2909 2718 2966 profecto

1476 2981 1549 3009 ora
1569 2967 1666 3009 hinc
1691 2969 1828 3010 statim
1852 2983 1993 3010 versus
2014 2970 2216 3011 orientem
2250 2970 2445 3023 flectitur,
2475 2979 2524 3014 ut
2542 2973 2717 3016 omnino
2744 2993 2756 3006 ς

1476 3038 1706 3072 extremum
1726 3040 1849 3087 caput
1867 3046 2007 3073 versus
2025 3040 2210 3074 austrum
2230 3033 2354 3074 situm
2381 3032 2582 3077 videatur.
2602 3036 2718 3092 Ergo

1476 3101 1587 3133 totus
1615 3093 1682 3134 hic
1706 3102 1824 3135 terrae
1856 3103 2009 3136 tractus
2043 3096 2115 3150 qui
2134 3110 2158 3137 a
2188 3097 2477 3151 promontorio
2511 3098 2715 3155 Hesperio

1479 3155 1493 3212 (
1517 3154 1701 3211 Ἰἰσπέρου
1717 3157 1850 3213 κέρας)
1874 3158 2015 3213 incipit
2034 3166 2074 3199 et
2101 3159 2307 3212 ingentem
2330 3158 2560 3202 anfractum
2582 3173 2716 3219 usque

1477 3217 1527 3259 ad
1562 3221 1895 3274 promontorium
1931 3219 2120 3261 Australe
2159 3219 2318 3275 (Νότου
2352 3221 2488 3278 κέρας)
2532 3221 2711 3278 format,
2742 3275 2745 3279 ,

1476 3289 1587 3322 recte
1614 3296 1708 3322 cum
1743 3282 1871 3334 ligura
1905 3295 2036 3322 cornu
2066 3291 2344 3337 comparatur,
2379 3282 2496 3338 cujus
2518 3291 2716 3330 exutum

1476 3352 1613 3399 partes
1636 3345 1719 3385 sint
1747 3341 1932 3399 Ἑσπέρου
1962 3344 2069 3399 κέρας
2095 3352 2137 3385 et
2159 3344 2285 3386 Νότου
2305 3346 2426 3401 κέρας.
2448 3345 2555 3388 Illud
2573 3355 2716 3392 autem

1476 3413 1538 3447 est
1569 3414 1696 3464 capnt
1729 3408 1771 3447 V
1772 3405 1877 3447 iride
1898 3405 2028 3463 (capo
2053 3406 2230 3465 Verde),
2258 3407 2433 3450 alterum
2458 3421 2558 3451 vero
2585 3418 2716 3468 capae

1476 3467 1657 3511 Rubrum
1684 3468 1816 3525 (capo
1843 3469 1986 3525 Raro)
2012 3483 2107 3511 cum
2128 3471 2222 3511 sinu
2240 3485 2332 3513 suo.
2362 3491 2378 3507 -
2404 3472 2501 3513 Haec
2519 3471 2715 3529 probahi-

1475 3530 1568 3573 liter
1599 3530 1804 3587 disputata
1833 3547 1921 3573 esse
1958 3531 2087 3573 videri
2122 3542 2311 3589 possent,
2354 3535 2386 3575 si
2423 3535 2512 3591 ipso
2548 3534 2741 3592 Periplo,

1477 3601 1620 3635 nostro
1638 3607 1871 3635 careremus
1902 3602 1943 3635 et
1974 3595 2139 3635 serioris
2171 3603 2331 3637 tantum
2360 3596 2434 3637 aevi
2468 3596 2712 3640 testimoniis

1476 3670 1540 3698 res
1565 3656 1820 3712 profliganda
1847 3665 1966 3698 esset.
1996 3658 2099 3699 Nam
2120 3667 2375 3715 quantopere
2410 3658 2497 3700 hirc
2525 3658 2578 3701 ab
2599 3660 2711 3702 Han-

1476 3720 1596 3760 nonis
1612 3719 1746 3759 verbis
1761 3720 2025 3771 abhorreant,
2042 3722 2138 3763 satis
2153 3730 2278 3777 patet.
2301 3723 2357 3763 Ut
2374 3735 2504 3763 unum
2522 3720 2710 3774 asseram,
2743 3735 2756 3757 Α

1475 3781 1689 3838 quomodo
1723 3797 1745 3823 a
1779 3784 2067 3838 promontorio
2091 3783 2229 3826 Viridi
2261 3782 2313 3825 ad
2347 3797 2484 3839 prom.
2519 3753 2756 3855 Rubrum}

1476 3854 1631 3901 septem
1654 3844 1816 3886 dierum
1851 3847 1929 3887 iter
1945 3861 2032 3888 esse
2053 3848 2189 3903 potuit
2202 3878 2214 3898 ‚
2234 3860 2363 3902 quum
2388 3845 2645 3889 intervallum
2662 3844 2710 3888 il-
2726 3852 2729 3853 ’
2744 3861 2756 3911 Ἰ-

1477 3907 1546 3949 lud
1577 3909 1740 3949 nonnisi
1781 3911 1886 3951 1800
1917 3908 2147 3951 stadiorum
2169 3909 2251 3951 sit?
2273 3909 2456 3963 Quinam
2477 3909 2555 3950 erit
2586 3920 2709 3951 mom
2754 3922 2756 3924 ·

1477 3970 1584 4012 θεῶν
1605 3971 1768 4027 filum?
1790 3972 1972 4025 Quinam
1998 3979 2158 4014 montes
2185 3971 2239 4013 illi
2263 3970 2427 4023 silvosi,
2450 3970 2522 4026 qui
2550 3977 2707 4027 septem
