2756 4354
21 255 115 334 *aia
131 289 245 344 310,
269 285 376 329 aum
396 283 445 327 in·
467 278 685 329 laterculo
709 278 798 327 isto
822 291 849 320 a
866 276 1029 321 Rhodo
1057 276 1113 320 ad
1137 276 1263 336 Phy-

36 354 166 409 “sctun
193 359 281 414 450
305 355 447 403 stadia
462 359 760 398 numerantur
778 366 1036 412 perperam.
1058 351 1268 410 Denique

33 452 182 499 quum
212 435 264 480 ‘in
296 447 386 478 orae
417 428 724 488 descriptione
753 426 869 471 nihil
893 426 1121 471 offendam
1143 427 1268 486 quod

35 521 172 570 cogat
192 519 241 555 ut
259 503 486 552 auctorem
509 502 609 563 ejus
635 504 864 560 Augustea
886 511 1014 546 aetate
1031 500 1265 561 juniorem

40 574 181 619 fuisse
197 579 431 632 putemus,
462 565 708 610 laterculus
735 565 814 608 ille
836 566 1109 608 mentionem
1133 563 1271 608 habet

35 646 250 695 Caesareae
269 641 418 699 urbis,
440 641 514 685 cui
538 639 740 685 Herodes
760 654 842 683 rex
859 639 908 683 in
927 639 1149 683 honorem
1169 642 1268 683 Au-

37 722 160 783 gusti
194 733 360 764 nomen
399 716 583 763 indidit.
604 742 666 750 —
698 716 949 774 Pergamus
987 715 1043 759 ad
1064 715 1269 775 diaplos,

0 816 1 822 ¹
41 797 120 859 qui
150 793 450 855 descriptioni
487 792 660 837 Ciliciae
700 792 978 836 inseruntur.
1011 793 1047 835 A
1086 791 1274 851 Pyrami

33 871 158 917 ostio
172 870 228 915 ad
244 870 373 914 Solos
385 868 508 912 linea
526 876 649 912 recta
668 882 765 911 esse
785 866 931 912 stadia
950 866 1038 911 500
1056 876 1100 910 ct
1113 866 1276 911 Noster

33 946 68 1006 5
108 945 191 989 165
217 943 355 988 tradit
390 953 434 987 et
466 958 523 987 ex
551 941 840 987 Artemidoro
868 941 1031 986 Strabo
1068 958 1114 1002 p.
1158 942 1272 998 675,

41 1034 314 1081 quamquam
340 1034 499 1079 reapse
515 1018 731 1063 distantia
754 1018 911 1063 stadiis
927 1017 1276 1077 quadringentis

26 1110 134 1141 ,11011
155 1095 302 1154 major
325 1105 404 1139 est.
423 1094 646 1139 Similiter
670 1095 863 1138 aliorum
889 1094 1076 1154 diaplon
1095 1109 1275 1138 mensu-

43 1187 134 1227 ras,
158 1172 243 1217 etsi
270 1171 560 1226 falsissimas,
589 1171 747 1215 eodem
773 1171 865 1215 fere
885 1170 1021 1214 modo
1043 1168 1208 1214 Noster
1234 1180 1278 1214 et

36 1250 207 1295 Strabo
226 1249 456 1294 exhibent.
478 1249 659 1293 Scilicet
681 1263 706 1292 a
729 1247 964 1291 Selinunte
983 1246 1039 1291 ad
1055 1246 1275 1290 Acaman-

46 1335 132 1370 tem
143 1326 284 1386 Cypri
299 1324 665 1386 promontorium
677 1323 874 1381 Noster-5
888 1326 979 1368 204
998 1322 1143 1367 stadia
1161 1324 1274 1366 1006

39 1399 224 1462 (10609)
239 1434 251 1458 ,
289 1398 452 1443 Strabo
489 1414 538 1458 p.
576 1399 667 1442 682
698 1397 844 1442 stadia
882 1396 996 1441 1000
1031 1407 1274 1457 exputant,

33 1489 182 1534 quum
216 1474 307 1519 sint
335 1473 520 1517 circiter
553 1489 660 1528 700.
698 1474 735 1516 A
770 1471 1052 1517 Chelidoniis
1087 1487 1197 1516 vero
1221 1473 1277 1516 ad

42 1548 331 1598 Acamantem
356 1557 400 1591 et
420 1547 616 1594 Marium
637 1545 801 1591 Noster
828 1541 858 1605 S
878 1547 966 1591 233
988 1546 1132 1591 stadia
1160 1547 1276 1590 1800

41 1633 272 1677 numerat,
298 1621 461 1666 Strabo
481 1622 511 1667 l.
531 1622 561 1665 l.
593 1621 741 1665 stadia
773 1637 886 1679 1900
901 1656 913 1677 ,
936 1637 1019 1666 nos
1039 1637 1131 1665 non
1149 1622 1278 1682 ‘ultra

49 1714 181 1742 1100.
202 1699 237 1742 A
251 1697 357 1741 Side
378 1696 434 1740 ad
450 1697 743 1740 Acamantem
761 1696 810 1739 in
830 1695 1054 1740 Strabone
1068 1697 1098 1740 l.
1122 1696 1154 1740 l.
1174 1707 1278 1741 sunt

43 1772 188 1817 stadia
215 1773 348 1827 1600,
378 1772 426 1816 in
460 1772 629 1831 peripli
654 1771 815 1815 codice
853 1773 992 1825 1006,
1020 1772 1099 1830 qui
1127 1787 1279 1816 nume-

43 1862 121 1893 rus
145 1861 416 1907 quamquam
436 1846 491 1891 ad
507 1861 665 1891 verum
683 1846 895 1907 proxime
913 1846 1101 1901 accedit,
1129 1856 1278 1890 tamen

34 1939 185 1984 vquum
217 1923 277 1968 ob
301 1924 489 1968 nimiam
516 1924 851 1968 accurationem
885 1932 1118 1982 suspectus
1156 1923 1215 1966 sit
1236 1932 1281 1966 et

41 1999 100 2045 de
118 1999 281 2044 ceteris
304 1999 531 2043 distantiis
543 1999 663 2043 inter
679 1999 883 2059 Cyprum
907 2008 950 2042 et
965 1997 1136 2041 Ciliciae
1152 2012 1278 2041 oram

41 2074 431 2120 intercedentibus
487 2076 706 2120 Nostrum
745 2073 959 2118 Straboni
994 2074 1277 2117 simillimum

44 2150 295 2204 videamus,
312 2142 616 2210 probabiliter
639 2149 939 2207 corrigendus
959 2158 1024 2192 est
1042 2149 1091 2191 in
1111 2164 1120 2191 ε
1147 2149 1276 2193 1600.

44 2224 328 2269 conferenda
353 2226 487 2269 etiam
520 2224 615 2267 haec
651 2222 692 2283 (5
726 2226 826 2281 197)
855 2239 866 2266 ε
899 2222 1000 2265 Ἀπὸ
1024 2221 1279 2282 Ἀνεμουρίου

43 2299 113 2343 ἐπὶ
147 2298 198 2342 τὰ
232 2302 304 2353 τῆς
344 2298 512 2358 Κύπρου
548 2297 738 2357 ἔγγιστα,
773 2295 843 2359 ἐπὶ
878 2293 1104 2357 Κρομμύου
1129 2294 1276 2358 ἄκραν,

47 2373 203 2420 στάδιοι
226 2373 260 2416 τ’
295 2388 397 2417 011111
433 2371 747 2416 Strabonianis
771 2387 815 2430 p.
843 2372 931 2426 667
955 2388 964 2414 :
989 2374 1080 2414 καθ’
1104 2371 1153 2425 ἣν
1178 2370 1278 2432 (τὴν

47 2446 300 2509 Ἀνεμούριον
326 2446 481 2507 ἄκραν)
518 2449 543 2500 ἡ
567 2445 732 2506 ἤπειρος
757 2444 965 2505 ἐγγυτάτω
996 2448 1067 2499 τῆς
1092 2444 1280 2506 Κυπρίας

26 2513 170 2578 Ᾰέστὶν,
195 2521 261 2566 ἐπὶ
294 2520 519 2582 Κρομμύου
555 2519 684 2580 ἄκραν
715 2521 754 2564 ἐν
787 2518 982 2579 διάρματι
1006 2519 1180 2563 σταδίων
1205 2519 1280 2567 τν’.

46 2599 136 2653 Qui
165 2608 329 2659 praeter
360 2597 444 2641 hos
468 2606 651 2641 notatur
680 2597 706 2654 5
745 2596 829 2638 186
865 2594 921 2639 ab
946 2595 1282 2655 Aphrodisiade

47 2676 95 2718 in
118 2673 390 2717 Achaeorum
415 2681 542 2715 acten
569 2671 787 2729 Cypriam
822 2670 1002 2729 diaplus
1021 2671 1141 2730 apud
1161 2670 1281 2714 Stra-

50 2833 294 2884 utrumque
313 2833 542 2868 auctorem
567 2822 616 2865 in
634 2821 708 2865 his
725 2821 906 2865 eosdem
930 2821 1000 2865 vel
1024 2821 1284 2866 simillimos

50 2900 197 2946 sontes
217 2899 499 2945 adhibuisse.
523 2898 782 2953 Quominus
806 2908 953 2942 autem
975 2897 1094 2942 idem
1118 2898 1173 2942 de
1194 2908 1286 2943 tota

54 2977 171 3021 Asiae
191 2976 382 3020 minoris
403 2975 713 3035 descriptione
732 2983 979 3018 statuamus
1002 2972 1194 3033 impedit
1209 2989 1286 3017 va-

55 3051 151 3095 rius
176 3050 230 3095 de
246 3050 442 3095 urbibus
465 3050 798 3109 regionumque
826 3049 1034 3094 terminis
1053 3049 1286 3094 dissensus

56 3140 146 3184 quo
154 3124 316 3169 Nostra
332 3125 684 3170 aStrabonianis
695 3124 986 3169 distinentur.
1000 3123 1284 3168 Censendum

55 3201 207 3259 potius
242 3211 308 3245 est
335 3201 677 3262 compilatorem
713 3211 918 3246 nostrum
943 3200 1121 3260 diaplos
1153 3200 1288 3244 modo

58 3274 264 3320 laudatos
290 3292 382 3320 orae
407 3276 650 3323 stadiasmo
678 3276 864 3321 aliunde
882 3275 1128 3321 addidisse.
1152 3275 1289 3321 Com-

57 3512 264 3558 genuinum
284 3520 416 3546 nomen
437 3512 704 3559 corrumpenti.

65 4006 154 4043 runt
173 4005 307 4043 Strabo
329 4007 367 4044 et
385 4005 606 4043 Ptolemaeus
624 4006 669 4043 de
687 4007 861 4045 litoribus
885 4008 1014 4047 iisdem
1031 4012 1103 4048 etc.
1126 4025 1146 4044 »ι

669 175 753 228 ,ΟΕ
788 173 1072 220 ANONYMI
1105 173 1454 222 STADIASMO
1489 178 1680 224 MARlS
1715 180 1928 227 MAGNI.

49 2747 214 2792 bouem
242 2763 335 2791 non
352 2746 568 2791 occurrit.
599 2745 835 2789 Proclivis
858 2745 998 2803 igitur
1025 2744 1285 2803 conjectura
1307 2788 1309 2790 ,

110 3567 180 3614 (**)
204 3567 300 3603 Gail.
330 3567 464 3613 Geogr.
486 3567 578 3606 min.
598 3570 691 3605 tom.
715 3570 763 3614 ΙΙ,
785 3580 821 3616 p.
841 3571 912 3606 432
935 3568 972 3605 in
990 3568 1186 3606 Dissertat.
1218 3567 1265 3605 de
1281 3567 1483 3604 stadiasmo

62 3621 156 3658 bene
176 3621 296 3658 multa
314 3630 372 3656 me
393 3620 557 3666 latuisse,
578 3622 717 3669 quibus
732 3623 900 3660 auctoris
927 3625 1020 3660 artas
1034 3625 1070 3660 et
1092 3623 1349 3672 geographicae
1366 3624 1530 3661 materiae
1549 3626 1696 3669 natura,
1718 3620 1842 3668 quoad
1866 3620 1964 3664 licet,
1991 3617 2282 3665 dignosceretur.
2306 3616 2364 3652 Ex
2384 3615 2440 3651 his
2466 3613 2586 3650 omni-

58 3672 132 3712 bus
148 3674 370 3713 concludam
395 3689 404 3710 t
431 3679 462 3711 1.
485 3676 626 3723 prologi
645 3678 849 3722 auctorem,
875 3689 986 3725 quem
1011 3677 1213 3716 Stadiasmi
1238 3679 1430 3717 editorem
1454 3679 1553 3716 haud
1570 3677 1759 3716 immerito
1778 3675 1935 3713 dixerim
1949 3702 1959 3719 ‚
1977 3675 2089 3711 fuisse
2108 3671 2379 3714 Christianum,
2401 3667 2463 3706 scd
2480 3667 2587 3712 cujus

63 3730 197 3776 aetatis,
220 3730 405 3766 incertum
427 3743 436 3766 ε
458 3731 497 3766 01
518 3730 618 3767 illius
633 3732 840 3768 orationem
859 3743 989 3780 puram
1008 3743 1087 3771 esse
1110 3737 1147 3771 et
1165 3738 1352 3783 corruptae
1366 3735 1502 3782 linguae
1519 3734 1746 3772 anteriorem
1762 3747 1772 3778 ;
1791 3738 1825 3769 2.
1856 3730 2044 3778 irrepsisse
2064 3727 2215 3776 quidem
2231 3725 2426 3763 nonnullas
2444 3722 2586 3759 dicendi

64 3785 217 3830 Formas,
240 3795 327 3832 quae
353 3786 540 3821 recentem
561 3785 797 3832 graecismum
821 3789 859 3824 et
879 3787 1118 3826 librariorum
1142 3790 1323 3827 incuriam
1356 3789 1543 3836 redolent,
1564 3789 1626 3826 sed
1655 3796 1843 3825 summam
1864 3795 1988 3822 rerum
2005 3780 2331 3830 geograpliicarum
2361 3787 2510 3814 manare
2530 3786 2585 3835 ‘ex

63 3840 282 3878 auctoribus
307 3839 482 3878 Straboni
498 3840 658 3886 coaevis3
679 3841 809 3888 immo,
832 3852 879 3880 ex
892 3844 1120 3891 quibusdam
1140 3856 1294 3883 causam
1313 3855 1393 3883 esse
1416 3844 1637 3892 conjiciendi
1653 3842 1860 3890 genuinum
1880 3849 1974 3887 opus
2000 3837 2091 3875 illud
2111 3837 2198 3873 01110
2218 3832 2438 3892 Strabonem
2463 3831 2584 3889 potius

65 3897 316 3943 conscriptum
336 3906 416 3933 esse
433 3906 545 3943 quam
563 3897 648 3943 post
662 3897 854 3934 clu-istum
880 3902 1009 3936 natum
1034 3911 1043 3936 ε
1067 3901 1168 3947 quod
1196 3901 1318 3940 obiter
1336 3899 1592 3938 subodoratus
1612 3900 1658 3936 cl.
1680 3899 1899 3935 Mannertus
1925 3892 2118 3931 sententiae
2141 3890 2278 3927 nostrae
2296 3884 2509 3943 adstipulari
2529 3892 2583 3917 vi-

66 3949 187 3996 detur,
212 3961 439 3998 quamquam
460 3951 498 3988 in
522 3951 590 3988 liae
609 3952 817 3998 quaestione
837 3953 1058 3992 immorandi
1078 3957 1196 3994 otium
1218 3959 1299 3996 viro
1321 3957 1432 3995 docto
1448 3955 1628 4001 desuerit3
1654 3959 1689 3991 3.
1711 3953 1783 3989 1100
1805 3949 2015 3989 Stadiasmo
2041 3942 2230 3991 adimpleri
2250 3951 2306 3986 ea,
2330 3949 2413 3987 quae
2429 3945 2583 3984 scripse-

2420 214 2548 250 cxxv

1340 278 1561 338 probatur
1584 281 1668 326 hoc
1687 282 1820 326 etiam
1843 298 1896 327 00
1913 284 2036 342 quod
2055 287 2081 343 5
2110 290 2195 331 233
2218 306 2307 336 una
2322 310 2420 338 cum
2438 304 2558 344 Aca-

1341 363 1491 398 mante
1532 357 1850 414 promontorio
1882 369 2157 403 memoratur
2197 361 2386 409 Marium
2426 372 2559 427 u1·bs;

1343 441 1442 483 quae
1465 443 1604 486 quum
1623 444 1649 472 a
1668 429 1914 474 Ptolemaeo
1932 430 2043 489 Lagi
2067 432 2243 489 diruta,
2269 448 2369 493 post
2395 453 2562 489 restau-

1340 500 1563 544 rationem
1587 513 1733 562 autem
1770 504 1966 549 Arsinoe
1993 505 2115 551 dicta
2145 507 2200 550 sit
2234 507 2353 569 (quo
2389 517 2567 561 nomine

1341 586 1599 620 recensetur
1616 578 1664 621 in
1687 578 1829 638 Cypri
1853 581 2032 639 periplo
2055 582 2080 639 5
2109 583 2230 640 309),
2250 586 2454 642 sequitur
2474 589 2566 633 ‹lia-

1344 649 1468 709 plum
1501 651 1527 708 5
1552 652 1640 694 233
1674 652 1856 713 allatum
1883 669 1907 697 e
1931 654 2070 699 ,fonte
2101 671 2282 700 manare
2319 660 2572 718 antiquiore

1345 739 1479 782 quam
1502 733 1551 767 ut
1570 724 1618 767 in
1637 725 1859 784 reliquam
1881 742 1971 771 orae
1994 729 2204 774 Asiaticae
2221 730 2569 791 descriptionem

1347 799 1491 856 cadat,
1518 800 1566 844 in
1586 815 1690 860 qua,
1714 811 1764 846 ut
1783 802 1872 846 alia
1899 803 2092 859 mittam,
2116 805 2296 862 Attalia,
2317 808 2454 854 Attali
2474 810 2575 856 Phi·

1345 874 1546 934 ladelphi
1585 891 1717 935 opus,
1751 887 2044 925 memoratur.
2070 879 2292 925 Praeterea
2331 882 2379 926 in
2421 884 2446 942 5
2480 888 2567 930 233

1347 951 1488 995 codex
1526 961 1680 996 noster
1721 952 1931 997 ordinem
1971 969 2122 998 rerum
2159 956 2390 1002 turbatum
2423 958 2571 1015 habet,

1347 1025 1460 1070 adeo
1484 1035 1533 1071 ut
1556 1036 1705 1086 pateat
1728 1037 1806 1072 aut
1823 1027 2029 1088 diaplum
2047 1045 2073 1073 a
2095 1028 2376 1076 Chelidoniis
2392 1033 2446 1076 ad
2470 1035 2576 1078 Aca·
2634 1070 2636 1072 v

1346 1111 1542 1145 mantem
1569 1112 1726 1161 postea
1748 1101 1930 1147 demum
1956 1102 2156 1147 additum
2185 1119 2280 1149 esse
2303 1108 2378 1151 au't
2398 1107 2575 1153 titulum

1347 1175 1501 1221 Λοιπὸν
1537 1176 1670 1222 Λυκία
1703 1193 1797 1222 11011
1834 1193 1966 1223 51111111
2014 1178 2220 1224 obtinere
2252 1181 2418 1228 10011111.
2459 1183 2576 1228 Illud

1347 1251 1638 1311 probabilius
1655 1263 1736 1298 est.
1760 1253 1895 1307 Quod
1913 1254 2109 1315 denique
2129 1256 2284 1300 attinet
2304 1257 2445 1302 stadia
2467 1259 2573 1315 500,

1348 1343 1445 1386 quae
1467 1327 1701 1386 a'Pyrami
1722 1329 1841 1373 ostio
1858 1329 1914 1372 ad
1946 1328 2077 1374 Solos
2100 1330 2221 1374 linea
2243 1340 2363 1375 recta
2384 1346 2479 1377 esse
2509 1334 2576 1377 di-

1348 1411 1530 1457 cuntur,
1557 1417 1610 1446 ea
1632 1401 1796 1446 Strabo
1830 1403 1894 1447 ita
1913 1414 2114 1464 exputat,
2137 1414 2187 1448 ut
2211 1405 2375 1450 ostium
2396 1406 2579 1466 Pyrami

1349 1492 1492 1536 prope
1507 1476 1693 1523 Mallum
1708 1487 1928 1537 ponatur3
1947 1477 2109 1523 Noster
2125 1488 2272 1524 autem
2294 1495 2424 1525 suum
2437 1480 2578 1542 Pyra·

1349 1553 1410 1596 mi
1434 1554 1600 1597 ostium
1620 1555 1763 1598 multo
1778 1555 1925 1612 magis
1947 1570 2107 1600 versus
2124 1571 2331 1601 occasum
2352 1558 2499 1617 ponit,
2523 1558 2579 1603 ab

1348 1642 1494 1686 eoque
1534 1643 1679 1687 usque
1710 1628 1765 1672 ad
1793 1628 1924 1673 Solos
1948 1635 2085 1685 juxta
2116 1647 2237 1674 oram
2269 1632 2452 1677 nonnisi
2491 1633 2578 1676 360

1350 1703 1442 1747 fere
1466 1705 1611 1749 stadia
1642 1705 1831 1763 colligit.
1856 1705 2020 1764 Liquet
2049 1706 2189 1764 igitur
2211 1707 2355 1751 stadia
2386 1707 2465 1750 illa
2490 1708 2576 1752 500

1350 1778 1483 1821 lineae
1502 1788 1654 1834 rectae,
1671 1781 1812 1838 quum
1825 1780 1874 1823 in
1887 1790 2092 1824 nostrum
2108 1781 2333 1841 periplum
2355 1797 2445 1825 non
2463 1797 2578 1841 qua·-

1349 1852 1507 1908 drent,
1531 1854 1681 1897 notari
1702 1854 1946 1899 oscitanter
1975 1850 2374 1915 aliunde'arrepta.

1394 1930 1500 1972 206.
1517 1929 1725 1974 Vidimus
1739 1930 1858 1975 Asiae
1871 1931 2064 1975 minoris
2074 1930 2416 1990 descriptionem
2437 1932 2579 1976 variis

1350 2015 1525 2048 auctam
1542 2020 1639 2049 0550
1652 2004 1988 2060 additamentis,
2008 2021 2202 2065 quorum
2220 2005 2577 2063 indagandorum

1351 2079 1526 2137 copiam
1544 2079 1736 2123 faciebat
1756 2080 2035 2125 narrationis
2050 2080 2163 2124 ordo
2187 2079 2393 2124 turbatus
2409 2095 2579 2124 rerum·

1351 2168 1439 2211 que
1481 2153 1744 2197 traditarum
1778 2154 1893 2197 ratio
1928 2153 2218 2198 inconcinna.
2253 2154 2335 2198 His
2375 2155 2579 2209 resectis,

1350 2226 1429 2285 qui
1444 2227 1710 2272 restatAsiae
1728 2227 1921 2271 minoris
1940 2227 2208 2271 stadiasmus
2222 2243 2328 2271 num
2349 2243 2404 2271 ex
2419 2227 2577 2272 eodem

1352 2312 1470 2345 totus
1511 2303 1632 2347 fonte
1666 2304 1833 2362 petitus
1856 2303 1939 2357 sit,
1977 2317 2068 2345 non
2087 2301 2307 2359 dijudico.
2344 2305 2499 2360 Neque
2523 2303 2578 2345 (10

1352 2386 1478 2419 aetate
1498 2376 1634 2419 fontis
1657 2377 1729 2419 vel
1760 2376 1951 2419 fontium
1973 2374 2226 2418 accuratius
2250 2375 2472 2432 certisque
2491 2376 2577 2418 ful·

1352 2461 1446 2494 tum
1468 2450 1747 2507 argumentis
1785 2449 1995 2509 proferre
2012 2448 2245 2508 quidpiam
2266 2447 2429 2493 habeo.
2453 2447 2577 2493 Nihil

1351 2526 1560 2583 equidem
1603 2524 1905 2584 deprehendi,
1945 2523 2065 2582 quod
2098 2533 2267 2567 aetatem
2305 2524 2455 2582 primo
2477 2533 2579 2567 ante

1352 2599 1581 2643 Christum
1598 2599 1749 2643 seculo
1770 2599 2066 2657 posteriorem
2085 2597 2247 2656 prodat
2260 2595 2328 2660 (Ἴ,
2347 2609 2430 2640 1100
2447 2597 2581 2641 refra-

1354 2689 1436 2731 gor
1456 2674 1494 2717 si
1514 2674 1569 2717 de
1597 2673 1680 2716 hac
1705 2672 1871 2732 peripli
1910 2681 2039 2731 parte
2071 2681 2243 2715 statuas.
2261 2671 2383 2730 quod
2413 2671 2469 2714 de
2487 2681 2580 2715 toto

1353 2747 1605 2791 Stadiasmo
1622 2744 1889 2809 Gailius(**)
1911 2745 2000 2790 sibi
2019 2745 2258 2805 persuasit,
2282 2744 2583 2805 geographica

1355 2838 1538 2866 manare
1558 2838 1614 2866 ex
1636 2820 1896 2866 auctoribus
1919 2819 2133 2863 Straboni
2151 2819 2316 2863 coaevis
2335 2819 2404 2862 vel
2429 2819 2582 2878 potius

1355 2913 1408 2942 eo
1426 2897 1780 2957 antiquioribus,
1803 2911 2076 2956 quamquam
2096 2895 2226 2939 firma
2240 2893 2338 2953 ejus
2353 2894 2583 2939 sententiae

1356 2985 1623 3033 argumenta
1641 2990 1733 3018 non
1753 2983 1992 3033 suppetere
2006 2971 2238 3031 profiteor.

1365 3059 1370 3062 “
1423 3067 1526 3107 207.
1546 3050 1844 3110 Antiquitatis
1864 3047 2085 3092 indicium
2114 3061 2209 3091 esse
2228 3055 2443 3105 putarunt
2460 3045 2582 3102 quod

1358 3127 1382 3184 5
1411 3127 1519 3183 213,
1545 3142 1592 3185 p.
1622 3126 1710 3177 488
1736 3125 1875 3168 Melas
1907 3122 2076 3167 fluvius
2100 3119 2410 3179 Pamphyliam
2429 3134 2454 3162 a
2473 3119 2582 3162 Cili-

1359 3201 1430 3245 cia
1445 3200 1660 3245 dirimere
1674 3198 1900 3259 proditur,
1917 3211 2051 3256 quem
2064 3195 2432 3252 antiquumfinem
2448 3191 2583 3235 fuisse

1359 3277 1497 3322 tradit
1518 3276 1698 3321 Plinius
1712 3274 1767 3330 V,
1786 3290 1861 3320 22.
1889 3277 1951 3317 Ac
1969 3286 2076 3317 sane
2101 3270 2265 3329 Scylax
2281 3266 2320 3330 (5
2342 3284 2419 3313 101
2442 3284 2485 3326 p.
2509 3269 2582 3326 76,

111 3455 159 3503 (*)
184 3458 277 3493 Nam
294 3465 378 3502 quae
394 3456 511 3493 serius
531 3467 656 3495 aevum
673 3457 830 3494 innuere
850 3457 1024 3494 videatur
1043 3456 1269 3505 Ἰανουαρίας
1293 3457 1404 3506 ἄκρας
1429 3458 1566 3494 mentio
1590 3456 1624 3505 (§
1644 3456 1740 3503 160),
1763 3454 1826 3492 vix
1847 3453 2006 3490 dubium
2035 3452 2092 3489 est
2117 3450 2205 3499 quin
2223 3449 2405 3487 debeatur
2437 3447 2585 3485 librario

1515 3578 1524 3602 :
1548 3582 1566 3599 «ι
1590 3568 1716 3604 Unum
1735 3565 1862 3601 autem
1885 3561 2109 3610 speraverim
2123 3559 2204 3610 [spe
2223 3569 2311 3597 50110
2344 3555 2495 3604 fallaci]‚
2513 3567 2586 3592 non
