2808 4342
195 199 289 255 m
699 123 741 167 ο
1276 182 1566 233 mourut

254 321 313 353 n.
340 304 442 354 Ἀπὸ
462 268 730 360 ‹offui-upon
765 292 999 356 Πετρᾶντος
1020 294 1076 345 εἰς
1108 291 1179 338 τὸν
1201 291 1422 356 Βάτραχον
1550 292 1620 362 49·
1648 291 1687 333 Α
1717 291 1852 362 htv-0
1885 292 2078 340 Petrame
2108 289 2163 333 ad
2196 291 2447 364 Batrachum
2483 289 2615 332 stadia
2650 291 2743 344 30-3-
2790 339 2791 342 Ἴ

197 375 352 421 “aa
463 366 641 432 aa&
675 367 764 451 ἔτι
795 362 960 447 οιινκ·
992 361 1102 423 ³⁸⁹²
1139 360 1228 408 ἔστι
1264 363 1424 416 “02⁶⁶
1493 358 1708 471 :aas
1730 350 2322 455 vttssvzfflffigf'm·
2347 368 2390 395 ¹⁰
2535 353 2775 451 wurv-

195 434 800 564 ιχΐαζλῗτὲατξξωῦραξέιχοῗ
818 448 1122 553 :ilem-“Tm
1159 500 1318 548 στάδιοι
1346 503 1424 550 ω’.
1554 478 1624 527 [ιι.
1656 478 1694 519 Α
1708 475 1911 518 Batrache
1941 474 1995 518 ad
2013 475 2192 518 Plateam
2219 475 2351 520 stadia
2375 478 2455 522 150
2474 479 2492 533 (
2513 481 2566 535 ρν’
2582 481 2621 533 );
2644 492 2754 531 vest,

195 579 365 640 me
379 574 549 635 “aa
567 575 699 619 “fw-
713 574 835 651 2³20<
851 568 1092 655 ποιουμένη,
1106 570 1288 617 mm
1308 570 1424 635 (ιιι-ι
1489 540 2077 659 {Quantam
2097 539 2345 659 affl,
2359 543 2585 648 :aasz
2605 542 2740 647 ¹353:

195 642 567 776 {gsguzae‘gvssz
584 638 940 771 ἓοίἑηῖἔξὶέπο
972 640 1150 686 σταδιων
1183 639 1236 686 2'·
1271 641 1359 704 ἔχ’*
1381 641 1425 688 δὲ
1495 666 1670 767 psai-ibus
1695 666 1921 717 onerariis;
1959 679 2109 722 aquam
2139 665 2262 707 habet
2294 664 2347 706 ad
2380 666 2660 709 continentem
2691 667 2738 709 iu

194 850 229 890 la
252 848 345 889 base
376 853 437 887 αἱ
466 844 597 887 taillee
611 843 715 886 dans
742 842 781 886 le
800 858 887 894 roc,
908 852 950 886 et
968 844 1007 886 la
1038 846 1171 902 partie
1198 849 1453 904 superieure·

194 910 419 952 construite
431 922 484 949 en
500 908 659 949 assisa.
675 907 1020 949 Interieuremeut
1034 907 1129 950 elles
1142 917 1237 951 sont
1252 910 1438 954 subdivi-

194 974 279 1014 secs
298 986 349 1012 en
369 970 573 1027 plusieurs
591 968 728 1026 picces
745 967 769 1011 a
790 969 928 1025 angla
941 969 1075 1012 droits
1087 1003 1099 1020 ,
1124 972 1227 1013 mais
1244 986 1344 1015 avec
1357 987 1439 1016 une

194 1049 250 1076 ou
280 1034 485 1091 plusieurs
509 1040 753 1074 ouvertures
784 1031 1019 1087 pratiquees
1044 1046 1097 1074 au
1118 1032 1311 1088 plasond,
1335 1035 1438 1077 ainsi

194 1097 346 1153 qu'aux
386 1095 645 1139 catacomboe
685 1094 757 1136 ἀῶ
791 1083 1067 1151 ssgyptiens...
1104 1097 1181 1138 Ces
1225 1095 1440 1141 differents

193 1161 310 1202 traits
327 1158 380 1200 de
399 1158 747 1215 rapprochement
761 1170 860 1198 avec
875 1156 931 1199 les
943 1158 1201 1200 catacombes
1214 1157 1288 1200 des
1304 1149 1439 1216 Egyp-

194 1223 300 1263 tiens
314 1253 325 1272 ,
348 1230 389 1263 et
404 1229 570 1263 surtout
595 1220 686 1263 leur
703 1219 926 1276 proximite
949 1218 1002 1261 de
1020 1220 1214 1263 situation
1242 1220 1300 1263 du
1333 1222 1440 1276 golse

194 1283 248 1325 de
274 1283 458 1335 Bomba,
495 1282 719 1339 rappellent
756 1280 1091 1336 singulierement
1119 1297 1166 1325 ce
1197 1283 1439 1339 qu'ecrivait

195 1348 387 1404 Synesius
405 1349 421 1400 (
441 1348 519 1403 Ep.
552 1350 626 1396 ιοί.
644 1349 660 1400 )
676 1360 748 1387 sur
762 1346 799 1387 le
814 1354 930 1387 mont
943 1346 1132 1387 Bombaea
1147 1363 1161 1388 .·
1186 1367 1203 1383 ι
1223 1348 1326 1389 Lieu
1345 1362 1439 1389 sau·

197 1424 310 1465 vage,
328 1410 455 1459 dit-il,
477 1409 627 1451 sortirii:
642 1423 716 1466 par
731 1408 822 1450 l’art
837 1417 876 1449 et
893 1408 929 1450 la
952 1417 1112 1460 nature,
1126 1424 1207 1465 que
1226 1410 1439 1466 quelques·

197 1486 278 1514 uns
293 1473 576 1529 comparaicnt
601 1486 683 1513 aux
708 1470 914 1527 hypogees
938 1470 1011 1512 des
1033 1460 1277 1527 Egyptiens,
1307 1474 1440 1529 etqui

196 1536 303 1578 avait
318 1533 502 1592 pendant
520 1533 749 1590 longtemps
764 1533 888 1576 cache
903 1532 940 1574 la
960 1532 1061 1575 suite
1072 1533 1125 1575 de
1140 1536 1242 1576 Jean
1262 1534 1366 1577 dans
1377 1550 1441 1578 ses

197 1612 389 1640 cavernes
399 1599 624 1639 sinueusoe.
635 1615 650 1635 ι
668 1596 832 1651 Quibus
845 1595 980 1638 verbis
991 1596 1170 1639 innitens
1180 1597 1318 1640 Pacho
1329 1597 1443 1642 hunc

198 1660 332 1716 ipsum
349 1660 484 1702 locum
506 1659 742 1701 Bombaeam
760 1659 918 1716 Synesii
940 1673 1028 1701 esse
1052 1658 1246 1703 affirmat.
1268 1661 1443 1704 Temere

199 1722 241 1764 id
257 1723 344 1764 fieri
359 1730 495 1765 censet
507 1722 714 1773 BarthiuS,
732 1723 804 1778 qui
820 1736 955 1778 nuper
967 1721 1148 1764 eundem
1163 1722 1301 1766 locum
1316 1723 1439 1776 adiit;

199 1798 295 1826 nam
318 1786 489 1827 minime
507 1784 559 1826 ad
581 1784 839 1827 catacombas
858 1785 956 1826 istas
979 1793 1240 1842 ceteramque
1254 1786 1440 1829 locorum

199 1855 389 1889 naturam
406 1847 549 1889 referri
578 1862 697 1903 posse
718 1847 843 1889 verba
872 1847 1046 1903 SynoeiL
1067 1848 1139 1904 qui
1160 1861 1170 1890 z
1198 1868 1215 1885 ι
1234 1850 1321 1905 ὄρος
1339 1848 1441 1893 ἐστὶν

199 1907 226 1961 ἡ
253 1909 427 1965 Βὸμὸαια
456 1909 610 1961 κοῖλον,
628 1911 651 1951 ὃ
682 1910 935 1951 συνελθοῦσαι
966 1911 1084 1966 τέχνη
1107 1910 1173 1951 καὶ
1193 1911 1299 1966 φύσις
1312 1911 1443 1969 εἰργά-

201 1986 320 2014 σαντο
332 1971 605 2030 ἕρυμνότατον.
622 1973 748 2015 Τοῦτο
762 1973 828 2014 καὶ
846 1973 966 2015 πάλαι
982 1973 1050 2030 μὲν
1067 1972 1258 2030 εὗδοκίμει
1272 1975 1441 2027 δικαίως,

201 2035 268 2077 καί
282 2050 381 2086 τινες
402 2035 496 2079 αὗτδ
517 2035 620 2093 παρὰ
646 2036 712 2085 τὰς
740 2036 946 2093 Αἰγυπτίας
964 2036 1149 2090 ἐξήταζον
1171 2038 1255 2094 σύρ
1270 2054 1351 2096 ιγγ
1364 2055 1439 2092 ας,

203 2098 287 2140 νυνὶ
313 2098 356 2141 δὲ
380 2100 548 2156 κέκριται
578 2098 636 2141 τὰ
670 2103 934 2156 πανταχοῦ
964 2101 1112 2157 τείχη
1134 2104 1292 2144 νικᾶν.
1319 2103 1444 2146 Plura

201 2159 256 2203 de
283 2160 348 2203 bis
384 2161 496 2219 apud
526 2162 662 2218 ipsum
684 2162 900 2204 Bartbium
921 2162 1080 2217 legeris.
1116 2164 1308 2206 Ceterum
1335 2165 1441 2208 Tab.

201 2223 391 2279 Peuting.
407 2237 432 2265 e
448 2222 585 2266 media
606 2224 687 2274 vta,
705 2238 797 2279 quae
813 2224 867 2266 ab
888 2224 1098 2282 Antipego
1113 2233 1154 2267 at
1175 2225 1352 2269 Mizirin
1365 2226 1445 2269 du·

202 2285 274 2335 cit,
298 2283 586 2327 deflectentem
614 2299 756 2327 versus
777 2285 873 2327 litus
901 2286 1158 2328 maritimum
1177 2288 1285 2329 viam
1309 2296 1442 2341 notat,

201 2345 410 2404 adscripto
427 2348 598 2390 nomine
624 2348 784 2398 Gonia,·
802 2348 875 2403 qui
907 2347 1022 2390 locus
1041 2349 1104 2391 vel
1131 2348 1182 2391 ad
1214 2351 1350 2407 ipsum
1367 2353 1444 2394 Pe-

203 2418 379 2452 trantem
403 2410 467 2452 vel
495 2410 547 2453 ad
577 2411 797 2453 stationem
832 2411 1015 2453 Petranti
1048 2413 1282 2468 proximam
1311 2422 1446 2470 potest

204 2472 363 2515 referri.

259 2538 373 2589 5⁴1.
413 2535 668 2578 Πλατεῒαν
692 2537 706 2591 ]
741 2536 933 2579 Σταὸαῐαν
962 2544 1003 2578 et
1035 2539 1134 2590 §42
1166 2537 1242 2581 ἀπὸ
1275 2539 1447 2590 Πλατέος

204 2596 359 2648 codex,
394 2596 498 2638 adeo
527 2606 571 2638 ut
600 2598 702 2653 quid
726 2607 872 2641 auctor
909 2598 1073 2641 dederit
1100 2615 1247 2656 parum
1273 2601 1442 2658 liqueat.

207 2659 393 2701 Dubium
428 2674 525 2700 vero
562 2675 645 2701 non
670 2669 753 2711 est,
786 2662 888 2717 quin
913 2661 1022 2703 idem
1042 2677 1194 2705 nomen
1222 2663 1443 2718 indicetur,

206 2718 321 2775 quod
340 2719 393 2762 de
416 2722 546 2763 insula
572 2723 584 2777 (
611 2723 796 2777 Bomba)
819 2724 971 2766 habent
990 2725 1251 2778 Herodotus,
1275 2727 1418 2784 Scylax
1432 2759 1443 2779 ,

206 2781 451 2838 Stephanus.
480 2784 601 2839 Apud
632 2784 835 2827 llerodot.
860 2788 936 2837 lv,
977 2788 1069 2829 151.
1110 2789 1200 2830 153.
1242 2790 1335 2831 156.
1369 2795 1445 2845 169

209 2844 341 2886 insula
360 2845 492 2886 ionice
510 2855 677 2887 vocatur
700 2846 855 2889 Πλατέα
876 2850 892 2901 (
911 2849 1068 2891 Πλάτεα
1089 2859 1130 2892 et
1148 2851 1327 2893 Πλάταια
1357 2867 1444 2896 var.

208 2904 302 2948 lect.
325 2905 364 2962 );
382 2920 450 2962 ap.
476 2906 671 2962 Steplian.
696 2909 792 2963 1357..
814 2918 875 2950 est
897 2910 1071 2952 Πλατεῖα
1092 2922 1132 2953 et
1162 2913 1378 2966 Πλαταιαίς
1404 2916 1446 2957 in

209 2967 373 3025 Scylace
397 2967 528 3011 codex
558 2969 744 3011 Πλατείαι
774 2972 790 3024 (
806 2972 908 3027 sic).
937 2972 1002 3014 Cf.
1036 2974 1229 3016 Dindors.
1259 2977 1300 3017 in
1320 2977 1444 3020 Thes.

210 3043 273 3085 gr.
289 3044 331 3073 v,
359 3030 546 3073 Πλατεῖα.
571 3033 588 3086 ΙΙ
612 3055 670 3063 -
687 3032 931 3090 Σιδωνῑα]
955 3034 1194 3089 Legendum
1219 3037 1340 3079 suerit
1364 3037 1447 3091 ’Λη-

210 3092 321 3134 ὃονία
335 3107 360 3136 e
377 3092 620 3145 Ptolemaeo,
646 3093 718 3136 ubi
747 3092 914 3148 Ἀηὸονὶς
930 3098 1043 3148 νῆσος
1063 3096 1077 3153 (
1101 3095 1278 3147 Ἆνδονὶς,
1309 3098 1448 3141 ‘Attou-

211 3156 267 3205 νἰς
284 3169 372 3199 var.
406 3156 518 3207 lect.;
541 3156 639 3198 olim
663 3157 785 3213 vulgo
811 3156 1008 3211 Ἀηδωνίς,
1032 3159 1145 3215 quod
1167 3161 1209 3202 in
1242 3161 1447 3217 witbergi

211 3215 337 3262 codd.
369 3233 454 3262 non
488 3219 659 3261 obvium
693 3222 727 3276 ).
766 3221 895 3264 Paulo
931 3221 1063 3264 lenior
1094 3225 1306 3280 corruptio
1340 3224 1449 3280 apud

212 3280 435 3338 Scylacem,
457 3281 528 3324 ubi
544 3281 675 3324 codex
691 3283 871 3326 Διόωνία.
890 3282 1017 3338 Quod
1038 3283 1273 3328 distantiam
1289 3288 1450 3337 attinet,

212 3343 341 3386 stadia
362 3345 444 3387 250
460 3344 622 3387 admitti
644 3354 878 3402 nequeunt;
899 3346 986 3402 lege
1010 3346 1083 3403 ρν’.
1108 3348 1239 3402 Igitur
1257 3348 1379 3392 verba
1398 3351 1452 3393 ita

212 3405 380 3458 habent,
415 3416 461 3449 ut
481 3406 620 3450 dicere
637 3417 782 3451 auctor
800 3408 989 3452 videatur
1011 3419 1104 3467 post
1131 3410 1377 3454 Batrachum
1409 3413 1450 3454 in

214 3482 286 3509 ora
302 3470 504 3511 maritima
527 3472 640 3526 sequi
662 3470 857 3522 Plateam,
882 3473 948 3514 cui
968 3470 1127 3527 objecta
1148 3472 1201 3514 sit
1224 3474 1277 3515 30
1296 3472 1450 3515 stadio-

215 3542 308 3569 rum
331 3531 540 3573 intervallo
556 3532 742 3575 Aedonia
758 3533 890 3576 insula
904 3534 1095 3577 sistendis
1106 3534 1278 3577 navibus
1294 3550 1453 3577 accom-

216 3590 359 3634 moda.
384 3592 568 3636 Aedonia
585 3595 649 3637 illa
663 3610 746 3638 non
766 3596 843 3639 alia
861 3612 948 3639 esse
966 3606 1100 3654 potest
1113 3612 1238 3654 quam
1253 3596 1453 3640 hodierna

216 3655 370 3697 Bomba
388 3657 472 3697 sive
495 3657 685 3699 Bhourda
709 3659 855 3711 insula,
874 3660 952 3702 alta
971 3660 1037 3703 illa
1058 3669 1098 3703 et
1116 3675 1279 3712 saxosa,
1297 3660 1351 3702 de
1372 3675 1454 3717 qua

217 3717 272 3758 ita
300 3715 438 3760 Pacbo
464 3732 507 3774 p.
539 3720 619 3760 52:
657 3738 672 3757 ι
713 3721 794 3763 Eue
816 3731 876 3763 est
910 3725 1117 3779 peut-&tre
1141 3723 1178 3766 la
1205 3723 1315 3766 seule
1342 3722 1395 3765 de
1417 3724 1453 3766 la

214 3779 495 3836 Marmarique
531 3782 602 3837 qui
633 3782 737 3824 ossre
768 3799 916 3825 encore
951 3786 1004 3827 de
1040 3801 1115 3828 nos
1137 3785 1256 3842 jours
1278 3801 1335 3828 un
1369 3785 1453 3829 bon

218 3840 488 3898 mouillage...
516 3842 551 3885 11
573 3843 660 3886 saut
673 3847 780 3886 aussi
804 3847 1040 3890 consider-er
1055 3863 1136 3905 que
1153 3849 1234 3891 l'ile
1259 3848 1312 3890 de
1333 3851 1455 3892 Bom-

218 3901 268 3943 ba
295 3911 354 3944 cst
369 3903 407 3945 la
426 3903 537 3946 seule
558 3902 583 3947 a
604 3905 767 3949 l'orient
785 3907 838 3949 de
858 3909 1017 3965 Cyrene
1031 3942 1043 3962 ,
1071 3912 1142 3966 qui
1168 3913 1345 3967 paraisse
1368 3925 1456 3953 sus·

218 3965 392 4020 ceptible
418 3965 579 4010 d’avoir
605 3970 670 4012 ete
701 3969 930 4028 longtemps
958 3972 1170 4016 habitee...
1201 3976 1278 4016 Les
1301 3974 1456 4017 Arabes

220 4026 350 4069 m’ont
380 4031 519 4072 assure
547 4031 667 4087 qu'ils
698 4034 856 4076 avaient
898 4049 950 4076 vu
989 4045 1164 4078 souvent
1195 4035 1268 4078 des
1297 4036 1456 4078 navircs

1501 850 1653 894 abrites
1694 853 1842 909 auprt'ae
1870 851 1925 894 de
1954 867 2023 894 ces
2052 852 2146 903 iles,
2184 851 2559 909 particum-rement
2594 852 2768 910 auprest

1501 913 1555 956 de
1578 914 1676 956 celle
1698 913 1751 956 de
1776 914 1951 956 Bomba.
1985 934 2002 951 ι-
2034 938 2092 946 -
2107 914 2349 956 Ptolemaeus
2377 914 2555 957 Plateam
2588 928 2771 971 memo-vs

1505 985 1567 1018 rat
1596 977 1776 1026 nullam,
1799 976 1991 1019 Aedonin
2012 990 2111 1018 vero
2134 977 2307 1019 insulam
2324 978 2365 1018 in
2388 976 2470 1019 alto
2492 977 2597 1018 mari
2617 976 2766 1021 collo-⁴

1502 1047 1592 1089 cat,
1618 1038 1723 1081 adeo
1750 1047 1797 1080 ut
1825 1039 1912 1095 ipse
1940 1052 2108 1095 quoque
2134 1038 2187 1079 de
2219 1038 2371 1080 Bomlm
2393 1038 2524 1080 insula
2546 1039 2746 1095 cogitasse

1502 1099 1663 1143 debeat.
1688 1100 1927 1144 Herodotus
1958 1109 2096 1143 autem
2121 1101 2162 1142 in
2182 1101 2354 1143 historia
2374 1100 2427 1144 de
2457 1102 2638 1158 Cyrenes
2659 1105 2744 1145 ori-

1471 1183 1475 1191 ‚
1503 1163 1668 1218 ginibus
1700 1163 1875 1205 insulam
1908 1162 2098 1205 Plateam
2129 1162 2273 1214 affert,
2312 1176 2438 1219 quam
2461 1163 2657 1207 'num
2688 1168 2745 1208 ait

1504 1228 1622 1279 (111,
1666 1226 1742 1267 153
1772 1224 1898 1283 sqq.)
1928 1239 2004 1282 per
2024 1225 2238 1267 biennium
2274 1225 2503 1276 habitasse,
2526 1234 2743 1284 antequam

1506 1289 1549 1330 in
1580 1289 1722 1332 Azirin
1755 1289 2005 1330 continentis
2025 1289 2223 1344 oppositae
2252 1287 2462 1342 regionem
2491 1289 2746 1344 tmnsgmde-
2794 1330 2795 1335 ,

1506 1358 1652 1393 rentur
1669 1350 1687 1409 ζ
1703 1351 1864 1406 Λέγεται
1895 1349 1936 1391 δὲ
1958 1349 1983 1402 ἣ
2005 1353 2120 1402 νῆσος
2145 1347 2208 1403 ἴση
2234 1347 2336 1390 εἶναι
2359 1351 2410 1405 τῇ
2440 1352 2506 1390 νῦν
2525 1348 2765 1406 Κυρηναίων

1507 1413 1600 1456 πόλι
1631 1427 1672 1457 ο.
1701 1414 1779 1455 156
1798 1414 1831 1468 j.
1859 1413 1992 1455 Situm
2030 1413 2217 1455 locorum
2250 1413 2439 1468 quamvis
2467 1426 2551 1454 nou
2581 1411 2780 1457 definiam?

1507 1475 1751 1527 historicus,
1771 1474 2042 1532 probabiliter
2063 1484 2200 1517 tamen
2229 1475 2307 1516 viri
2334 1474 2469 1526 docti,
2493 1474 2640 1518 collato
2659 1477 2749 1519 Sta·

1507 1538 1683 1590 diasmo,
1706 1538 1886 1581 Plateam
1911 1538 2086 1580 insulam
2110 1538 2151 1579 in
2171 1536 2274 1579 hod.
2299 1537 2452 1579 Bomba
2481 1538 2748 1594 quaereudam
2791 1543 2793 1546 ⁴

1508 1614 1595 1642 esse
1612 1609 1823 1653 statuunt;
1850 1601 2047 1643 incertior
2063 1614 2128 1642 res
2142 1608 2203 1641 est
2221 1598 2273 1641 de
2289 1601 2398 1642 Aziri
2418 1601 2584 1655 regione
2597 1632 2609 1652 ,
2622 1615 2749 1658 quam
2776 1623 2783 1637 ι

1508 1661 1560 1704 ad
1579 1662 1681 1705 hod.
1713 1663 1841 1705 Wadi
1868 1662 2049 1706 Temmin
2070 1661 2271 1704 referunt.
2298 1663 2357 1703 Ut
2379 1670 2426 1703 ut
2441 1670 2525 1714 est,
2543 1663 2646 1705 nihil
2666 1665 2752 1706 He·
2772 1707 2775 1719 ι

1509 1725 1647 1768 rodoti
1670 1726 1852 1767 narratio
1888 1725 2032 1777 habet,
2064 1723 2177 1781 quod
2201 1738 2296 1765 cum
2325 1723 2558 1767 Stadiasmo
2575 1734 2753 1783 nequeat
2779 1765 2780 1768 ,

1510 1788 1736 1830 conciliari.
1760 1790 1865 1831 Nam
1891 1796 1938 1829 ut
1958 1788 2109 1844 passim
2131 1787 2272 1828 insula:
2291 1786 2346 1828 de
2371 1788 2506 1829 vicina
2534 1790 2755 1831 continen-

1511 1851 1563 1892 tis
1578 1851 1746 1906 regione
1770 1864 1922 1893 nomen
1951 1850 2120 1900 habent,
2141 1850 2201 1890 sic
2218 1850 2355 1891 Platea
2376 1858 2417 1892 et
2431 1851 2680 1894 continentis
2694 1851 2754 1894 lo-

1511 1927 1584 1954 cus
1600 1922 1641 1955 et
1669 1913 1826 1965 insula,
1847 1913 1899 1955 ab
1929 1912 2017 1955 aliis
2038 1911 2226 1955 Aedonia
2245 1911 2376 1964 dicta,
2406 1914 2541 1955 vocari
2574 1922 2749 1971 poterat.

1513 1976 1656 2031 Ipsum
1680 1989 1779 2017 vero
1794 1990 1970 2027 nomen,
1988 1989 2118 2031 quum
2142 1989 2320 2030 graccum
2338 1989 2425 2017 csse
2448 1974 2650 2027 videntur,
2677 1978 2755 2020 mi·

1512 2052 1591 2079 nus
1610 2037 1787 2095 quadrat
1806 2039 1850 2080 in
1869 2038 2044 2080 insulam
2067 2037 2190 2079 altam
2217 2046 2258 2079 et
2281 2051 2467 2080 saxosam
2486 2052 2611 2094 quam
2626 2039 2668 2081 in
2690 2053 2756 2083 re·

1513 2100 1678 2156 gionem
1711 2101 1942 2157 oppositam
1958 2131 1970 2151 ,
2007 2113 2099 2156 quae
2126 2100 2236 2141 inter
2264 2101 2510 2157 Cyrenaicos
2534 2109 2696 2143 montes
2713 2110 2756 2145 et

1513 2163 1752 2218 proximum
1787 2177 1812 2205 a
1841 2161 2014 2204 meridie
2048 2170 2294 2203 montanum
2329 2170 2508 2205 tractum
2536 2163 2755 2206 intercedit

1514 2223 1593 2266 lata
1613 2238 1662 2266 ac
1682 2222 1888 2280 depressa.
1919 2227 2025 2278 Quae
2046 2237 2177 2279 quum
2200 2223 2258 2265 ita
2283 2224 2388 2276 sint,
2412 2224 2677 2269 vehementer
2694 2235 2756 2270 ta·-

1515 2301 1610 2328 men
1630 2300 1789 2338 vereor,
1820 2301 1873 2328 ne
1891 2287 1935 2328 in
1966 2285 2076 2328 libro
2101 2293 2244 2327 nostro
2263 2300 2348 2328 non
2378 2285 2432 2328 de
2461 2286 2599 2331 Platea
2614 2289 2759 2345 ignoto
2804 2281 2808 2302 ⁸

1514 2348 1681 2392 aliunde
1703 2350 1951 2392 continentis
1964 2349 2072 2400 loeo,
2097 2348 2169 2390 sed
2183 2347 2236 2390 de
2258 2348 2406 2401 insula,
2426 2357 2473 2392 ut
2490 2350 2603 2407 apud
2626 2353 2758 2395 Hem-
2806 2398 2808 2420 Ι

1515 2411 1662 2454 dotum
1681 2421 1724 2455 et
1751 2412 1958 2469 Scylacem
1980 2421 2022 2455 et
2051 2411 2329 2468 Stephanum,
2353 2426 2491 2455 sermo
2521 2414 2595 2467 sit,
2631 2423 2758 2472 atque
2805 2421 2808 2461 ἒ

1515 2473 1669 2531 duplex
1691 2474 1835 2516 insulae
1854 2488 2024 2527 nomen,
2045 2474 2221 2517 Πλατεῒα
2238 2473 2263 2528 ὴ
2282 2474 2348 2517 καὶ
2370 2473 2543 2530 Ἀηδονία
2559 2476 2603 2519 in
2614 2476 2759 2521 codiee
2806 2484 2808 2506 ³

1516 2545 1880 2580 commemoretur.
1900 2538 2066 2579 Etenim
2085 2538 2119 2579 si
2149 2538 2191 2579 in
2215 2538 2453 2582 continente
2473 2538 2610 2582 Platea
2638 2549 2753 2593 erat,

1516 2600 1813 2656 exspectaveris
1830 2599 1883 2642 de
1898 2601 2009 2658 ὅρμῳ
2024 2599 2180 2656 aliquid
2201 2602 2376 2653 moneri,
2394 2615 2525 2658 quum
2543 2610 2680 2659 aptam
2699 2603 2756 2647 ibi
2795 2600 2808 2630 Ὺ

1517 2662 1681 2703 stationi
1701 2676 1819 2703 oram
1844 2676 1932 2704 esse
1958 2676 2117 2719 mappae
2140 2664 2312 2704 nauticoe
2334 2663 2577 2716 ostenduam
2605 2663 2760 2708 deinde
2804 2698 2808 2699 ν

1519 2739 1616 2767 vero
1631 2725 1793 2767 miraris
1810 2739 1887 2767 cur
1902 2739 1987 2767 non
2008 2739 2091 2767 una
2109 2738 2206 2766 cum
2224 2725 2475 2767 continentis
2493 2725 2584 2768 loco
2601 2741 2760 2776 memo-
2805 2758 2808 2796 γ

1517 2795 1661 2829 rentur
1682 2802 1775 2843 quoe
1802 2787 1859 2830 ibi
1878 2796 1997 2830 erant
2018 2788 2144 2829 turris
2161 2794 2202 2829 et
2220 2801 2347 2842 aqua,
2379 2786 2451 2829 sed
2479 2802 2529 2830 cx
2550 2789 2682 2833 insula
2704 2791 2760 2834 ad
2805 2797 2808 2826 ἰ

1517 2863 1586 2892 eas
1619 2858 1765 2891 auctor
1797 2849 2005 2892 amandet.
2036 2850 2130 2892 Huc
2160 2848 2319 2891 accedit
2349 2848 2463 2906 quod
2494 2854 2761 2906 grammatic·
2803 2831 2808 2904 Ι

1520 2906 1741 2954 verborum
1761 2913 1866 2954 ratio
1887 2912 2099 2955 turbatum
2114 2911 2267 2967 aliquid
2283 2926 2370 2954 csse
2391 2910 2559 2956 indicat.
2577 2915 2629 2958 Ni
2643 2915 2763 2960 fallor
2794 2914 2808 2966 T

1518 2982 1664 3016 auctor
1679 2975 1735 3016 ita
1753 2975 1916 3031 scripsit
1933 2987 1943 3015 ε
1965 2972 2040 3017 ἀπὸ
2055 2977 2123 3017 τοῦ
2143 2974 2345 3031 Βατράχου
2362 2974 2413 3025 εἰς
2435 2975 2630 3020 Πλατεῖαν
2651 2978 2668 3034 [
2690 2982 2760 3032 νῆ·
2794 2969 2808 3017 ἐ

1521 3052 1588 3078 σον
1607 3038 1623 3093 ]
1643 3037 1791 3079 στάδιοι
1810 3036 1879 3093 ρν’·
1908 3036 2000 3093 πρὸς
2013 3041 2068 3094 τῷ
2086 3036 2248 3093 πελάγει
2274 3039 2397 3079 κεῖται
2418 3037 2493 3082 ἀπὸ
2512 3040 2677 3083 σταδίων
2701 3041 2757 3085 λ’.

1522 3098 1606 3154 ἔχει
1620 3099 1797 3155 ’ὕφορμον
1828 3098 1976 3155 Θερινὸν
2007 3101 2231 3155 φορτηγοῖς·
2273 3098 2357 3155 ἔχει
2385 3100 2425 3141 δὲ
2447 3100 2549 3158 ὕδωρ
2580 3102 2668 3146 κτλ.
2692 3103 2760 3147 Ad
2786 3134 2788 3139 ·

1521 3161 1607 3202 lucc
1626 3161 1793 3217 quidam
1813 3161 2030 3217 adscripsit
2053 3175 2062 3203 ε
2082 3165 2196 3214 νῆσος
2210 3160 2428 3217 καλουμένη
2454 3161 2644 3218 Ἇηδονία,
2668 3180 2761 3224 qun

1521 3223 1672 3266 deinde
1690 3239 1785 3266 cum
1820 3225 1955 3266 verbis
1980 3227 2159 3267 auctoris
2187 3225 2363 3268 conflata
2380 3236 2492 3270 sunt.
2520 3230 2579 3271 Ut
2606 3230 2663 3274 ita
2680 3238 2774 3275 nu·

1522 3295 1634 3328 tuam
1665 3287 1774 3328 haud
1816 3288 2033 3329 minimum
2066 3302 2132 3330 me
2162 3297 2314 3339 movet,
2345 3289 2460 3345 quod
2480 3290 2613 3334 tribus
2636 3291 2766 3352 liujus

1522 3349 1675 3406 parapli
1692 3349 1811 3400 locis,
1836 3350 1988 3406 quibus
2010 3349 2161 3407 duplex
2188 3349 2372 3406 ejusdem
2400 3351 2479 3394 loci
2503 3367 2655 3398 nomen
2673 3367 2762 3401 m·-

1524 3422 1726 3465 moratur,
1761 3413 1802 3455 id
1832 3422 1915 3455 tam
1953 3415 2199 3457 inconcinna
2229 3429 2393 3471 semper
2430 3417 2591 3461 ratione
2621 3418 2694 3473 tit,

1524 3488 1647 3515 nemo
1667 3474 1971 3531 interpolatoris
1984 3490 2151 3518 manum
2171 3491 2254 3518 non
2270 3476 2567 3534 deprehendat.
2590 3480 2692 3536 Βίας
2707 3479 2732 3524 5
2744 3495 2768 3519 -’

1525 3536 1695 3592 legimus
1718 3537 1793 3580 ἀπὸ
1813 3537 2078 3594 Πτολεμαίδος
2097 3538 2147 3589 εἰς
2170 3540 2357 3596 Τεῦχειρα
2374 3542 2525 3585 στάδιοι
2542 3556 2641 3586 σν...
2756 3544 2758 3547 ’

1525 3599 1702 3642 καλεῖται
1730 3599 1917 3656 Ἀρσινόη.
1941 3603 2071 3643 Porro
2089 3603 2113 3656 S
2128 3603 2180 3656 95
2287 3601 2338 3652 εἰς
2357 3602 2406 3646 τὰ
2422 3604 2559 3661 Ἇφορα
2577 3605 2686 3649 etat.

1524 3663 1620 3718 ἄκρα
1654 3662 1735 3705 ἐστὶ
1765 3663 1891 3705 κτλ...
1928 3664 2111 3706 Καλεῖται
2156 3666 2377 3722 Νεόσπορα.
2417 3667 2614 3710 Similiter
2647 3670 2672 3723 S
2702 3667 2769 3724 ,-”“,,
2800 3712 2802 3714 ,

1524 3740 1652 3781 quum
1685 3735 1829 3768 auctor
1852 3727 2047 3769 Νεάπολιν
2066 3729 2083 3782 (
2098 3726 2215 3783 quus
2231 3742 2383 3771 nomen
2402 3730 2445 3771 in
2468 3729 2563 3772 cod.
2581 3729 2745 3775 excidit
2804 3773 2808 3777 ,

1527 3798 1789 3831 memorasset
1815 3798 1854 3831 et
1880 3789 1997 3846 plura
2019 3788 2072 3832 de
2093 3805 2139 3832 ea
2171 3792 2417 3842 monuisset,
2439 3791 2613 3849 abrupte
2633 3807 2670 3835 s·
2712 3790 2786 3838 ''J“

1525 3851 1691 3891 ciuntur
1716 3851 1839 3894 verba
1866 3866 1875 3894 :
1895 3852 1994 3906 Αὕτη
2014 3852 2192 3895 καλεῖται
2213 3853 2361 3902 Λεπτίς.
2381 3852 2482 3895 Tale
2498 3854 2622 3908 igitur
2646 3867 2730 3896 acm

1527 3920 1752 3955 tamentum
1776 3915 1899 3956 etiam
1934 3916 1975 3957 in
2014 3923 2202 3957 nostrum
2231 3915 2367 3958 locum
2402 3915 2611 3972 irrepsisse
2630 3914 2659 3958 d

2718 3963 2730 3973 ε
2746 3956 2760 3973 2'·

1526 3975 1717 4030 Stqnwcst
1739 3985 1782 4018 ut
1802 3976 1854 4018 ‹le
1873 3976 2035 4033 Scylace
2051 3992 2257 4020 moneam.
2278 3977 2439 4019 Isenim
2457 3978 2565 4020 inter
2582 3976 2652 4021 Pla
2681 4008 2684 4010 -

1527 4045 1567 4078 et
1595 4037 1822 4080 Aedoniatn
1847 4040 1999 4081 insulas
2022 4038 2238 4094 distinguit
2259 4053 2302 4096 p,
2331 4039 2382 4081 83
2407 4052 2417 4081 1
2446 4038 2484 4081 ἐν
2507 4038 2548 4081 δὲ
2572 4042 2628 4096 τῷ
2655 4037 2764 4095 pm
2803 4063 2808 4067 ·
