2756 4354
99 167 148 226 (α)
328 135 338 144 ’
1195 165 1503 212 Pssmrms.
2563 189 2625 228 25

94 269 207 321 ἔθνος
225 276 328 333 τιμᾷ
345 267 572 328 Διομήδην,
593 264 850 328 εὐεργετηθὲν
864 264 933 310 ὑπ’
952 267 1076 310 αὐτοῦ
1091 284 1101 294 ·
1124 266 1195 311 καὶ
1217 266 1324 326 ἱερόν

98 340 217 383 ἐστιν·
242 341 382 385 αὐτοῦ.
464 335 715 397 Παράπλους
753 332 795 379 δὲ
826 337 898 389 τ’ῆς
934 333 1168 396 Ὀμὸρικῆς
1211 335 1320 380 ἐστὶν

96 410 262 468 ἡμερῶν
287 405 358 450 δύο
374 404 445 450 καὶ
460 402 616 454 νυκτός.

158 492 210 523 17.
253 478 291 521 Τ
294 482 525 520 ΥΡΡΗΝΟΙ.
554 469 679 518 Μετὰ
705 469 747 515 δὲ
770 470 815 516 τὸ
843 469 1073 532 Ὀμὸρικὸν
1093 470 1320 533 Τυρρηνοί.

1397 274 1500 315 ficiis
1522 276 1573 316 ab
1588 290 1638 316 eo
1656 275 1817 326 affecta,
1843 283 1884 316 et
1905 274 2047 315 fanum
2067 277 2279 318 Diomedis
2300 279 2437 321 habet.
2456 285 2626 326 Praeter-

1397 344 1601 396 navigatio
1616 351 1753 384 autem
1767 342 1952 384 Umbriae
1966 351 2027 383 est
2044 343 2224 384 duorum
2253 345 2414 386 dierum
2433 357 2474 388 et
2500 355 2631 392 noctis

1398 424 1534 451 umus.

1456 492 1522 532 17.
1546 480 1794 520 Tnuumm.
1816 482 1916 521 Post
1929 479 2177 521 Umbricum
2191 480 2391 535 populum
2402 484 2605 537 Tyrrheni
2620 501 2629 528 :

97 544 292 598 Δῑήκθυσῑ
314 540 357 586 δὲ
381 539 452 585 καὶ
486 533 595 585 Οῧῖθῑ
619 539 703 584 ἀπὸ
736 544 807 585 τοῦ
830 542 1088 602 Τυρρηνικοῦ
1121 538 1325 599 πελάγους
1395 549 1605 603 pertinent
1622 558 1758 590 autem
1774 551 1817 590 hi
1845 565 2010 605 quoque
2028 565 2053 591 a
2070 551 2175 591 mari
2201 553 2403 593 exteriore
2419 556 2637 609 Tyrrheno

96 612 237 665 ἔξωθεν
279 612 334 661 εἷς
359 609 428 655 τὸν
467 608 643 670 Ἀδρίαν·
669 608 739 653 καὶ
768 609 884 660 πόλις
916 611 957 654 ἐν
979 610 1082 668 αὐτῇ
1126 607 1320 663 Ἑλληνὶς

90 682 108 742 [
127 680 262 726 Σπῒνα
282 680 300 740 ]
314 716 325 735 ,
362 679 433 723 καὶ
462 677 668 737 ποταμός·
697 678 768 723 καὶ
793 677 1000 730 ἀνάπλους
1033 680 1086 729 εἷς
1109 676 1182 732 τὴν
1204 676 1323 722 πόλιν

90 747 196 793 κατὰ
223 747 410 807 ποταμὸν
434 749 489 800 ὡς
521 747 559 792 κ’
597 747 789 793 σταδίων.
860 747 946 794 Καί
975 749 1085 792 ἐστιν
1108 746 1176 792 ἐπὶ
1201 748 1327 802 αὐτῆς

92 817 172 863 ἀπὸ
194 816 328 872 Πίσης
347 817 505 868 πόλεως
527 816 615 869 ὁδὸς
640 820 802 880 ἡμερῶν
825 821 964 880 τριῶν.

159 904 213 933 18.
243 890 451 933 ΚΕΛΤΟῙ.
476 886 602 933 Μετὰ
620 886 661 932 δὲ
676 888 911 949 Τυρρηνούς
931 890 1009 933 εἶσι
1030 888 1182 933 Κελτοὶ
1200 887 1323 942 ἔθνος,

93 956 403 1018 ἀπολειφθέντες
413 960 484 1011 τ’ἧς
501 956 732 1018 στρατείας,
754 957 821 1002 ἐπὶ
842 960 991 1002 στενῶν
1011 956 1134 1018 μέχρι
1168 955 1326 1018 Ἀδρίου

90 1026 323 1087 [διήκοντες
346 1027 380 1087 ].
413 1025 621 1072 Ἐνταῦθα
642 1025 685 1071 δέ
722 1028 830 1072 ἐστιν
853 1030 874 1072 ὃ
915 1026 1044 1088 μυχὸς
1076 1031 1145 1071 τοῦ
1171 1024 1330 1087 Ἀδρίου

89 1094 259 1142 κόλπου.

89 1256 173 1295 sive
215 1258 319 1304 1464
355 1255 522 1306 stadiis;
552 1256 703 1310 quibus
729 1254 951 1310 respondet
981 1258 1003 1308 §
1034 1255 1081 1295 15
1112 1254 1334 1309 παράπλους

88 1317 240 1372 ἡμερῶν
276 1318 342 1357 δύο
365 1318 429 1358 καὶ
451 1318 582 1365 νυκτός
614 1317 699 1374 (z
719 1318 825 1359 1500
858 1317 964 1358 stad.
984 1317 1017 1374 ).
1054 1317 1216 1369 Quodsi
1237 1331 1334 1357 vero

88 1380 260 1421 eandem
289 1379 588 1432 longitudinem
618 1394 700 1420 orae
729 1380 938 1420 Umbricae
964 1380 1142 1433 assignat
1164 1387 1323 1428 auctor,

87 1451 225 1498 aperte
241 1443 414 1492 erravit,
440 1456 571 1496 quum
596 1442 648 1482 ab
676 1444 852 1483 Ancona
870 1441 923 1482 ad
945 1443 1200 1496 Spineticum
1226 1441 1327 1482 Padi

88 1506 239 1545 ostium
272 1505 341 1544 vix
371 1506 606 1558 octingenta
634 1505 717 1545 sint
740 1504 886 1545 stadia.
924 1505 1085 1545 Scilicet
1115 1519 1246 1559 usque
1275 1504 1328 1545 ad

87 1569 302 1608 Anconam
321 1567 434 1606 sinus
462 1566 698 1608 Adriaticus
727 1566 850 1607 rebus
877 1559 1066 1621 Dionysii
1100 1566 1329 1622 patefactus

87 1638 187 1680 erat,
209 1630 444 1685 multusque
462 1631 506 1670 in
525 1645 574 1671 eo
586 1629 858 1670 describendo
877 1630 1001 1670 fuisse
1018 1629 1180 1670 videtur
1193 1631 1329 1670 Theo-

85 1706 284 1747 pompus,
321 1707 344 1733 e
380 1707 463 1748 quo
495 1707 569 1733 sua
599 1692 755 1733 habent
790 1692 1024 1743 Diodorus,
1063 1695 1087 1733 J
1092 1693 1251 1733 ustinus
1290 1701 1330 1733 et

52 1760 55 1764 '
86 1755 286 1810 Scymnus
313 1755 439 1795 Chius
447 1770 458 1806 ;
484 1769 575 1810 quae
594 1769 692 1795 vero
715 1753 768 1795 ad
784 1755 1023 1795 interiorem
1042 1754 1155 1794 sinus
1169 1762 1327 1808 partem

86 1825 284 1871 spectant,
308 1818 431 1858 etiam
455 1826 556 1858 tunc
585 1832 687 1871 vaga
719 1816 949 1857 admodum
978 1816 1183 1871 plenaque
1214 1831 1328 1857 erro-

84 1894 195 1921 rum.
215 1883 230 1935 Η
247 1905 304 1911 -
318 1880 348 1920 Δ
362 1896 404 1920 ιο
416 1896 444 1936 μ
454 1880 480 1932 ή
488 1882 508 1920 δ
518 1896 541 1933 η
556 1883 603 1934 ν]
618 1882 681 1921 De
692 1879 908 1921 Diomedis
921 1881 965 1920 iu
980 1880 1097 1920 Italia
1105 1880 1219 1920 cultu
1234 1881 1329 1921 Gai-

85 1942 164 1983 lius
186 1943 327 1984 laudat
348 1943 540 1985 Strabon.
561 1944 638 1994 IV,
655 1957 698 1998 p.
715 1942 818 1993 2153
836 1943 1047 1998 Heynium
1062 1942 1115 1983 ad
1135 1943 1230 1983 AEn.
1249 1944 1326 1993 XI,

86 2019 249 2046 excurs.
275 2008 322 2057 13
342 2006 512 2047 Boeekh.
541 2006 663 2061 Expl.
688 2004 857 2047 Pindar.
882 2020 925 2060 p.
961 2007 1064 2055 4633
1097 2006 1329 2046 Raoul-Ro-

86 2067 221 2109 chette
238 2068 445 2109 Etabliss.
470 2070 527 2118 ΙΙ,
548 2082 592 2123 p.
618 2068 698 2109 306
716 2082 826 2122 sqq.,
846 2067 1085 2108 Tzsehucke
1104 2067 1156 2107 ad
1176 2067 1329 2108 Melam

85 2130 141 2179 II,
165 2144 205 2183 7,
229 2129 268 2181 5,
294 2131 359 2171 13.
388 2135 400 2178 ΙΙ
417 2131 478 2161 ’--
496 2129 604 2185 ispi)
621 2144 639 2170 ν
679 2128 860 2181 αὐτοῦ]
886 2148 902 2163 α
925 2128 1052 2182 Cujus
1067 2129 1214 2169 Strabo
1241 2128 1325 2181 (V,

85 2205 128 2246 p.
144 2192 222 2232 215
242 2191 255 2248 )
277 2207 444 2247 quoque
460 2193 651 2233 meminit
665 2192 709 2231 τὸ
723 2192 888 2246 Τιμάϊον
905 2191 1126 2245 appellanS,
1141 2200 1180 2231 et
1193 2191 1330 2231 Theo-

86 2255 276 2308 phrastus
297 2256 352 2295 H.
381 2255 443 2296 Pl.
476 2257 552 2303 IV,
572 2269 612 2308 7.
646 2274 661 2289 ιτ
684 2256 808 2295 GA11..
832 2256 888 2295 At
915 2253 1017 2294 illud
1041 2253 1183 2293 fanum
1218 2254 1329 2309 apud

87 2318 271 2357 Venetos
290 2326 377 2357 erat
405 2317 458 2357 ad
478 2312 698 2357 Tima'vum
721 2317 1026 2359 fluvium-inter
1045 2317 1082 2356 Τ
1083 2324 1268 2369 ergesten
1290 2325 1331 2357 et

87 2377 333 2432 Aquilejam.
352 2378 494 2433 Scylax
507 2379 631 2432 igitur
647 2377 759 2418 aliud
782 2378 1050 2418 intellexerit.
1065 2377 1192 2418 Aliud
1207 2380 1329 2419 etiam

88 2439 211 2480 suerit
233 2442 277 2481 in
309 2442 434 2495 Spina
454 2441 572 2491 urbe,
599 2441 753 2495 quippe
786 2454 912 2495 quam
946 2441 1169 2481 Diomedes
1185 2441 1330 2481 condi--

88 2502 195 2542 disse
212 2501 418 2543 serebatur
437 2502 449 2558 (
466 2503 573 2543 Plin.
601 2505 678 2553 III,
705 2516 758 2543 20
775 2502 807 2558 ).

144 2567 165 2616 S
186 2578 252 2617 17.
285 2565 339 2604 τὸ
370 2563 646 2619 Ὀμῧρικὸν]
663 2579 720 2605 se.
736 2564 856 2612 ἔθνος.
876 2565 1090 2606 Cluverius
1107 2566 1332 2614 voluitrobg

93 2625 347 2681 Ὀμὸρικοὶις,
374 2628 531 2668 Gailius
550 2625 620 2678 τὴν
654 2626 882 2682 Ὀμὸρικήν.
911 2628 1091 2680 ΙΙ-τὸν
1135 2628 1331 2684 Ἀδρίαν]

87 2688 153 2728 τὸν
169 2688 335 2744 Δαφνίαν
353 2687 467 2739 cod.;
485 2703 566 2729 em.
585 2689 749 2730 Cluver.
769 2692 867 2731 Post
882 2690 1050 2746 Δαφνίαν
1067 2690 1199 2732 codex
1214 2691 1332 2733 addit

87 2766 231 2792 vocem
260 2751 480 2804 διήκοντες,
503 2767 629 2807 quam
665 2753 708 2793 h.
730 2752 760 2793 l.
799 2752 1083 2794 abundantem
1110 2755 1264 2795 inserui
1288 2757 1329 2797 in

89 2817 111 2866 S
134 2817 198 2856 18.
226 2815 418 2856 Ceterum
441 2814 584 2856 eadem
601 2830 699 2856 mox
719 2829 944 2874 perperam
956 2825 1217 2872 repetuntur.
1237 2819 1253 2871 Ι]
1276 2843 1331 2849 -

90 2876 138 2917 ἐν
170 2876 324 2934 αὐτῇ]
347 2879 403 2918 V.
429 2886 519 2918 not.
545 2877 598 2918 ad
621 2878 643 2931 §
666 2882 731 2918 16.
750 2880 833 2919 Pro
857 2878 968 2927 πόλις
989 2878 1114 2920 codd.
1135 2879 1280 2927 πόλεις.
1313 2886 1324 2928 ΙΙ

88 2963 144 2970 -
158 2940 274 2981 Σπῖν
290 2957 313 2980 α
330 2943 343 2993 ]
362 2941 427 2981 Sic
448 2949 557 2981 recte
574 2941 720 2996 procul
739 2940 870 2983 dubio
890 2942 1136 2998 supplerunt
1164 2957 1231 2983 vv.
1254 2943 1328 2984 dd.

90 3001 154 3042 Cf.
183 3003 328 3044 Strabo
349 3005 405 3054 V,
426 3017 470 3058 p.
496 3006 576 3052 214
601 3017 610 3044 :
644 3002 692 3043 ‘H
722 3003 864 3055 Σπῖνα,
889 3007 955 3045 νῦν
979 3004 1045 3059 μὲν
1070 3005 1235 3061 κωμίον,
1259 3007 1331 3046 πά-

90 3063 156 3103 λαι
174 3065 214 3105 δὲ
244 3064 426 3118 Ἑλληνὶς
448 3066 559 3113 πόλις
590 3065 792 3115 ἔνδοξος...
828 3067 935 3107 Φασὶ
956 3067 997 3107 δὲ
1032 3068 1098 3108 καὶ
1119 3068 1240 3109 πάλαι
1271 3069 1332 3110 ἐπὶ

94 3126 264 3184 θαλάσσῃ
296 3127 479 3183 ὒπάρξαι,
514 3131 582 3170 ,νῦν
606 3130 640 3169 δ’
676 3129 777 3171 ἐστὶν
816 3129 855 3170 ἐν
889 3130 1078 3185 μεσογαίᾳ
1107 3130 1152 3171 τὸ
1184 3131 1330 3185 χωρίον

93 3188 178 3242 περὶ
210 3188 460 3242 ἐννενήκοντα
495 3194 563 3243 τῆς
593 3191 786 3245 θαλάσσης
810 3193 984 3240 σταδίους
1016 3192 1177 3247 ἀπέχον.
1214 3194 1338 3236 ΑΙΙι1-’

95 3250 214 3290 vione
243 3253 346 3293 ostia
384 3254 498 3294 ssuvii
540 3254 752 3309 paullatim
792 3255 951 3310 prolata
993 3264 1103 3296 sunt.
1140 3256 1204 3297 Cf.
1250 3257 1331 3298 Pli-

96 3313 188 3352 nius
206 3315 282 3363 ΠΙ,
311 3328 379 3356 20.
403 3317 589 3356 Justinus
624 3318 742 3368 XXI,
782 3332 799 3358 1
819 3318 943 3358 habet
961 3317 1131 3374 Spinam
1159 3318 1202 3359 in
1238 3322 1333 3360 Um-

96 3374 183 3414 bris
204 3374 485 3431 (Spinambris
500 3378 623 3420 codd.
644 3379 675 3435 ).
695 3382 859 3421 Ostium
875 3380 977 3422 Padi
993 3382 1245 3436 Spineticum
1262 3397 1328 3437 ap.

96 3437 346 3491 Stephanum
361 3453 394 3479 S.
407 3454 454 3481 v.
476 3450 646 3482 vocatur
659 3442 801 3490 Σπῖνος
816 3444 1002 3498 ποταμός.
1018 3442 1143 3498 Apud
1156 3444 1329 3499 Dionys.

96 3499 188 3539 Hal.
206 3501 242 3549 I,
264 3502 316 3541 28
335 3500 482 3554 legitur
503 3502 564 3544 ἐπὶ
590 3503 752 3557 Σπινῆτι
774 3511 951 3562 ποταμῷ.
978 3506 1237 3548 Alterutrum
1261 3522 1332 3547 vo-

97 3559 289 3602 cabulum
326 3571 468 3604 nostro
496 3565 587 3606 loco
623 3568 899 3622 supplendum
932 3570 1025 3609 erit.
1055 3568 1334 3610 Grotefendus

104 3625 228 3676 (Zur
242 3626 386 3675 Geogr.
420 3639 461 3665 ιι.
481 3628 623 3668 Gcsclz.
642 3643 685 3669 υ.
710 3630 962 3670 Alt-Italien
981 3630 1078 3671 sase.
1099 3633 1120 3671 I
1135 3662 1146 3681 ,
1177 3645 1220 3686 p.
1247 3635 1333 3686 49)

99 3686 247 3726 urbem
295 3687 549 3742 fluviumque
591 3704 634 3731 n.
681 3691 709 3731 l.
756 3701 1030 3733 memoratum
1082 3708 1168 3734 esse
1217 3703 1336 3749 putat

42 3769 47 3775 ·
99 3746 271 3788 Adriani
291 3763 302 3797 ;
327 3748 473 3788 urbem
494 3764 633 3791 errore
650 3752 830 3807 ,Scylacis
849 3755 1035 3794 Graecam
1059 3756 1196 3796 vocari
1216 3772 1227 3806 ;
1257 3757 1335 3797 ssu-

97 3810 135 3848 vi
143 3823 211 3849 um
222 3808 393 3850 Adriam
406 3825 503 3851 vero
515 3824 600 3851 esse
608 3812 790 3868 Padum,
801 3813 904 3854 adeo
914 3823 961 3855 ut
975 3815 1196 3867 Eridanus,
1212 3832 1335 3872 quem

98 3872 235 3926 paullo
271 3881 364 3927 post
386 3873 529 3928 Scylax
556 3872 754 3926 recenset,
782 3875 834 3916 ad
871 3877 1091 3930 ignobilem
1126 3879 1335 3933 quendam

105 3934 280 3974 ssuvium
313 3935 553 3976 referendus
586 3937 651 3976 sit.
688 3939 702 3991 ΙΙ
731 3961 789 3968 -
819 3939 901 3978 καί
924 3938 1061 3980 ἐστιν
1093 3940 1161 3982 ἐπ’
1189 3941 1335 3994 αὐτῆς

102 3994 189 4036 ἀπὸ
214 3996 366 4049 Πίσης
392 3998 492 4038 κτλ.
517 4000 629 4051 ]Ρι·ο
659 3999 722 4039 his
746 3999 786 4040 in
821 4000 916 4041 cod.
940 4000 1114 4054 legitur:
1151 4003 1223 4042 Καὶ
1239 4004 1334 4059 Τυρ-

1395 629 1527 670 usque
1556 615 1609 656 ad
1639 616 1919 668 Adriaticum;
1944 618 2126 673 urbsque
2152 618 2263 674 apud
2285 619 2373 661 illos
2399 623 2540 664 Graeca
2578 636 2638 666 est

1396 684 1556 740 [Spina
1573 688 1588 738 ]
1609 692 1650 725 et
1677 685 1870 741 [Spines]
1892 687 2056 737 fluvius,
2082 695 2122 727 et
2140 688 2344 741 navigatio
2372 690 2542 733 adverso
2561 695 2639 734 ssu-

1399 753 1511 793 mine
1529 752 1583 793 ad
1607 752 1754 793 urbem
1782 761 1842 793 est
1864 754 2008 807 viginti
2030 754 2115 795 fere
2146 754 2389 798 stadiorum.
2448 761 2514 801 Ad
2543 777 2636 802 ean-

1400 820 1496 861 dem
1508 820 1605 861 inde
1620 836 1643 861 a
1655 821 1748 861 Pisa
1761 821 1864 861 urbe
1877 822 1955 861 iter
1967 829 2028 862 est
2045 822 2172 862 trium
2188 822 2365 866 dierum.

1462 892 1527 932 18.
1565 891 1726 930 Cum.
1767 893 1865 931 Post
1902 891 2142 946 Tyrrhenos
2177 900 2315 933 autem
2348 903 2406 935 est
2431 895 2639 945 Celtarum

1400 973 1519 1012 gens,
1547 959 1620 1013 qui
1643 958 1700 999 ibi
1719 958 1849 999 relicti
1872 958 1924 999 ab
1946 958 2209 1014 expeditione
2231 960 2381 1002 Celtica
2401 966 2638 1019 pertingunt

1403 1036 1576 1081 angusto
1597 1036 1732 1068 tractu
1751 1042 1881 1083 usque
1900 1028 1954 1070 ad
1983 1028 2173 1071 Adriam.
2233 1031 2306 1070 Est
2329 1031 2385 1071 ibi
2414 1034 2551 1075 Adriae
2573 1051 2643 1077 re-

1405 1111 1540 1136 cessus
1558 1097 1745 1137 intimus.

1405 1255 1516 1308 ρηνία
1540 1254 1640 1295 ἐστὶν
1667 1255 1851 1306 διήκουσα
1871 1252 1945 1297 ἀπὸ
1961 1258 2029 1308 τῆς
2048 1255 2185 1304 ἔξωθεν
2206 1257 2395 1311 θαλάττης
2418 1260 2487 1306 ἕως
2506 1260 2554 1307 εἷς
2572 1262 2639 1302 τὀν

1410 1316 1556 1372 Ἀδρίαν
1580 1317 1741 1358 κόλπον·
1766 1317 1842 1360 ἀπὸ
1867 1319 2021 1360 πόλεων
2042 1319 2204 1368 πόλεως·
2232 1321 2298 1362 καὶ
2318 1320 2418 1362 ἔστιν
2444 1322 2528 1369 ὁδὸς
2545 1323 2639 1379 ἣμε-

1401 1384 1475 1434 ρῶν
1498 1384 1628 1434 τριῶν.
1655 1381 1933 1421 Retinuerunt
1951 1381 2040 1422 haec
2061 1382 2319 1437 interpretes,
2340 1385 2417 1423 nisi
2435 1385 2546 1438 quod
2565 1399 2640 1439 pro

1400 1443 1605 1497 corruptis
1626 1441 1700 1483 ἀπὸ
1719 1443 1872 1499 πόλεων
1903 1443 2053 1492 πόλεως
2081 1444 2296 1486 Cluverius
2315 1447 2438 1486 scribi
2469 1447 2598 1487 voluit
2628 1462 2637 1488 :

1402 1500 1476 1542 ἀπὸ
1493 1504 1643 1552 πόλεως
1663 1495 1783 1557 Πίσης
1802 1507 1915 1562 μέχρι
1940 1506 2082 1559 Σπίνης
2100 1506 2274 1558 πόλεως;
2294 1510 2529 1550 Gronovius
2548 1510 2643 1550 bar-

1400 1564 1543 1607 baram
1563 1568 1711 1609 urbem
1734 1568 1916 1609 inserens
1942 1582 1952 1610 :
1980 1568 2054 1610 ἀπὸ
2074 1569 2305 1624 Ποπλωνίου
2325 1572 2498 1622 πόλεως;
2521 1573 2640 1614 Clau-

1401 1628 1537 1667 senius
1558 1643 1707 1683 parum
1737 1638 1830 1686 apte
1855 1643 1865 1671 :
1893 1630 1967 1672 ἀπὸ
1990 1631 2142 1672 πόλεων
2181 1629 2334 1687 Ῥώμης
2366 1633 2429 1674 καὶ
2458 1632 2642 1688 Ἀγκῶνος
2674 1646 2677 1649 ·

1403 1689 1517 1743 μέχρι
1531 1690 1674 1743 Σπίνης
1695 1692 1857 1740 πόλεως.
1878 1692 2159 1735 Grotefendus
2175 1693 2284 1749 conj.
2304 1708 2313 1735 :
2336 1694 2386 1742 εἰς
2400 1695 2467 1736 τὸν
2490 1695 2643 1751 Ἀδρια·

1400 1752 1510 1792 τικὸν
1537 1753 1684 1795 κόλπον
1709 1755 1910 1811 ἐπώνυμον
1944 1756 2119 1808 πόλεως,
2148 1775 2164 1795 «
2191 1772 2264 1798 um
2293 1756 2481 1799 dadurch
2515 1761 2640 1800 nach-

1400 1815 1575 1856 zuholen
1592 1848 1604 1867 ,
1640 1833 1724 1859 was
1745 1834 1791 1859 er
1822 1819 1976 1860 vorher
2010 1835 2062 1861 zu
2095 1835 2218 1875 sagen
2252 1835 2467 1875 vergessen
2498 1822 2609 1863 hatte
2626 1855 2642 1874 ,

1401 1875 1493 1917 dass
1526 1879 1761 1935 Stadt‘und
1792 1882 1908 1923 Fluss
1946 1882 2220 1937 gleIChnamig
2256 1884 2337 1924 mit
2372 1883 2469 1925 dem
2492 1887 2638 1926 'Busen

1399 1940 1549 1982 Adrias
1568 1944 1642 1984 sei.
1680 1964 1695 1979 a
1721 1946 1809 1999 Ego
1841 1947 2025 2001 primum
2047 1946 2247 2001 ejicienda
2277 1948 2418 2002 putavi
2437 1948 2560 1989 verba
2578 1949 2646 1988 καὶ

1400 2003 1643 2059 Τυρρηνία...
1670 2007 1833 2059 κόλπον,
1856 2017 2000 2064 utpote
2022 2024 2070 2050 ex
2095 2018 2252 2050 antece.
2277 2011 2471 2064 repetita;
2493 2010 2642 2052 deinde

1401 2080 1499 2107 vero
1518 2071 1708 2110 revocavi
1739 2071 1822 2111 huc
1841 2080 1882 2112 et
1902 2081 1997 2127 post
2019 2072 2084 2112 καί
2104 2072 2205 2113 ἐστιν
2229 2073 2383 2113 inserui
2403 2073 2527 2114 verba
2549 2087 2558 2113 :
2582 2073 2638 2114 ἐπ’

1401 2128 1516 2181 αὐτῆς
1539 2130 1613 2172 ἀπὸ
1630 2132 1750 2184 Πίσης
1765 2133 1928 2184 πόλεως,
1950 2149 2041 2188 quae
2064 2138 2086 2188 §
2107 2149 2155 2189 19
2168 2135 2359 2188 leguntur
2373 2136 2464 2176 loco
2484 2137 2638 2190 inepto,

1401 2190 1502 2232 dum
1524 2203 1668 2234 nostro
1687 2195 1778 2236 loco
1797 2196 2133 2238 antecedentibus
2143 2197 2378 2252 junguntur
2395 2199 2642 2239 commodis-

1401 2254 1519 2295 sime.
1542 2257 1682 2298 Verba
1701 2257 1788 2306 ὁδὸς
1807 2257 1962 2314 ἡμερῶν
1989 2264 2102 2314 τριῶν
2123 2260 2361 2300 Clausenius
2391 2260 2444 2300 ad
2465 2262 2642 2315 Tyrrhe-

1401 2317 1483 2357 nici
1499 2318 1630 2359 litoris
1647 2319 1949 2374 longitudinem
1979 2322 2118 2362 retulit
2137 2323 2289 2377 inepte,
2311 2336 2442 2377 quum
2460 2324 2558 2363 huic
2580 2339 2646 2364 re-

1402 2380 1515 2432 gioni
1544 2383 1710 2422 nonnisi
1741 2383 1979 2424 brevissima
2005 2399 2087 2424 orae
2105 2399 2214 2439 parS,
2247 2400 2338 2439 quae
2366 2387 2554 2441 proxime
2588 2389 2641 2428 ad

1403 2443 1571 2496 Spinam
1593 2444 1740 2485 urbem
1758 2447 1952 2500 pertinet,
1974 2447 2169 2500 assignari
2188 2448 2331 2502 possit.

1459 2508 1570 2557 §18.
1603 2506 2017 2563 ἀπολειφθέντες]
2051 2529 2068 2544 κ
2092 2509 2214 2550 Celtae
2244 2510 2374 2550 relicti
2410 2525 2541 2566 prope
2564 2515 2641 2554 Pa-

1402 2566 1513 2620 d'um·
1527 2583 1692 2610 amnem
1714 2571 1765 2611 ab
1784 2571 2044 2626 expeditione
2070 2586 2131 2622 ea,
2152 2586 2243 2626 quae
2269 2586 2343 2626 per
2368 2573 2526 2614 Italiam
2547 2589 2648 2630 pro-

1404 2629 1508 2671 fecta
1523 2634 1699 2673 Romam
1716 2635 1824 2690 cepit
1842 2634 1856 2690 (
1874 2636 1952 2683 364
1974 2650 2012 2675 a.
2031 2636 2085 2675 U.
2106 2635 2186 2687 390
2203 2649 2240 2675 a.
2266 2636 2313 2675 C.
2335 2634 2367 2690 ).
2390 2636 2559 2677 Certum
2583 2648 2644 2679 est

1402 2701 1522 2735 antea
1560 2709 1765 2750 nusquam
1791 2698 2038 2752 pertinuisse
2064 2697 2201 2738 Gallos
2234 2696 2285 2738 ad
2320 2691 2642 2741 mare‘Adriati-

1402 2770 1514 2807 cum,
1548 2772 1678 2812 quum
1704 2759 1940 2801 Herodotus
1967 2775 2037 2801 eos
2054 2761 2098 2800 in
2120 2761 2292 2801 extremi
2314 2759 2550 2802 Occidentis
2581 2778 2651 2803 re-

1405 2819 1598 2871 gionibus
1620 2821 1807 2862 habitare
1826 2822 2058 2872 tradiderit,
2079 2825 2136 2873 H,
2160 2824 2228 2864 33.
2260 2824 2337 2873 IV,
2368 2826 2437 2876 [19.
2469 2825 2525 2863 V.
2550 2826 2644 2865 Nie-

1403 2880 1529 2922 buhr.
1551 2884 1605 2923 H.
1632 2886 1753 2925 Rom.
1772 2887 1828 2936 II,
1851 2900 1895 2941 p.
1920 2885 2000 2940 577
2020 2900 2111 2940 sqq.
2133 2905 2149 2920 n
2176 2886 2385 2926 CLAnsmv.
2420 2887 2482 2925 De
2500 2886 2643 2927 iisdem

1403 2946 1566 2987 monuit
1583 2945 1730 2988 Ukert.
1751 2950 1895 3000 Geogr.
1920 2950 1955 2998 I,
1979 2961 2004 2988 2
2026 2962 2069 3003 p.
2091 2950 2173 3001 294
2189 2979 2200 2997 ,
2241 2955 2533 3002 contraquem
2553 2963 2642 3002 quae

1403 3006 1561 3047 Gailius
1594 3009 1766 3063 protulit
1800 3025 1844 3065 p.
1876 3023 1953 3050 221
1979 3018 2020 3050 et
2046 3024 2089 3065 p.
2118 3009 2197 3058 554
2227 3024 2278 3050 ex
2311 3012 2641 3063 Argonautarum

1404 3068 1590 3120 historia,
1608 3071 1792 3126 pondere
1802 3081 1956 3113 carent.
1980 3071 1995 3123 Ι]
2008 3096 2066 3102 -
2084 3071 2167 3112 ἐπὶ
2193 3087 2215 3111 σ
2226 3086 2274 3111 τε
2288 3086 2306 3110 ν
2319 3075 2352 3110 ῶ
2363 3074 2407 3122 ν]
2422 3085 2478 3111 sc.
2495 3073 2536 3111 in
2552 3086 2650 3126 per-

1403 3140 1577 3186 angusto
1607 3142 1742 3176 tractu
1773 3136 1845 3189 qui
1878 3143 1938 3175 est
1956 3135 2064 3174 inter
2086 3134 2340 3189 Spineticum
2370 3133 2469 3174 Padi
2491 3135 2646 3174 ostium

1403 3203 1527 3249 atque
1553 3195 1654 3236 illud
1678 3197 1792 3251 quod
1819 3197 1953 3237 Olana
1982 3204 2168 3236 vocatur.
2203 3196 2432 3235 Maximum
2463 3195 2573 3235 ssuvii
2599 3211 2645 3236 0-

1403 3257 1528 3297 stium
1551 3257 1564 3313 (
1578 3258 1722 3298 Padoa
1737 3259 1750 3314 )
1768 3267 1964 3312 tanquam
1984 3258 2070 3312 ipse
2088 3255 2224 3297 Padus
2243 3257 2326 3296 sive
2339 3255 2542 3296 Eridanus
2556 3256 2643 3310 jam

1403 3326 1463 3358 est
1481 3319 1524 3358 in
1543 3320 1801 3359 Venetorum
1833 3319 2004 3359 ditione.
2027 3320 2185 3358 Vocem
2201 3317 2395 3369 διήκοντες
2418 3319 2434 3370 (
2450 3333 2501 3358 ex
2516 3318 2647 3358 medi-

1408 3380 1607 3421 terraneis
1623 3380 1876 3436 pertinentes
1895 3394 2019 3435 usque
2033 3379 2092 3420 acl
2105 3379 2244 3420 sinum
2269 3379 2538 3420 Adriaticum
2554 3382 2572 3433 )
2592 3395 2643 3421 ex

1404 3443 1426 3493 S
1450 3455 1499 3495 17
1522 3442 1605 3482 huc
1623 3443 1824 3482 revocavi.
1853 3442 1867 3493 ΙΙ
1898 3440 1993 3480 -ὃ
2031 3440 2188 3495 μυχὸς
2209 3443 2296 3481 τοῦ
2322 3438 2539 3495 Ἀδρίου]
2565 3443 2642 3482 Le-

1404 3505 1637 3545 tronniusl.
1660 3505 1687 3545 l.
1713 3519 1756 3559 p.
1782 3508 1859 3558 196
1884 3517 1893 3544 :
1922 3524 1938 3539 ι
1959 3505 2037 3545 Les
2069 3504 2234 3544 anciens
2249 3502 2526 3557 n’ontjamais
2547 3504 2646 3544 bien

1405 3580 1544 3606 connu
1575 3566 1612 3607 la
1648 3567 1948 3620 configuration
1979 3565 2031 3606 de
2053 3574 2158 3606 cette
2186 3566 2318 3621 partie
2344 3565 2416 3606 des
2444 3565 2554 3606 cotes
2585 3566 2645 3606 du

1406 3627 1526 3681 golfe.
1564 3628 1600 3668 Il
1631 3628 1765 3679 suffit,
1805 3643 1913 3684 pour
1941 3627 2028 3669 s'en
2055 3621 2331 3678 'eonvaincre‚
2369 3626 2421 3667 de
2445 3627 2551 3681 jeter
2586 3627 2643 3667 les

1407 3705 1514 3745 yeux
1540 3705 1611 3732 sur
1638 3692 1695 3733 les
1721 3700 1851 3733 cartes
1879 3690 1931 3732 de
1958 3691 1996 3732 la
2020 3689 2320 3732 Mediterranee
2334 3721 2345 3741 ,
2367 3689 2546 3730 dressees
2568 3704 2641 3743 par

1405 3754 1465 3792 M.
1488 3753 1673 3794 Gosselin
1689 3785 1699 3804 ,
1721 3768 1829 3809 pour
1846 3755 2101 3809 representer
2121 3753 2177 3794 les
2200 3752 2309 3794 idees
2329 3751 2380 3792 de
2398 3751 2564 3805 Polybe‚
2589 3750 2641 3790 de

1407 3814 1582 3855 Strabon
1605 3824 1647 3857 et
1675 3815 1727 3857 de
1749 3816 1971 3858 Ptolemee.
1999 3818 2067 3857 On
2099 3816 2185 3856 voit
2212 3829 2292 3869 que
2326 3813 2383 3853 les
2412 3811 2518 3851 deux
2553 3825 2642 3865 pre-

1408 3877 1554 3927 mierS,
1593 3887 1764 3933 croyant
1785 3893 1866 3933 que
1902 3878 1940 3918 la
1970 3877 2172 3918 direction
2205 3875 2387 3930 generale
2417 3873 2469 3912 de
2499 3872 2534 3911 la
2571 3874 2643 3926 pe-

1408 3939 1567 3980 ninsule
1588 3941 1762 3994 Italique
1777 3942 1873 3981 etait
1895 3940 1947 3980 de
1978 3939 2055 3980 l’E.
2078 3938 2101 3979 a
2116 3938 2197 3978 l’O.
2223 3950 2278 3976 ou
2293 3942 2382 3975 tout
2403 3946 2455 3973 au
2472 3931 2563 3986 plus
2589 3932 2641 3974 de

1410 4004 1488 4043 PE.
1510 4018 1562 4043 au
1586 4005 1627 4044 S,
1653 4002 1675 4043 ἐι
1695 4003 1776 4044 1Ὀ.
1802 4013 1846 4052 7,
1874 4003 1946 4051 N„
1973 4000 2235 4056 supposaient
2255 4011 2334 4052 que
2348 3996 2385 4035 la
2401 3994 2490 4034 cote
2506 3995 2644 4036 orien-
