2782 4348
154 138 223 228 (39,
237 181 312 232 ιο.)

109 1229 200 1281 δους
222 1232 293 1277 καὶ
319 1234 392 1287 τὰς
415 1239 641 1301 ἐκτροπὰς,

520 1448 583 1466 ’el

102 1453 216 1493 σεως,
242 1443 326 1492 τοῖς
360 1442 401 1487 δὲ
438 1463 490 1489 κα

97 1511 255 1567 χεῖρας,
282 1513 527 1572 παραδόξοις
550 1519 826 1582 ἐγχειροῦντες
842 1530 1122 1590 τολμήμασιν.

95 1641 225 1689 ὅαίνει
251 1647 317 1692 τὸν
343 1654 594 1701 σκοπεύοντα
615 1661 858 1725 κεκρύφθαι,
884 1666 972 1727 ἅμα
989 1673 1047 1733 τῷ
1077 1678 1322 1736 παραλλάτ-

31 1722 72 1754 20
92 1728 173 1755 τειν
207 1713 274 1759 τὸν
298 1717 421 1764 τόπον
444 1729 535 1774 ταῖς
570 1725 643 1784 μὲν
668 1732 809 1792 χερσὶν
843 1735 1038 1798 ἐδράξατο
1072 1746 1143 1798 τῆς
1179 1747 1320 1808 οὐρᾶς,

90 1783 174 1833 τοῖς
195 1782 236 1828 δὲ
255 1787 374 1832 ποσὶν
403 1791 552 1847 ἀντέὸη
575 1796 674 1857 πρὸς
695 1800 763 1844 τὸν
801 1805 1010 1869 ἀριστερὸν
1032 1813 1161 1873 μηρόν
1178 1833 1186 1842 ·
1213 1816 1319 1878 ἔχων

87 1850 122 1893 δ’
146 1853 190 1895 ἐκ
214 1855 293 1898 τῶν
317 1856 441 1917 ὤμων
461 1863 815 1928 προεξηρτημένον
840 1874 1033 1937 πέλεκυν,
1063 1886 1210 1946 κοῦφον
1243 1886 1316 1945 μὲν

84 1918 184 1979 πρὸς
217 1921 290 1978 τὴν
314 1927 394 1971 ἀπὸ
427 1933 499 1985 τῆς
522 1941 618 1992 μιᾶς
639 1940 774 2001 χειρὸς
810 1945 990 2007 πληγὴν,
1018 1948 1107 2002 ὀξὺν
1147 1953 1188 1998 δὲ
1222 1960 1314 2001 καθ’

84 1988 331 2055 ὓπερὸολὴν7
367 2002 506 2044 τοῦτον
543 2003 768 2065 λαὸόμενος
800 2014 840 2057 ἐν
864 2018 916 2077 τῇ
954 2017 1065 2082 δεξιᾷ·
1085 2023 1191 2084 χειρὶ
1224 2044 1311 2071 νευ-

14 2073 55 2106 25
77 2067 247 2117 ροκοπεῖ
269 2062 342 2118 τὴν
366 2067 498 2120 δεξιὰν
534 2073 661 2132 ἰγνὺν,
684 2080 841 2133 πυκνὰς
871 2088 1115 2150 καταφέρων
1146 2095 1308 2156 πληγὰς

77 2126 148 2170 καὶ
168 2128 232 2174 διὰ
256 2136 328 2189 τῆς
357 2137 573 2201 ἀριστερᾶς
594 2146 729 2206 χειρὸς
751 2150 941 2205 οἰακίζων
969 2158 1014 2201 τὸ
1038 2158 1138 2204 ἴδιον
1168 2166 1305 2221 σῶμα.

75 2196 316 2258 Παράδοξον
351 2203 393 2249 δὲ
426 2206 603 2264 ὀξύτητα
636 2221 717 2266 τοῖς
745 2215 873 2278 ἔργοις
907 2226 1216 2288 προσφέρουσιν,
1255 2235 1308 2284 ὡς

74 2260 123 2307 ἂν
147 2265 270 2313 ἄθλου
304 2275 378 2327 τ’ῆς
407 2275 513 2328 ἰδίας
536 2281 670 2342 ψυχῆς
692 2285 852 2349 ἑκάστῳ
875 2295 1157 2354 προκειμένου·
1181 2298 1206 2353 ἢ
1227 2300 1304 2360 γὰρ

70 2334 350 2396 χειρώσασθαι
375 2342 420 2387 τὸ
446 2347 546 2408 ζῷον
569 2349 595 2404 ἢ
622 2354 813 2399 τελευτᾶν
840 2360 962 2405 αὐτὸν
987 2364 1192 2423 λείπεται,
1231 2373 1303 2425 τῆς

8 2413 51 2444 3ο
69 2405 346 2464 περιστάσεως
397 2414 468 2458 οὐκ
503 2417 797 2480 ἐπιδεχομένης
833 2425 968 2488 ἕτερον
1015 2435 1297 2496 ἀποτέλεσμα.

67 2471 128 2516 Τὸ
154 2472 196 2517 δὲ
215 2483 508 2539 νευροκοπηθὲν
526 2487 627 2549 ζῷον
643 2491 741 2536 ποτὲ
766 2493 840 2551 μὲν
861 2497 926 2541 διὰ
942 2498 1015 2555 τὴν
1036 2503 1299 2561 δυσκινησίαν

67 2540 292 2589 ἀδυνατοῦν
334 2550 578 2613 στρέφεσθαι
614 2559 684 2604 καὶ
725 2567 1079 2627 συνεκκλινόμενον
1117 2574 1184 2619 ἐπὶ
1227 2576 1293 2622 τὸν

61 2613 292 2658 πεπονθότα
327 2620 449 2664 τόπον
486 2623 628 2670 πίπτει
664 2630 830 2677 καὶτὸν
868 2637 1046 2684 Αἰθίοπα
1083 2645 1292 2690 συναπόλ-

60 2679 179 2740 λυσι,
205 2684 304 2728 ποτὲ
339 2687 380 2730 δὲ
410 2690 509 2751 πρὸς
531 2694 682 2756 πέτραν
708 2700 732 2754 ἢ
774 2702 934 2766 δένδρον
970 2710 1199 2773 ἀποθλῖψαν
1220 2714 1289 2759 τὸν

24 2759 42 2788 5
60 2747 272 2812 ἄνθρωπον
290 2756 348 2817 τῷ
368 2758 486 2820 βάρει
506 2765 633 2817 πιέζει
650 2767 774 2831 μέχρι
792 2771 840 2815 ἂν
858 2776 1094 2840 ἀποκτείνῃ.
1151 2781 1287 2830 Ἴζνιοι

634 2902 692 2954 gis
719 2914 868 2958 praeter
898 2911 1133 2955 Diodorum
1168 2918 1284 2972 (qui,

53 2947 190 2988 nescio
219 2964 271 2990 an
302 2952 504 2998 librorum
538 2962 663 3014 vitio,
694 2965 1031 3027 ἐλεφαντομάχους
1059 2979 1207 3035 vocat)
1245 2991 1286 3022 et

52 3008 362 3056 Artemidorum
376 3031 442 3073 ap.
463 3022 654 3066 strabon.
676 3041 718 3082 p.
739 3044 834 3084 772,
850 3048 888 3074 v.
911 3036 1152 3080 Ptolemaeus
1168 3043 1242 3093 IV,
1260 3059 1284 3097 7

242 3087 251 3115 ε
281 3075 580 3136 Καταλαμδάνει
603 3087 644 3128 δὲ
668 3094 787 3132 ταῦτα
813 3094 861 3135 τὰ
893 3095 982 3150 ἔθνη
1010 3101 1075 3140 καὶ
1100 3101 1168 3153 τὴν
1200 3105 1281 3146 Με-

51 3132 141 3183 ρόην
166 3138 298 3187 νῆσον·
322 3142 405 3194 μεθ’
429 3144 453 3183 ἃ
475 3145 693 3192 ὑπόκεινται
712 3154 903 3211 Γάπαχοι,
921 3155 1063 3216 ὑφ”οὓς
1084 3164 1283 3223 Πτοεμφα-

51 3195 141 3244 νεῖς,
158 3196 218 3251 ὑφ’
234 3201 297 3249 οὓς
308 3203 564 3261 Καταδοῦποι,
581 3215 663 3268 μεθ’
681 3217 746 3266 οὓς
761 3220 797 3259 οἱ
819 3220 1283 3283 ἜλεφαντοφάγοιΑῖθίο-

49 3269 127 3304 πες,
153 3256 211 3311 ὕφ’
235 3261 299 3309 οὓς
319 3264 567 3326 Πεσενδάραι.
585 3276 742 3319 Plinius
768 3283 844 3333 VI,
872 3285 921 3325 35
947 3299 956 3327 :
985 3291 1104 3329 Inter
1123 3303 1277 3334 montes

48 3326 182 3358 autem
206 3330 245 3361 et
274 3325 419 3370 Nilum
443 3336 629 3387 Symbari
660 3352 772 3393 sant,
809 3348 1035 3404 Paluogges
1048 3370 1064 3401 ;
1089 3352 1130 3393 in
1172 3355 1277 3411 ipsis

48 3392 143 3419 vero
177 3387 380 3430 montibus
400 3396 577 3438 Asachae
611 3399 754 3445 multis
782 3408 1035 3454 nationibus.
1071 3416 1224 3458 Abesse
1247 3434 1274 3459 a

46 3442 154 3482 mari
167 3444 360 3491 dicantar
375 3454 531 3499 dierum
548 3462 722 3519 quinque
739 3467 893 3512 itinere.
913 3474 1077 3517 Vivant
1087 3478 1272 3534 elephan-

47 3513 179 3546 torum
214 3523 378 3555 venatu.
413 3519 530 3562 Idem
565 3526 682 3578 VIII,
719 3532 765 3570 13
801 3546 810 3572 :
846 3538 1040 3579 Asachcei
1073 3554 1274 3585 vocantur

43 3568 271 3624 sEtlziopes,
294 3578 410 3630 apud
423 3596 522 3635 quos
540 3589 717 3630 maxime
738 3607 964 3638 nascuntur
987 3600 1219 3658 (elephanti
1234 3607 1264 3663 ).

49 3647 65 3661 «τ
86 3630 152 3669 On
171 3640 231 3672 est
252 3633 412 3691 dispose
432 3640 456 3682 a
477 3647 566 3687 voir
587 3664 683 3691 avec
704 3654 786 3695 Salt
817 3666 858 3698 et
875 3660 1055 3704 Vincent
1087 3665 1189 3708 dans
1211 3669 1267 3711 les

40 3691 216 3732 Asachae
247 3694 303 3736 les
338 3701 603 3756 Abyssiniens
625 3715 855 3768 Ammites,
891 3723 962 3774 qui
984 3738 1027 3764 se
1051 3741 1266 3773 nomment

39 3765 187 3795 encore
210 3757 472 3812 aujourd’hui
493 3771 654 3820 Agami
676 3795 692 3810 a
720 3779 851 3820 Ritter
872 3783 1024 3839 Geogr.
1043 3790 1078 3839 I,
1100 3804 1142 3845 p.
1166 3794 1261 3845 303,

37 3827 142 3855 vers.
171 3819 261 3871 gall.
286 3821 402 3865 Idem
426 3841 468 3882 p.
496 3831 577 3880 340
597 3846 735 3878 monet
756 3843 991 3896 Dobennale,
1026 3852 1262 3906 Shangallo-

36 3890 125 3917 rum
159 3879 257 3923 hod.
286 3886 456 3940 tribum,
492 3894 727 3945 etiamnunc
757 3902 1066 3959 elephantorum
1101 3925 1142 3956 et
1177 3919 1260 3960 rhi-

34 3951 274 3986 nozerotum
294 3962 416 3991 carne
435 3954 559 3998 vitam
582 3962 794 4005 sustinere.
816 3991 872 3999 —
893 3972 955 4012 De
975 3978 1149 4018 venandi
1170 3995 1257 4023 mo-

33 3997 97 4041 dis
119 4004 170 4044 cf.
194 4009 482 4057 Artemidorus
509 4027 550 4060 et
583 4022 738 4067 Plinius
767 4029 883 4082 VIII,
909 4035 931 4074 8
956 4047 965 4075 :
1006 4040 1258 4098 Trogloclytce

239 4091 370 4123 emen.
388 4094 419 4127 1.

558 1468 628 1493 ενα
655 1458 942 1516 πορευομένοις
970 1463 1238 1511 ἐπιὸάλλουσι
1259 1469 1331 1523 τὰς

1191 1535 1327 1585 εὈταν

95 1572 173 1635 γὰρ
196 1575 241 1620 τὸ
261 1579 360 1638 ζῷον
382 1582 522 1635 διεξιὸν
543 1587 709 1646 γένηται
733 1596 841 1639 κατὰ
860 1597 905 1642 τὸ
925 1599 1084 1664 δένδρον
1109 1607 1148 1650 ἐν
1170 1598 1203 1668 ᾧ
1223 1626 1325 1668 συμ-

1090 195 1173 241 DE
1206 199 1363 248 ΜΑΒΙ
1396 205 1762 262 ERYTHRAEO.

51 275 131 316 hot.
147 277 298 327 στῶτες
327 278 396 323 καὶ
419 279 518 341 πρὸς
544 282 723 344 ἑσπέραν
753 289 909 344 μᾶλλον
941 293 1235 355 ἀνατείνοντες,
1270 303 1369 348 εἰσὶν

143 341 182 386 οἳ
203 344 248 388 ἐκ
271 348 344 401 τῆς
379 350 459 392 τῶν
489 350 718 412 ἐλεφάντων
759 355 883 417 θήρας
923 360 990 405 τὸν
1025 363 1112 422 βίον
1139 372 1367 416 ποιοῦνται.

141 414 195 457 Οἱ
222 412 296 472 μὲν
319 413 400 460 ἀπὸ
424 415 607 478 δένδρου,
631 421 696 481 ἐφ’
720 414 753 483 ᾧ
777 425 1003 488 κάθηνται,
1029 439 1272 489 σκοποῦντες
1294 439 1368 492 τὰς

137 480 338 541 παρόδους
360 485 440 527 τῶν
463 486 624 546 θηρίων,
644 495 734 541 ταῖς
757 491 831 550 μὲν
853 496 974 557 χερσὶ
996 501 1070 554 τῆς
1093 504 1214 564 οὐρᾶς
1236 506 1362 553 λαὸό·

94 563 112 590 ε)
138 566 275 604 μενοι,
322 553 404 601 τοῖς
436 552 532 597 ποσὶ
565 555 606 599 δὲ
637 558 738 619 πρὸς
771 560 838 606 τὸν
876 564 1005 626 μηρὸν
1042 568 1110 613 τὸν
1151 575 1361 638 ἀριστερὸν

132 616 426 663 ἐπιὸαίνουσιν·
448 615 537 666 εἶτα
561 625 743 684 πελέκει,
772 629 815 674 ὃν
839 633 1068 688 ἐπιτήδειον
1104 639 1174 684 καὶ
1198 640 1359 703 ἕτοιμον

127 685 284 745 ἔχουσι,
306 686 380 743 τὴν
401 689 532 742 δεξιὰν
549 693 674 754 ἰγνὺν,
695 703 866 753 πυκναῖς
888 705 976 756 ταῖς
996 706 1174 767 πληγαῖς
1194 712 1357 773 χρώμε-

127 768 210 811 νοι,
233 763 561 816 νευροκοποῦσιν,
586 762 691 809 οὕτω
722 766 764 811 δὲ
789 770 958 824 ἐκτενῶς
990 778 1041 837 τῇ
1068 775 1142 833 μὲν
1174 782 1355 845 καταφέ-
1424 792 1494 834 illa
1525 796 1700 840 caudam
1733 809 1874 845 tenent

125 836 280 880 ροντες,
305 827 356 886 τῇ
380 824 422 871 δὲ
445 831 517 881 τῆς
537 832 658 893 οὐρᾶς
680 842 943 898 κρατοῦντες,
963 844 1017 895 ὡς
1040 844 1164 892 ἄθλου
1187 865 1352 911 προκει-

59 906 97 936 10
124 887 246 946 μένου
281 896 354 948 τῆς
382 898 540 958 ψυχῆς·
562 900 588 956 ἢ
612 902 692 966 γὰρ
718 906 957 956 ἀποκτεῖναι
976 913 1058 976 χρὴ
1086 915 1111 972 ἢ
1131 922 1346 979 τελευτᾶν,

24 1028 100 1070 iod,
112 1021 220 1067 πολὺ
241 1025 495 1083 διεστηκότες
512 1032 706 1089 Αἰθίοπες
721 1036 976 1104 ὗπάρχουσιν
988 1047 1346 1117 Ἐλεφαντομάχοι

363 1099 595 1160 Νεμόμενοι
619 1105 699 1170 γὰρ
731 1110 954 1172 δρυμώδεις
977 1118 1047 1163 καὶ
1066 1121 1243 1174 πυκνοὺς
1262 1125 1344 1177 τοῖς

107 1158 293 1223 δένδρεσι
316 1165 463 1221 τόπους
484 1181 770 1239 παρατηροῦσι
792 1183 871 1226 τῶν
893 1185 1118 1245 ἐλεφάντων
1142 1190 1214 1243 τὰς
1237 1193 1342 1239 εἷσό-

667 1248 822 1300 σκοπὰς
846 1252 927 1297 ἀπὸ
954 1257 1034 1299 τῶν
1071 1260 1339 1319 ὑψηλοτάτων

107 1297 282 1361 δένδρων
306 1305 568 1366 ποιούμενοι·
588 1313 660 1358 καὶ
692 1324 781 1369 ταῖς
804 1319 877 1378 μὲν
912 1324 1078 1382 ἀγέλαις
1107 1329 1239 1374 αὐτῶν
1263 1333 1336 1376 οὐκ

44 1380 82 1411 15
103 1367 349 1416 ἐπιτίθενται
383 1375 449 1420 διὰ
485 1378 530 1423 τὸ
567 1383 773 1444 μηδεμίαν
808 1390 954 1435 ἐλπίδα
985 1393 1092 1455 ἔχειν
1124 1400 1334 1461 κατορθώ-

2585 267 2666 307 145

1442 328 1540 367 gum
1573 328 1614 360 et
1655 328 1815 368 occasui
1850 326 1977 385 magis
2017 335 2187 390 objecti,
2223 347 2293 397 qui
2326 364 2374 390 ex
2409 354 2666 410 elephantum

1439 385 1841 436 venatione'victum
1863 400 2098 454 acquirunt.
2157 409 2221 450 Ex
2252 411 2315 452 his
2350 424 2533 464 nonnulli
2571 430 2665 471 insi-

1438 450 1581 495 dentes
1599 459 1737 501 arbori
1758 463 1988 510 belluarum
2016 476 2212 517 transitus
2243 485 2517 541 speculantur,
2542 495 2664 539 sacto-

1435 532 1515 572 que
1531 526 1754 575 perniciter
1771 530 1990 587 descensu,
2027 542 2217 584 manibus
2238 552 2438 604 complexi
2469 562 2636 605 caudam
2650 599 2660 616 ‚

1433 593 1473 625 et
1491 588 1666 641 pedibus
1682 594 1726 635 in
1750 596 1885 640 femen
1904 603 2117 648 sinistrum
2136 615 2318 666 connixi,
2337 618 2539 675 bipennis,
2561 640 2663 684 aptae

1431 654 1484 695 ad
1503 657 1583 698 hoc
1618 669 1658 701 et
1678 675 1850 718 paratae,
1872 672 2026 714 crebris
2055 676 2203 720 ictibus
2223 686 2387 739 poplitis
2406 690 2538 735 dextri
2571 713 2661 741 ner-

1429 736 1501 763 vos
1521 728 1768 773 succidunt:
1796 742 1961 792 tamque
1993 742 2125 785 valide
2157 747 2232 790 hac
2252 754 2418 799 vulnera
2449 761 2655 819 inferunt,

1887 837 1899 857 ‚
1935 823 2059 863 quam
2095 815 2128 854 si
2162 817 2213 858 de
2245 822 2325 864 vita
2357 836 2559 874 certamen
2594 838 2655 878 in-

1425 863 1640 918 stituatur;
1672 878 1743 911 aut
1765 874 1876 915 enim
1909 877 2230 928 interimendum
2255 901 2338 943 est,
2364 906 2432 938 aut
2458 913 2652 956 oppeten-

1423 931 1551 985 dum,
1577 938 1781 992 siquidem
1810 944 1936 986 alium
1958 954 2155 1006 temporis
2186 957 2252 999 hic
2283 964 2474 1008 articulus
2496 974 2648 1015 exitum

1413 1075 1626 1110 venatores
1648 1073 2031 1131 Elephantomachi,
2055 1085 2083 1123 i.
2109 1100 2145 1126 e.
2167 1088 2405 1147 AEthiopum
2421 1101 2532 1141 natio
2552 1118 2645 1148 cum

1410 1145 1635 1201 elephantis
1672 1153 1939 1210 depugnans,
1971 1162 2171 1208 habitant.
2231 1171 2433 1218 Saltuosas
2465 1183 2575 1224 enim
2604 1195 2645 1227 et

1407 1226 1544 1269 densis
1561 1234 1736 1275 consitas
1754 1238 1970 1282 arboribus
1990 1244 2108 1286 silvas
2126 1248 2326 1303 incolunt,
2348 1256 2419 1298 ubi
2439 1260 2642 1314 ingressus

1404 1308 1670 1364 elephantum
1689 1325 1729 1357 et
1760 1318 2002 1365 diverticula
2024 1341 2046 1366 e
2068 1330 2297 1375 celsissimis
2328 1339 2521 1384 arborum
2552 1361 2640 1401 spe-

1401 1391 1502 1431 culis
1521 1393 1755 1440 observant.
1820 1405 1876 1444 At
1911 1405 2069 1462 integra
2087 1413 2256 1466 quidem
2274 1430 2456 1463 armenta
2472 1439 2557 1466 non
2573 1442 2638 1482 ag-

1398 1474 1666 1530 grediuntur3
1693 1483 1804 1524 nulla
1830 1488 1942 1529 enim
1963 1492 2023 1532 rei
2053 1492 2159 1536 bene
2181 1500 2368 1551 gerendae
2390 1519 2479 1559 spes
2499 1507 2604 1551 foret
2621 1527 2633 1561 ;

1395 1555 1467 1595 sed
1496 1558 1731 1612 singulatim
1761 1568 2050 1614 accedentibus
2082 1578 2189 1618 miro
2210 1581 2330 1635 plane
2365 1600 2468 1629 ausu
2489 1604 2634 1634 manus

1393 1635 1588 1681 afferunt.
1649 1646 1791 1697 Quum
1811 1650 1923 1692 enim
1954 1654 2144 1700 arborem
2159 1690 2171 1711 ,
2192 1661 2264 1703 ubi
2297 1668 2525 1720 speculator
2546 1689 2630 1716 sese

1390 1715 1620 1774 abscondit,
1635 1723 1767 1769 bellua
1782 1736 2130 1791 praetergreditur,
2149 1741 2191 1782 in
2211 1744 2300 1799 ipso
2313 1751 2485 1792 transitu
2498 1756 2626 1799 cauda

1388 1803 1578 1844 manibus
1596 1808 1798 1861 prehensa
1811 1844 1823 1864 ,
1844 1816 2019 1870 pedibus
2039 1821 2206 1866 sinistro
2230 1827 2375 1871 femori
2406 1834 2621 1888 innititur3

1383 1953 1436 1994 ad
1472 1958 1595 1999 unius
1625 1975 1772 2004 manus
1807 1966 1912 2008 ictus
1947 1970 2126 2016 habilem
2150 1979 2273 2030 gerit,
2310 1981 2453 2026 dextra
2492 1992 2619 2031 corri-

1380 2030 1511 2083 piens,
1527 2033 1690 2078 >dextrae
1708 2039 1941 2096 suffraginis
1962 2061 2111 2091 nervos
2127 2053 2280 2095 crebris
2301 2059 2537 2104 vulneribus
2556 2067 2618 2106 in-

1380 2105 1504 2159 cidit;
1523 2109 1621 2153 laeva
1635 2113 1803 2157 interim
1825 2133 1975 2175 corpus
1994 2139 2115 2167 suum
2147 2130 2361 2182 gubernat.

1378 2188 1461 2222 tem
1494 2185 1593 2227 huic
1630 2192 1745 2244 operi
1779 2194 1960 2237 celeritas
1995 2200 2230 2257 adhibetur,
2262 2218 2308 2250 ut
2331 2226 2414 2266 quo
2447 2215 2499 2256 de
2531 2220 2611 2260 vita

1375 2259 1699 2318 uniuscujusque
1732 2277 1938 2312 certamen
1969 2276 2021 2315 sit
2062 2279 2336 2341 propositgim.
2396 2289 2501 2331 Nam
2538 2303 2609 2334 aut

1373 2332 1581 2377 domanda
1612 2348 1672 2380 est
1702 2342 1850 2396 bellua,
1885 2357 1955 2390 aut
1975 2351 2052 2405 ipsi
2088 2359 2443 2414 occumbendum3
2480 2367 2604 2410 alium

1370 2423 1434 2449 res
1454 2421 1646 2455 eventum
1675 2416 1788 2460 haud
1815 2421 2010 2467 admittit.

2420 2140 2526 2181 Mira
2544 2156 2615 2183 au-

2070 2432 2234 2474 Animal
2256 2436 2381 2488 igitur
2401 2440 2458 2480 sic
2487 2456 2602 2484 ener-

1368 2493 1508 2527 vatum
1524 2518 1535 2538 ,
1558 2503 1688 2544 quum
1707 2507 1750 2533 se
1784 2496 1997 2541 obvertere
2022 2501 2038 2558 (
2052 2517 2142 2558 quae
2164 2508 2290 2562 ipsius
2319 2513 2362 2552 in
2382 2524 2498 2557 motu
2517 2527 2598 2560 tar-

1366 2559 1471 2602 ditas
1508 2564 1598 2621 est)
1639 2580 1839 2623 nequeat,
1887 2575 2096 2620 interdum
2132 2581 2184 2622 ad
2225 2585 2418 2630 affectum
2459 2592 2595 2636 locum

1364 2637 1564 2680 inclinans
1586 2646 1846 2698 procumbit,
1882 2651 2114 2709 AEthiopem
2137 2672 2220 2700 una
2247 2676 2384 2705 secum
2413 2680 2596 2721 pessum-

1363 2711 1486 2765 dans;
1502 2716 1709 2760 interdum
1725 2722 1777 2763 ad
1792 2724 1984 2768 arborem
1997 2744 2191 2775 saxumve
2202 2735 2414 2782 hominem
2426 2743 2592 2786 allidens

1359 2789 1465 2830 mole
1483 2806 1557 2833 sua
1580 2802 1662 2835 tam
1685 2795 1758 2838 diu
1775 2803 1950 2853 premit,
1973 2804 2075 2848 dum
2094 2813 2288 2854 enecarit.
2348 2816 2590 2872 Elephantes

110 2885 132 2935 5
152 2889 219 2927 53.
243 2889 305 2928 De
332 2890 631 2952 elephantopha

1358 2914 1600 2968 contermini
1619 2931 1859 2988 AEtlziopioe,
1896 2938 1969 2992 qui
2004 2939 2078 2980 lzoc
2105 2944 2191 2984 solo
2224 2958 2374 2990 venatu
2401 2952 2582 3004 aluntur,

1355 2986 1518 3029 arbores
1541 2992 1802 3049 propinquas
1836 2997 1978 3041 itineri
2007 3016 2141 3045 eorum
2174 3011 2455 3054 conscendunt.
2481 3019 2584 3058 Inde

1355 3049 1484 3091 totius
1498 3054 1677 3104 agminis
1695 3058 1963 3104 novissimum
1987 3068 2202 3121 speculati,
2225 3082 2425 3116 extremas
2443 3077 2483 3118 in
2499 3081 2582 3120 clu-

1353 3125 1422 3152 nes
1440 3112 1652 3158 desiliunt.
1685 3123 1809 3161 Loeva
1831 3127 2151 3179 apprehenditur
2169 3134 2303 3173 cauda
2318 3154 2334 3184 ;
2348 3138 2474 3191 pedes
2501 3144 2579 3183 sti-

1344 3183 1508 3227 pantur
1530 3176 1571 3217 in
1592 3178 1763 3222 sinistro
1771 3183 1942 3236 semine.
1965 3192 2038 3229 Ita
2051 3192 2231 3245 pendens
2256 3195 2426 3239 alterum
2436 3204 2576 3257 popli-

1352 3245 1430 3277 tem
1448 3238 1592 3281 dextro
1607 3243 1731 3284 caedit
1739 3258 1954 3300 praeacuta
1975 3251 2165 3307 bipenni;
2183 3257 2256 3297 hoc
2273 3272 2387 3300 erare
2409 3264 2573 3306 tardato

1345 3300 1609 3353 profiegiens,
1651 3306 1823 3349 alterius
1854 3312 2036 3367 poplitis
2074 3331 2216 3358 nervos
2244 3320 2377 3372 serit,
2425 3337 2571 3369 cuncta

1340 3364 1552 3416 praeceleri
1579 3367 1828 3422 pernicitate
1849 3387 2063 3427 peragens.
2092 3378 2186 3419 Alii
2228 3382 2376 3423 tutiore
2403 3400 2540 3436 genere
2554 3422 2565 3438 ‚

1345 3424 1419 3463 sed
1439 3427 1571 3478 magis
1589 3429 1757 3480 fallaci,
1805 3433 1979 3476 intentos
2017 3437 2195 3490 ingentes
2230 3457 2350 3485 arcus
2391 3446 2570 3502 defigunt

1343 3485 1457 3527 humi
1490 3489 1662 3541 longius.
1694 3495 1784 3534 Hos
1807 3497 2016 3553 proecipui
2051 3501 2212 3544 viribus
2238 3507 2409 3559 juvenes
2438 3513 2567 3552 conti-

1341 3558 1437 3588 nent
1449 3567 1464 3597 ,·
1498 3551 1578 3591 alii
1594 3554 1762 3596 connixi
1775 3557 1879 3611 pari
1910 3571 2058 3602 conatu
2085 3567 2344 3618 contendunt,
2380 3585 2429 3611 ac
2452 3588 2564 3628 prce-

1341 3612 1589 3654 terenntibus
1611 3616 1862 3667 sagittarum
1896 3624 2098 3665 venabula
2122 3626 2307 3681 infigunt,
2340 3646 2435 3673 mox
2468 3650 2562 3675 san-

1335 3672 1476 3723 guinis
1493 3676 1682 3728 vestigiis
1701 3692 1937 3735 sequuntur.
1958 3685 2168 3729 Diodorus
2187 3690 2354 3733 alteram
2373 3694 2478 3735 hanc
2496 3712 2561 3737 ve-

1337 3736 1513 3777 nationis
1535 3740 1736 3783 rationem
1760 3758 1845 3785 non
1875 3758 2097 3799 memorat,
2134 3752 2252 3794 sicuti
2282 3769 2346 3810 ap.
2383 3757 2557 3799 Plinium

1335 3811 1430 3838 non.
1455 3798 1579 3840 habes
1606 3816 1731 3856 quam
1765 3807 1885 3848 tertio
1913 3808 2004 3851 loco
2040 3813 2210 3854 Photius
2242 3824 2282 3856 et
2323 3819 2555 3860 Artemido-

1333 3873 1402 3899 rus
1434 3872 1659 3905 recensent.
1699 3867 1973 3912 Venationem
2010 3873 2317 3929 elephantorum
2357 3880 2416 3928 ei,
2464 3894 2577 3947 quae·

1331 3922 1466 3975 primo
1499 3924 1589 3966 loco
1622 3926 1883 3982 describitur,
1906 3934 2154 3977 simillimam
2182 3939 2223 3978 in
2253 3940 2416 3992 regione
2442 3943 2551 3983 Colla

1330 3987 1510 4038 Mazaga
1525 3987 1628 4029 vidit
1645 3992 1792 4044 Bruce,
1812 3996 1888 4046 IV,
1908 4010 1949 4051 p.
1971 3998 2048 4046 342
2066 4013 2145 4053 sq„
2165 4013 2256 4040 cum
2274 4015 2355 4054 quo
2367 4001 2419 4042 cs.
2439 4005 2551 4058 Rup-

1327 4048 1393 4103 pel
1421 4049 1535 4092 Reise
1573 4052 1614 4093 in
1652 4055 1804 4110 Abyss.
1840 4073 1882 4113 p.
1927 4063 2019 4108 146.
2063 4061 2078 4112 Η
2118 4085 2172 4092 -
2206 4062 2243 4102 5.
2270 4063 2389 4120 πρὸς]
2422 4066 2471 4114 ὡς
2498 4069 2547 4109 C.

2303 4143 2341 4172 10

2716 2312 2736 2331 lJ·
