2808 4342
890 171 1272 220 sTAmASMUS
1307 172 1494 219 MAms
1530 171 1743 218 MAGNI.
1788 146 1793 152 “

43 296 114 338 γος
129 297 138 306 ·
161 276 266 339 ἱερὸν
295 278 365 319 τοῦ
386 272 617 332 Ἄμμωνος·
639 271 746 334 ὕδωρ
769 271 853 333 ἔχει
877 275 917 318 ἐν
940 276 997 336 τῷ
1022 275 1195 337 αἰγιαλῷ
1216 276 1274 336 τῷ

42 346 86 398 ἐξ
107 344 304 395 ἐναντίας.

109 431 165 460 39.
197 411 324 476 [Ἀπὸ
362 410 625 472 Ἀντιπύργου
660 412 714 463 εἷς
753 409 821 455 τὸν
865 411 1025 474 Μικρὸν
1059 411 1276 474 Πετράντα

43 483 200 528 στάδιοι
217 482 240 505 ⁴*
261 481 294 542 .]

41 647 368 700 fflierumgezogen
405 645 494 686 und
520 645 631 686 dann
677 644 831 686 wieder
865 644 932 685 die
963 645 1104 686 steilen
1138 646 1280 687 Felsen

6 752 16 765 ..
37 710 243 762 erstiegen
264 709 396 749 haben
417 708 528 762 kann
549 707 562 762 )
585 708 696 747 seine
720 706 963 761 Bedeutung
987 707 1158 757 wahrte,
1195 707 1284 748 und

37 770 118 810 Ι(161·
141 771 197 811 315
214 769 472 811 Bischosssitz
493 770 509 822 (
529 769 790 824 Geographia
809 783 943 819 sacra,
970 769 1280 820 Amstelodami,

43 832 191 872 Halma
215 832 318 885 1703
347 845 392 885 p.
425 834 506 884 274
527 830 742 884 >bekannt
768 832 834 881 ist,
860 831 979 872 nebst
1007 833 1282 872 Paraetonium

39 909 94 934 zu
112 893 368 934 besonderen
384 893 653 935 Riicklehnen
677 894 766 934 und
789 894 917 935 festen
947 894 1136 935 Punkten
1157 910 1282 949 gegen

37 955 110 996 die
139 955 322 997 Einfaelle
355 954 430 996 der
464 957 778 1010 Eingeborenen
810 958 826 1009 (
851 958 1026 1011 Procop.
1072 959 1134 996 De
1170 956 1279 997 aedif.

2 1011 10 1014 ’
42 1019 119 1068 VI,
142 1031 183 1068 2,
205 1032 248 1073 p.
270 1032 349 1059 110
364 1020 396 1072 ).
421 1017 522 1059 Und
539 1019 631 1059 eine
649 1019 848 1060 aehnliche
866 1018 1110 1072 Bedeutung
1125 1019 1284 1059 scheint

39 1079 116 1120 der
136 1080 246 1121 Platz
281 1080 389 1121 auch
412 1089 533 1121 unter
564 1080 639 1121 der
670 1080 910 1122 Herrschaft
932 1080 1018 1123 der.
1031 1081 1189 1122 Araber
1214 1081 1284 1121 be-

41 1142 211 1197 hauptet
231 1157 283 1183 zu
303 1143 462 1193 haben;
483 1142 594 1183 denn
630 1143 716 1199 Styl
742 1142 829 1183 und
847 1143 1056 1183 Bauweise
1083 1143 1188 1196 zeigt
1205 1157 1279 1192 an,

39 1203 134 1244 dass
157 1205 283 1245 ihnen
311 1204 384 1245 das
404 1205 666 1246 ansehnliche
692 1205 847 1245 Kastell
864 1205 940 1246 auf
956 1204 1031 1246 der
1048 1205 1282 1246 westlichen

41 1267 148 1307 Seite
169 1266 242 1307 der
258 1267 407 1318 Bueht‚
427 1268 493 1307 ein
514 1268 882 1322 unregelmaessiges
902 1267 1066 1321 Oblong
1080 1268 1157 1308 mit
1173 1268 1284 1308 halb-

41 1329 367 1383 kreisfoermigen
402 1330 639 1379 Thiirmen,
674 1331 716 1369 in
750 1330 883 1370 seiner
912 1328 1087 1383 jetzigen
1129 1330 1284 1369 Gestalt

41 1392 257 1431 wenistens
280 1390 506 1444 angehoert.
532 1392 762 1445 Uebrigens
793 1392 898 1432 sieht
917 1405 1012 1431 man
1048 1391 1105 1431 im
1128 1393 1282 1431 Innern

41 1453 116 1494 der
141 1453 529 1494 Umschlussmauer
559 1453 635 1494 fast
662 1468 732 1506 gar
760 1454 880 1494 keine
901 1454 1066 1494 Ruinen
1091 1453 1180 1494 und
1213 1453 1281 1493 be-

42 1516 213 1557 sonders
229 1530 310 1557 nur
335 1516 430 1556 sehr
452 1516 617 1569 geringe
644 1515 1042 1568 Quadertriimmer3
1075 1531 1155 1556 von
1180 1517 1283 1557 Gra-

42 1579 262 1628 nitresten‚
294 1578 360 1618 die
380 1578 515 1618 Pacho
536 1579 551 1630 (
571 1578 599 1617 l.
618 1577 646 1617 1.
668 1591 709 1631 p.
729 1580 781 1625 48
799 1579 813 1630 )
837 1578 1010 1630 gesehen
1028 1577 1161 1617 haben
1178 1577 1257 1617 will
1270 1609 1300 1627 ‚.

42 1640 199 1681 konnte
228 1640 295 1681 ich
329 1640 463 1681 nichts
496 1638 740 1680 entdecken.
777 1639 1046 1693 Ueberhaupt
1074 1638 1284 1679 bemerkte

42 1703 110 1743 ich
139 1717 278 1743 ausser
307 1704 443 1743 einem
479 1717 560 1742 von
608 1701 745 1743 Pacho
782 1701 1067 1741 fibersehenen
1101 1715 1281 1754 grossen‚

42 1765 208 1806 offenen
224 1765 591 1807 Wasserbchaelter
606 1779 687 1804 von
706 1766 756 1818 78
784 1764 938 1804 Schritt
955 1765 1103 1816 Laenge
1126 1762 1213 1802 und
1234 1764 1283 1816 57

42 1828 194 1869 Schritt
207 1828 357 1877 Breite,
372 1826 579 1867 durchaus
598 1826 718 1867 keine
732 1828 926 1866 Baureste
947 1824 1023 1866 auf
1037 1825 1171 1865 dieser
1190 1839 1284 1879 gan-

42 1904 116 1930 zen
151 1889 390 1943 Erhebung.
432 1889 522 1930 Auf
549 1888 623 1929 der
651 1889 813 1930 kleinen
849 1888 958 1929 Insel
1001 1887 1069 1928 die
1105 1902 1178 1927 vor
1210 1887 1284 1928 der

42 1953 175 1992 Kfiste
195 1951 312 2006 liegt,
332 1952 536 2006 gewahrte
556 1952 623 1992 ich
646 1951 839 1992 ebenfalls
872 1950 991 1991 keine
1010 1951 1173 1990 Ruinen
1188 1966 1199 2001 ;
1217 1950 1284 1990 die

43 2016 265 2055 Trfimmer
287 2014 359 2055 des
376 2016 413 2055 T
415 2015 566 2070 empels
588 2014 682 2055 sind
703 2015 813 2056 wohl
839 2015 882 2054 in
902 2013 976 2055 der
988 2013 1192 2068 jfingeren
1214 2016 1287 2053 Bc-

43 2077 244 2132 festigung
263 2078 337 2118 mit
366 2077 538 2119 verbaut
559 2077 746 2118 worden.
772 2097 788 2112 n
816 2078 915 2117 Haec
932 2076 1139 2125 Barthius,
1161 2090 1285 2130 quem

43 2138 95 2180 de
117 2140 247 2181 insula
275 2141 350 2181 ista
379 2140 523 2180 vellem
552 2139 740 2180 docuisse
754 2140 892 2195 paullo
914 2139 1158 2180 accuratius.
1179 2139 1284 2178 Nam

43 2216 178 2256 neque
206 2203 292 2257 ipse
326 2203 369 2242 in
392 2202 550 2242 Tabula
576 2217 648 2242 sua
680 2202 819 2242 locum
847 2202 884 2241 ei
918 2202 1118 2254 assignat,
1151 2214 1284 2254 neque

42 2263 143 2304 alius
173 2264 398 2319 quispiam,
434 2271 636 2318 quantum
659 2264 801 2304 sciam.
833 2264 886 2303 Et
911 2271 1049 2302 tamen
1076 2261 1284 2316 Smythius

45 2334 130 2375 tam
162 2326 398 2379 diligentem
434 2325 557 2380 hujus
586 2326 701 2365 sinus
724 2325 941 2365 delineavit
963 2324 1207 2377 imaginem,
1241 2331 1286 2362 ut

45 2389 199 2430 nullam
219 2404 302 2429 non
327 2397 486 2429 notasse
505 2387 692 2429 videatur
710 2399 886 2443 petram.
910 2387 1050 2427 Insula
1077 2387 1281 2441 proxima,

39 2467 166 2507 quam
175 2453 367 2507 equidem
378 2453 555 2507 reperio,
570 2467 594 2493 a
617 2451 802 2493 Tobroal.
812 2450 936 2491 distat
944 2450 1073 2491 stadia
1082 2464 1150 2504 90,
1165 2449 1286 2490 adeo-

43 2528 124 2569 que
147 2516 189 2555 in
205 2530 372 2556 censum
389 2516 528 2556 venire
549 2516 705 2569 nequit.
727 2516 786 2554 Ut
810 2523 856 2554 ut
877 2522 950 2563 est,
977 2513 1029 2553 de
1047 2528 1096 2553 eo
1118 2513 1285 2567 scopulo

43 2577 107 2617 vel
127 2578 274 2628 insula,
292 2592 417 2632 quam
435 2578 624 2618 Barthius
639 2577 809 2630 intelligi
829 2576 972 2626 voluit,
990 2585 1129 2616 noster
1143 2585 1287 2616 auctor

43 2655 128 2681 non
160 2641 262 2681 mihi
292 2642 487 2694 cogitasse
521 2640 698 2680 videtur.
734 2640 900 2679 Etenim
931 2639 1122 2679 Barthius
1148 2638 1285 2678 locum

45 2702 259 2744 Stadiasmi
277 2704 334 2744 ita
352 2705 663 2758 interpretatur,
696 2710 743 2741 ut
760 2716 901 2741 sensus
919 2702 972 2741 sit
998 2714 1007 2741 :
1029 2699 1126 2741 κατὰ
1148 2704 1284 2741 τοῦτον

46 2766 64 2818 (
81 2765 147 2807 τὸν
169 2764 442 2821 Ἀντίπυργον)
461 2766 574 2817 νῆσός
604 2764 682 2805 ἐστι
704 2764 770 2804 καὶ
793 2764 830 2805 ἐν
849 2763 944 2819 αὐτῇ
967 2763 1131 2818 :zap-(05
1160 2777 1288 2816 graeca

44 2836 183 2869 autem
201 2830 379 2869 auctoris
398 2828 523 2869 verba
551 2827 782 2882 significant
815 2828 1090 2881 Antipyrgum
1112 2840 1196 2865 esse
1220 2829 1287 2877 νῆ-

46 2904 115 2930 σον
134 2899 174 2931 et
196 2905 218 2931 6
241 2892 408 2945 regione
435 2890 523 2945 ejus
544 2891 659 2944 (κατ’
696 2888 843 2943 αὐτὴν)
875 2903 961 2929 6556
980 2889 1122 2943 πύργον
1149 2883 1288 2941 (1111(16

52 2951 292 3009 Ἀντίπυργος
315 2956 364 3010 τῇ
397 2953 503 3009 νήσῳ
537 2954 737 3006 110111611).
770 2951 837 2994 Ad
866 2952 972 2992 hanc
1012 2951 1287 3006 Antipyrgum

50 3017 164 3066 νῆσον
185 3024 328 3057 nautas
348 3016 563 3071 appellere,
584 3030 734 3070 aquam
767 3029 864 3054 vero
884 3029 934 3055 ex
951 3014 1141 3068 opposito
1170 3013 1287 3054 litore

48 3076 266 3131 petendam
292 3092 378 3118 esse
397 3077 512 3118 dicit.
534 3080 626 3118 Jam
650 3077 788 3131 igitur,
811 3091 941 3131 quum
973 3076 1121 3129 reliqui
1145 3089 1287 3115 omnes

50 3140 307 3194 Antipyrgon
341 3141 383 3180 in
408 3141 644 3181 continente
677 3148 848 3194 ponant,
881 3147 1078 3194 praeterea
1116 3137 1168 3178 de
1193 3152 1289 3179 vera

47 3201 197 3251 insula,
224 3217 314 3256 quae
329 3204 371 3242 in
391 3203 472 3243 hoc
495 3204 588 3243 sinu
603 3204 767 3243 stationi
784 3200 1053 3243 accommoda
1072 3201 1138 3251 sit,
1157 3201 1287 3241 maxi-

53 3277 220 3317 mopere
241 3263 516 3305 dubitandum
547 3266 626 3305 sit:
650 3266 751 3305 nihil
776 3264 887 3305 aliud
915 3264 1178 3318 relinquitur,
1210 3264 1287 3303 nisi

52 3332 100 3364 ut
122 3327 235 3376 νῆσος
255 3325 347 3365 11.1.
375 3330 595 3381 usurpetur
627 3342 747 3367 sensu
773 3328 884 3368 vocis
912 3327 1161 3382 χερσόνησος.
1187 3326 1287 3366 Ubi-

53 3401 150 3427 nam
165 3402 263 3427 vcro
287 3387 522 3428 collocanda
539 3388 810 3429 chersonesus
844 3390 935 3429 illa?
962 3389 1212 3442 Cogitaveris
1237 3388 1289 3429 de

55 3462 202 3502 magna
223 3449 488 3498 chersoneso,
513 3464 603 3503 quae
630 3451 815 3490 Tobroak
834 3452 969 3490 sinum
990 3465 1013 3491 a
1034 3451 1161 3491 borea
1183 3450 1290 3491 clau-

48 3510 130 3551 dit.
153 3513 209 3551 At
239 3511 282 3550 in
305 3525 351 3551 ea
373 3512 529 3551 mansio
558 3513 840 3551 Romanorum
869 3514 1012 3566 nequit
1038 3511 1182 3562 fuisse,
1210 3514 1287 3553 nisi

56 3572 237 3612 fortassis
260 3571 312 3612 ad
329 3573 520 3612 intimum
547 3573 660 3612 sinus
692 3587 921 3623 recessum,
951 3574 1024 3614 ubi
1050 3588 1162 3614 nunc
1195 3584 1290 3615 sunt

56 3634 241 3675 Arabum
257 3634 406 3674 castelli
432 3635 562 3675 ruinae
581 3635 597 3687 (
617 3649 865 3689 quamquam
882 3635 944 3675 vel
962 3636 1019 3675 ibi
1036 3636 1289 3678 mansionem

56 3711 140 3736 non
154 3697 463 3750 exspectaveriS,
480 3704 524 3736 ut
538 3695 631 3751 jure
647 3705 788 3737 monet
807 3697 997 3738 Barthius
1013 3697 1046 3754 ).
1070 3700 1131 3738 Eo
1153 3707 1288 3739 autem

58 3758 101 3797 in
123 3757 213 3798 loco
237 3772 343 3812 aqua
363 3758 558 3812 suppetit,
594 3757 770 3813 ideoque
791 3773 877 3799 non
903 3768 989 3799 erat
1021 3773 1072 3799 ex
1101 3761 1289 3815 opposito

55 3820 177 3860 litore
210 3819 463 3861 arcessenda.
500 3823 639 3873 Quare
661 3821 705 3861 in
740 3821 889 3862 castelli
911 3821 1002 3862 loco
1032 3822 1131 3862 olim
1152 3824 1289 3877 potius

59 3881 81 3920 ὁ
110 3882 251 3937 πύργος
273 3881 419 3932 fuerit,
444 3883 661 3922 stationem
683 3897 781 3923 vero
809 3883 1072 3933 maritimam,
1098 3885 1289 3939 Antipyr-

55 3958 183 3997 gum,
209 3959 231 3984 e
266 3944 430 3998 regione
465 3944 767 3993 collocaverim,
799 3946 843 3985 in
862 3945 997 3985 intimi
1030 3947 1143 3986 sinus
1170 3961 1284 3996 acra,

51 4020 150 4060 *quae
172 4007 216 4047 in
233 4006 313 4048 hoc
333 4021 504 4048 arenoso
523 4015 655 4049 tractu
678 4007 776 4049 olim
794 4008 921 4062 magis
944 4022 1068 4063 quam
1089 4023 1202 4050 nunc
1225 4025 1290 4061 νη-

2492 185 2574 222 141
2600 223 2608 226 ,

1355 280 1496 321 fanum
1527 281 1585 321 ibi
1614 281 1829 322 Ammonis
1839 297 1849 331 ;
1875 295 2023 335 aquam
2045 280 2170 321 habet
2187 281 2231 320 in
2254 280 2416 335 objecto
2450 282 2589 323 litore.

1407 381 1475 434 39.
1511 380 1605 434 [Ab
1635 379 1866 436 Anlipyrgo
1888 379 1946 420 (ul
1971 383 2155 421 Parvum
2185 383 2418 421 Petranlem
2442 382 2583 422 stadia

1351 481 1432 522 380
1449 482 1483 536 ].
1881 461 1884 463 ’

1354 647 1509 694 σίζουσα
1532 648 1614 687 sive
1649 647 1790 687 insulae
1822 647 1964 688 similis
1996 663 2082 688 esse
2103 656 2276 702 poterat.
2309 651 2404 700 Quo
2432 649 2587 689 accedit

1353 709 1467 763 quod
1486 710 1543 749 sic
1571 708 1739 749 demum
1767 710 2020 750 mansionem
2040 725 2063 750 a
2081 711 2143 750 via
2171 719 2280 750 recta
2302 719 2342 750 ct
2367 711 2584 752 commoda

1354 786 1438 811 non
1462 771 1646 812 dissitam
1665 772 1953 812 nanciscimur.
1975 773 2128 820 Ruinas
2146 772 2330 813 Arabum
2353 781 2467 813 aetate
2486 775 2589 814 anti-

1352 834 1517 888 quiores
1539 848 1623 874 non
1645 832 1794 874 vidisse
1815 827 2027 874 Barthium
2045 833 2131 888 jam
2151 835 2315 885 monui;
2337 834 2446 875 addo
2475 836 2588 889 quod

1353 897 1507 946 ruinas,
1532 911 1553 936 a
1571 896 1738 936 Barthio
1759 910 1841 936 non
1869 896 1994 945 visas,
2024 897 2066 936 in
2088 895 2393 951 mediterraneis
2408 912 2431 937 a
2453 898 2589 939 castel-

1352 956 1391 996 lo
1421 957 1599 998 Arabico
1621 957 1789 997 boream
1815 971 1954 997 versus
1978 960 2024 1006 14
2053 957 2278 998 stadiorum
2299 958 2508 998 intervallo
2525 958 2588 999 ‹li-

1352 1027 1518 1070 stantes,
1541 1020 1696 1060 notavit
1713 1019 1945 1075 Smythius3
1967 1034 2058 1074 quae
2088 1034 2188 1060 num
2209 1021 2352 1061 ceteris
2373 1021 2453 1060 sint
2476 1030 2589 1062 vetu-

1352 1083 1511 1132 stiores,
1548 1083 1708 1131 nescio;
1751 1090 1791 1122 at
1837 1082 1924 1122 fieri
1961 1083 2104 1138 nequit
2145 1092 2191 1123 ut
2237 1083 2294 1123 ibi
2338 1083 2587 1139 Antipyrgos

1353 1143 1570 1185 Stadiasmi
1594 1143 1855 1185 collocandus
1877 1145 1944 1186 sit.

1409 1209 1430 1257 §
1460 1211 1528 1247 39.
1552 1206 1714 1246 Inclusa
1759 1206 1958 1260 supplevi.
1991 1207 2007 1260 Η
2038 1229 2091 1236 —-
2122 1209 2144 1258 S
2182 1209 2249 1254 40.
2285 1205 2588 1261 Πὲτραντος]

1353 1267 1585 1321 Περεῦοντος
1612 1267 1757 1308 codex.
1778 1270 1840 1307 Eo
1862 1281 1992 1320 usque
2008 1267 2154 1321 Scylax
2178 1267 2229 1307 ab
2251 1267 2480 1322 Antipyrgo
2504 1284 2590 1309 esse

1356 1330 1412 1369 ait
1441 1331 1744 1383 navigationem
1783 1329 1864 1369 diei
1901 1328 2120 1369 dimidiati.
2158 1329 2174 1382 ll
2205 1352 2262 1359 ·—
2294 1329 2585 1386 Βάτραχος]

1354 1392 1551 1447 Βάτραχος
1567 1392 1684 1447 λιμήν
1702 1391 1826 1432 codd.
1857 1390 2079 1440 Ptolemaei,
2101 1391 2143 1430 in
2166 1404 2249 1444 quo
2265 1390 2363 1431 olim
2392 1391 2589 1433 edebatur

1355 1455 1550 1509 Βάθρακος
1577 1454 1618 1495 λ.
1647 1453 1868 1495 Ponendus
1896 1461 2040 1508 portus
2063 1453 2105 1492 in
2133 1453 2256 1492 maris
2277 1467 2440 1493 recessu
2471 1454 2589 1507 longe

1354 1517 1396 1555 in
1410 1518 1688 1557 continentem
1707 1524 1947 1570 penetrante
1958 1546 1968 1563 ‚
1992 1515 2063 1569 qui
2081 1515 2249 1554 intimus
2269 1523 2328 1555 est
2343 1515 2462 1570 μυχὸς
2477 1517 2589 1556 sinus

1354 1576 1441 1631 ejus
1459 1593 1582 1632 quem
1600 1592 1792 1618 vocamus
1811 1577 1918 1629 golse
1937 1576 1985 1616 cle
2012 1577 2179 1616 Bomba.
2197 1576 2332 1617 Pacho
2347 1577 2374 1618 l.
2390 1577 2417 1618 1.
2436 1592 2478 1632 p.
2509 1579 2554 1618 51
2575 1593 2584 1619 :

1360 1656 1374 1676 «
1408 1641 1466 1679 La
1483 1641 1608 1694 petite
1627 1640 1716 1679 baie
1735 1647 1795 1679 est
1809 1640 2059 1678 environnee
2078 1636 2102 1678 a
2124 1652 2197 1678 son
2216 1640 2428 1680 extremite
2452 1641 2588 1680 orien-

1354 1702 1432 1741 tale
1460 1701 1511 1742 de
1538 1710 1664 1741 terres
1683 1709 1893 1741 convertes
1923 1700 1974 1741 dc
2001 1701 2166 1754 lagunes
2185 1700 2295 1741 etde
2324 1701 2479 1756 plantes
2505 1718 2589 1743 ma·

1354 1763 1479 1803 rines.
1520 1764 1597 1803 Ces
1625 1764 1856 1816 marecages
1885 1770 1978 1803 sont
2004 1762 2042 1802 16
2069 1761 2221 1815 sejour,
2257 1777 2308 1804 611
2344 1764 2431 1813 ete,
2463 1763 2589 1804 d’une

1354 1824 1614 1879 prodigieuse
1648 1825 1832 1879 quantite
1861 1824 1912 1865 de
1941 1825 2205 1878 grenouilles,
2249 1826 2320 1879 qui
2360 1825 2590 1868 donnercnt

1355 1887 1457 1928 dans
1482 1888 1714 1942 l’antiquite
1744 1887 1834 1928 leur
1866 1902 1965 1928 nom
1996 1901 2049 1928 au
2078 1896 2174 1942 port
2211 1888 2459 1938 Batrachus,
2487 1890 2589 1930 situe

1355 1949 1576 2000 d’ailleurs‚
1599 1950 1651 1990 de
1667 1951 1799 1990 meme
1814 1963 1895 2003 quc
1909 1957 2013 1989 cette
2035 1963 2145 2000 31156,
2167 1947 2190 1989 a
2211 1948 2428 1990 l’occident
2445 1949 2496 1990 dc
2514 1953 2589 1991 Pe-

1356 2022 1445 2053 tras
1452 2027 1633 2069 parvus.
1649 2014 1744 2052 Une
1767 2011 1870 2052 belle
1889 2025 2033 2051 source
2048 2010 2169 2051 d’eau
2190 2010 2417 2051 sulfureuse
2439 2011 2590 2065 [etwas

1353 2075 1492 2127 salzig
1524 2075 1625 2116 dicit
1654 2074 1779 2115 Barth
1810 2088 1853 2129 p.
1893 2073 1987 2115 510.
2025 2075 2075 2113 In
2101 2072 2214 2114 Stad.
2242 2088 2319 2128 pro
2355 2074 2455 2128 ὕδωρ
2491 2075 2590 2115 πολὺ

1355 2137 1451 2178 fort.
1473 2146 1559 2178 erat
1570 2138 1670 2192 ὕδωρ
1689 2136 1814 2177 πλατὺ
1829 2138 1862 2191 ],
1887 2137 2076 2176 nommee
2097 2135 2394 2176 Ain-el-Gazal
2412 2136 2485 2190 [id
2503 2146 2586 2178 est:

1355 2198 1425 2238 oeil
1443 2198 1491 2238 cle
1506 2199 1658 2252 gazelle
1673 2200 1706 2253 ]‚
1732 2198 1864 2238 forme
1881 2212 1935 2238 un
1949 2198 2134 2238 ruisseau
2149 2195 2172 2237 a
2188 2197 2382 2251 quelques
2394 2212 2465 2252 pas
2481 2198 2532 2238 de
2544 2207 2590 2239 66

1354 2270 1464 2315 port,
1488 2269 1528 2301 et
1546 2260 1744 2301 confirme
1769 2261 1871 2300 ainsi
1891 2260 1946 2300 les
1965 2268 2099 2300 autres
2118 2259 2282 2310 details,
2302 2273 2382 2314 que
2399 2259 2538 2299 donne
2554 2261 2590 2301 le

1354 2323 1509 2378 periple
1540 2337 1744 2378 anonyme
1771 2337 1843 2362 sur
1864 2336 1910 2362 ce
1938 2321 2033 2362 lieu.
2055 2322 2160 2362 Mais
2179 2336 2240 2362 ses
2261 2335 2386 2372 caux,
2419 2331 2458 2363 et
2473 2322 2589 2364 celles

1355 2385 1406 2425 de
1426 2385 1462 2425 la
1477 2400 1622 2426 source
1639 2386 1786 2434 meme,
1804 2398 1856 2424 ne
1871 2392 1964 2424 sont
1978 2384 2160 2439 potables
2174 2398 2254 2438 que
2269 2383 2370 2425 dans
2385 2385 2441 2425 les
2458 2394 2588 2441 temps

1355 2448 1525 2497 calmes,
1548 2446 1665 2502 apres
1691 2447 1856 2502 qu'ellcs
1882 2454 1956 2486 ont
1984 2447 2048 2487 ete
2075 2445 2294 2499 degagees,
2327 2461 2400 2501 par
2421 2447 2588 2501 leur-re-

1355 2511 1672 2559 nouvellement,
1708 2509 1758 2549 de
1777 2509 2031 2549 l'amertume
2050 2523 2130 2562 que
2161 2510 2354 2548 vienncnt
2368 2523 2393 2563 y
2416 2508 2589 2563 deposci·

1355 2574 1411 2613 les
1432 2575 1523 2614 ssots
1547 2574 1598 2613 de
1620 2573 1657 2613 la
1676 2587 1763 2612 mer
1786 2571 2016 2626 lorsqu'elle
2031 2580 2091 2611 est
2112 2572 2255 2625 agitee.
2287 2588 2303 2609 »
2329 2573 2462 2626 Prope
2477 2573 2589 2613 hunc

1356 2636 1510 2676 sontem
1526 2635 1624 2675 alios
1640 2648 1724 2675 esse
1747 2633 1852 2674 duos
1871 2634 2050 2673 minores
2072 2631 2194 2673 docet
2210 2632 2402 2675 Barthius
2416 2647 2459 2687 p.
2483 2633 2585 2683 5103

1355 2696 1466 2737 idem
1493 2705 1635 2737 11101161
1660 2710 1807 2750 aquam
1836 2696 1878 2735 in
1900 2708 2063 2735 recessu
2083 2695 2161 2734 isto
2183 2693 2286 2735 adeo
2308 2693 2589 2748 profunditate

1355 2775 1517 2811 carere,
1544 2769 1588 2801 ut
1615 2760 1750 2800 bonus
1782 2767 1927 2814 portus
1951 2757 2014 2798 vel
2047 2766 2233 2798 veterum
2266 2757 2439 2797 navibus
2468 2757 2590 2798 fuisse

1354 2830 1541 2877 nequeat.
1563 2846 1620 2852 —
1633 2823 1727 2861 Non
1754 2820 1875 2873 longe
1894 2834 1918 2860 a
1933 2819 2122 2860 Batrachi
2144 2827 2270 2874 portu
2286 2833 2475 2859 occasum
2499 2834 2587 2858 ver-

1351 2899 1420 2927 sus
1450 2886 1589 2925 ruinas
1617 2884 1771 2938 reperit
1804 2882 2018 2932 Barthius,
2043 2895 2144 2937 quas
2171 2881 2438 2936 probabiliter
2466 2881 2590 2921 refert

1353 2947 1405 2989 ad
1438 2947 1716 2995 mansionem,
1752 2959 1843 2999 quae
1872 2945 1915 2984 in
1948 2944 2052 2985 Tab.
2092 2944 2280 2998 Peuting.
2314 2942 2485 2985 Meeiris
2500 2975 2510 2994 ‚
2547 2945 2587 2982 in

1353 3011 1506 3064 Geogr.
1531 3012 1632 3050 Rav.
1658 3006 1840 3056 Mauris,
1864 3007 1906 3047 in
1932 3007 2075 3047 Itiner.
2103 3020 2146 3061 p.
2170 3010 2237 3059 69.
2256 3019 2305 3060 71
2325 3004 2484 3047 Mecira
2505 3007 2588 3045 sive

1353 3072 1494 3113 Helem
1511 3071 1689 3126 (Helene
1703 3085 1741 3110 v.
1764 3070 1810 3120 l.;
1825 3084 1877 3110 an
1893 3068 1995 3121 Ἕλη
2014 3084 2037 3110 3
2051 3068 2293 3124 propinquis
2311 3066 2554 3122 paludibus?
2570 3070 2586 3120 )

1353 3144 1524 3175 vocatur
1552 3142 1591 3175 et
1616 3148 1640 3173 a
1670 3132 1863 3173 Palinuro
1887 3145 1940 3174 20
1972 3131 2150 3171 millibus
2177 3130 2269 3184 (sie
2289 3130 2404 3179 Itin.;
2434 3130 2483 3169 33
2505 3144 2584 3169 sec.

1352 3198 1456 3238 Tab.
1481 3200 1599 3238 Peut.
1625 3195 1765 3235 scribae
1785 3208 1938 3242 errore,
1961 3201 2007 3233 ut
2021 3191 2184 3233 videtur
2200 3191 2213 3247 )
2231 3191 2380 3231 distare
2398 3191 2588 3245 perhibe-

1352 3268 1436 3301 tur.
1467 3262 1482 3314 Π
1522 3283 1578 3291 -
1609 3258 1804 3298 στάδιοι
1823 3254 1910 3310 λ’.]
1952 3254 2187 3296 Secundum
2215 3254 2322 3293 hanc
2354 3252 2586 3293 distantiam

1352 3325 1491 3365 Petras
1509 3335 1658 3377 parvus
1677 3319 1730 3360 ad
1750 3333 1845 3360 eum
1859 3319 1997 3358 locum
2012 3318 2204 3372 pertinet,
2226 3330 2349 3370 quem
2365 3315 2421 3355 ita
2435 3315 2587 3354 descri-

1353 3386 1414 3427 bit
1445 3385 1580 3426 Pacho
1604 3398 1646 3437 p.
1669 3385 1720 3435 49
1746 3394 1756 3422 z
1779 3398 1795 3419 «
1829 3382 1949 3420 Deux
1971 3379 2119 3420 heures
2148 3386 2270 3418 avant
2295 3390 2375 3431 que
2389 3375 2589 3416 d'arrivcr

1354 3448 1456 3488 dans
1478 3461 1523 3487 66
1548 3447 1628 3486 lieu
1653 3443 1733 3496 (ad
1755 3442 1943 3483 Batrachi
1971 3449 2115 3496 portus
2143 3440 2308 3493 sinum)
2332 3453 2386 3479 011
2406 3438 2490 3478 voit
2519 3453 2590 3478 sur

1354 3510 1390 3550 le
1420 3511 1509 3550 cote
1541 3505 1784 3548 meridional
1805 3504 1857 3544 de
1887 3505 1925 3544 la
1947 3503 2091 3544 colline
2110 3517 2166 3542 un
2190 3500 2319 3556 grand
2338 3500 2515 3547 nombre
2536 3500 2587 3540 de

1355 3571 1632 3619 catacoinbe5‚
1674 3569 1860 3609 nommes
1898 3580 1973 3621 par
2003 3566 2060 3606 les
2098 3565 2253 3607 Arabes
2288 3563 2588 3615 Magharae-el-

1355 3635 1537 3681 Heabes,
1564 3639 1713 3685 grottcs
1736 3629 1807 3670 des
1833 3630 2019 3684 prisons;
2041 3636 2081 3668 et
2105 3642 2176 3668 sur
2203 3627 2240 3668 le
2271 3641 2407 3667 revers
2437 3627 2588 3680 oppose

1357 3699 1373 3750 (
1392 3696 1444 3738 ad
1465 3696 1568 3736 latus
1597 3694 1698 3734 mari
1732 3692 1984 3745 obversum)
2003 3690 2205 3746 plusieurs
2228 3698 2356 3734 traces
2386 3688 2437 3728 de
2468 3688 2589 3727 belles

1355 3758 1587 3800 fondations
1606 3754 1823 3809 indiquent
1841 3755 1878 3794 16
1898 3755 2096 3808 gisement
2111 3752 2236 3792 d'une
2252 3752 2449 3792 ancienne
2470 3749 2559 3788 ville
2573 3780 2584 3798 ,

1354 3820 1664 3877 probablement
1705 3817 1802 3857 celle
1843 3817 1894 3857 de
1940 3818 2283 3856 Petras-Parvus.
2328 3814 2402 3853 Ces
2436 3819 2588 3865 grottes

1356 3883 1506 3924 offrent
1524 3881 1594 3921 des
1612 3880 1908 3935 particularites
1927 3876 2228 3931 remarquables
2251 3873 2274 3915 a.
2290 3888 2409 3915 cause
2427 3873 2478 3913 de
2500 3873 2588 3913 leur

1359 3946 1458 4000 51)·16
1474 3943 1818 3998 greco-egyptien.
1848 3944 2008 3981 Dcvant
2031 3940 2120 3979 leur
2139 3938 2276 3978 entree
2298 3951 2351 3977 on
2374 3935 2456 3975 voit
2475 3933 2585 3974 ordi-

1361 4009 1585 4049 naircment
1601 4019 1682 4046 une
1702 4018 1803 4045 cour
1822 4003 2080 4051 decouverte,
2099 4001 2229 4041 ceinte
2244 3998 2345 4039 d’un
2373 4012 2467 4038 mur
2486 3996 2588 4036 dont
