2756 4354
623 56 670 104 θ

189 135 290 170 xxx

183 217 367 280 jacere3
415 200 491 261 a?
503 213 632 261 nulla
666 211 737 260 ibi
779 221 848 259 est
881 212 1032 258 insula
1077 227 1182 272 quae
1230 207 1428 269 intelligi

191 306 295 339 cum
318 287 664 353 probabilitatis
693 287 850 349 aliqua
870 286 1026 348 specie
1054 286 1227 347 possit;
1248 299 1353 331 nam
1370 282 1430 331 de

193 368 343 412 Faciat
371 363 522 411 insula
558 363 642 409 vix
683 363 800 407 1800
831 360 977 407 stadia
998 375 1025 406 a
1055 360 1171 407 freto
1198 357 1429 406 Gaditano

191 441 373 499 dissita,
397 454 500 501 quae
523 437 769 485 Gosselino
805 437 862 496 (⁸)
891 444 959 481 est
981 433 1131 481 Cerne
1158 432 1425 492 Hannonis,

191 520 349 564 sanior
378 530 513 563 nemo
547 511 792 572 cogitabit3
828 525 912 556 nec
955 511 1103 570 magis
1131 524 1218 558 nos
1258 509 1427 573 juvant

193 603 326 639 terrae
344 601 493 638 motus
506 599 550 635 et
569 586 892 635 inundationes
905 601 1020 648 quas
1035 585 1215 634 Cernen
1226 622 1241 648 ,
1254 597 1306 634 ut
1323 586 1427 634 Pla·

193 669 313 713 tonis
336 668 467 712 istam
503 661 798 717 Atlantidem,
834 659 1125 724 absorpsisse
1150 661 1426 723 quibusdam

191 742 378 803 placuit.
420 739 566 784 Immo
606 735 788 782 Plinius
823 736 969 783 verba
1002 737 1121 784 illat
1163 745 1211 783 in
1227 749 1430 784 exv-enm

189 820 467 862 Mauritania
488 813 546 859 de
574 828 660 859 suo
690 827 815 874 penu
842 813 1091 860 oscitanter
1111 813 1292 875 adjecit.
1314 813 1428 860 Nam

190 888 450 937 confudisse
471 901 573 932 eum
603 884 891 932 Mauritaniae
915 896 961 933 et
983 887 1332 933 meridionalem
1354 887 1430 933 Ε-

190 965 376 1026 thiopiae
406 962 631 1008 Atlantem
663 975 803 1022 supra
830 959 927 1022 J‘am
951 961 1180 1019 vidimus3
1204 971 1428 1023 praeterea

188 1057 245 1087 ex
263 1041 441 1102 reliqua
462 1037 602 1099 hujus
625 1052 721 1082 orae
754 1036 1067 1099 descriptione
1097 1046 1220 1099 patet
1244 1037 1428 1085 diversa

187 1132 287 1162 eum
311 1114 547 1160 miscuisse
576 1112 838 1159 festinantia
871 1113 1194 1174 compilatoria
1214 1113 1295 1174 (v.
1330 1124 1425 1162 not.

188 1191 243 1236 ad
270 1190 418 1236 Hann.
456 1204 503 1250 p.
535 1205 559 1246 7
582 1197 699 1235 extr.
716 1188 749 1248 ).
769 1186 946 1241 Quodsi
973 1188 1073 1249 ipse
1108 1187 1335 1247 Polybius
1371 1189 1429 1234 de

186 1266 334 1311 Cerne
349 1264 406 1310 ad
428 1266 724 1308 Mauritania·
742 1265 967 1307 Atlantem
991 1262 1203 1323 ponenda
1224 1264 1427 1310 monuis-

187 1350 270 1395 set,
290 1337 371 1400 qui
394 1339 441 1383 fit
464 1348 514 1383 ut
533 1337 625 1383 alio
641 1336 744 1382 loco
762 1337 946 1383 Plinius
966 1337 1159 1383 miretur
1177 1337 1426 1399 Polybium

189 1417 419 1462 Atlantem
458 1415 507 1460 in
544 1413 706 1459 ultima
742 1413 973 1474 AEthiopia
1003 1414 1248 1471 collocare,
1291 1430 1426 1475 quem

187 1492 326 1537 ceteri
340 1504 499 1536 omnes
521 1489 812 1537 Mauritaniae
828 1489 1309 1548 assignarent?nonne
1331 1500 1425 1535 tum

188 1566 305 1612 scire
329 1563 523 1611 debebat
544 1563 658 1609 duos
681 1563 965 1623 distinguere
995 1563 1242 1625 Polybium
1268 1565 1425 1611 Atlan-

189 1650 256 1685 tes
272 1640 359 1701 (⁴)i'
396 1637 595 1684 Eandem
628 1638 937 1697 ignorantiam
968 1648 1014 1684 et
1036 1638 1224 1701 ἀκρισίαν
1255 1641 1425 1702 prodit,

100 1727 106 1733 ·
184 1714 268 1761 ubi
285 1712 564 1760 Atlantidem
580 1712 750 1759 Atlanti
769 1713 976 1774 adjacere
989 1714 1075 1771 ait;
1093 1729 1196 1760 nam
1210 1715 1294 1760 etsi
1305 1715 1427 1761 hunc

186 1791 414 1836 Atlantem
436 1790 461 1836 5
482 1789 662 1836 dierum
683 1790 979 1849 navigatione
998 1790 1056 1836 ab
1075 1790 1265 1853 Hesperi
1281 1807 1425 1837 cornu

186 1866 409 1912 orientem
442 1879 603 1911 versus
624 1865 798 1911 distare
825 1865 1082 1923 retulisset,
1110 1882 1202 1912 non
1226 1876 1374 1912 tamen
1400 1883 1426 1912 a

186 1950 340 1986 monte
362 1940 648 1988 Mauritaniae
669 1940 903 1987 diversum
927 1940 1047 1989 facit.

249 2015 356 2061 Haec
377 2014 520 2075 igitur
546 2014 596 2061 in
620 2015 779 2077 aprico
802 2025 926 2062 sunt.
948 2015 1103 2062 Minus
1129 2016 1273 2077 liquet
1307 2033 1423 2078 quo·

186 2091 324 2137 modo
360 2091 528 2137 factum
572 2091 633 2137 sit
664 2101 714 2137 ut
750 2091 897 2137 Cerne
932 2091 1084 2138 insula
1109 2092 1165 2138 ad
1195 2093 1425 2139 Atlantem

184 2167 285 2213 sive
313 2165 370 2212 ad
400 2166 702 2218 Hannoneum
723 2166 914 2229 Hesperi
938 2183 1084 2213 cornu
1108 2169 1422 2215 transferatur.

182 2247 253 2287 An
274 2257 427 2288 merus
441 2252 509 2288 est
522 2257 655 2289 error
673 2243 929 2304 scriptoris,
949 2243 1081 2303 cujus
1100 2254 1227 2290 aetate
1243 2244 1421 2290 Cernen

182 2318 379 2365 insulam
393 2317 567 2363 dudum
590 2317 988 2377 Carthaginienses
1007 2317 1332 2365 deseruerant?
1351 2325 1422 2366 An

182 2392 331 2439 Cerne
345 2407 447 2438 cum
469 2391 671 2452 Cyrauni
694 2391 1024 2438 confunditur?
1044 2392 1208 2439 Nescio
1227 2410 1285 2441 an
1307 2410 1420 2457 pro·
1448 2414 1449 2417 ¹

180 2466 384 2513 habilior
401 2467 517 2512 ratio
537 2466 772 2512 offeratur.
801 2468 979 2512 Etenim
1005 2467 1055 2513 in
1079 2468 1281 2530 Cyrauni
1303 2486 1420 2532 quo-

181 2559 270 2605 que
287 2542 440 2588 insula
450 2543 850 2603 Carthaginienses
869 2546 1147 2590 commercia
1161 2548 1421 2593 exercuisse

181 2622 353 2668 scimus
380 2637 437 2667 ex
470 2622 731 2680 Herodot03
753 2620 892 2684 Κέρνη
927 2632 1075 2669 autem
1109 2638 1296 2678 nomen,
1328 2623 1419 2668 Bo-

181 2695 339 2742 charto
351 2697 615 2758 interprete,
627 2697 858 2757 significat
866 2699 1186 2743 habitau‘onem
1196 2700 1415 2743 ultimam.

181 2770 325 2817 Statui
354 2772 497 2831 igitur
516 2782 664 2834 potest
691 2788 859 2819 nomen
879 2773 996 2819 illud
1014 2788 1041 2819 a
1060 2773 1208 2819 Cerne
1228 2772 1418 2819 Hanno-

182 2862 267 2893 nea
287 2847 446 2908 paullo
458 2858 561 2909 post
578 2848 625 2893 in
647 2848 1019 2909 longinquiorem
1037 2848 1156 2894 hanc
1175 2848 1416 2894 stationem

108 2934 115 2941 ·
180 2937 280 2969 esse
314 2924 645 2969 transductum.
675 2925 887 2971 Ceterum
916 2941 1017 2986 quae
1050 2923 1107 2970 de
1130 2924 1300 2970 Cernes
1327 2925 1418 2970 situ

179 2997 401 3059 Polybius
414 2999 602 3060 accepit,
616 3001 772 3045 eadem
787 2999 883 3061 jam
899 3000 1084 3046 novisse
1095 2999 1230 3046 debet
1241 3010 1415 3057 auctor,

181 3088 275 3135 quo
289 3089 399 3120 usus
414 3084 482 3120 est
501 3073 556 3119 ad
574 3074 889 3121 adornandam
907 3074 1263 3136 mythologicam
1288 3090 1414 3120 suam

179 3150 502 3212 geographiam
542 3151 796 3211 Dionysius
823 3150 1211 3213 Scytobrachion,
1245 3166 1302 3196 ex
1325 3167 1417 3212 quo

178 3241 261 3272 sua
295 3225 528 3272 Diodorus
555 3225 705 3273 babet.
733 3228 797 3273 Ac
819 3243 961 3287 quum
980 3228 1047 3274 sic
1070 3227 1217 3272 Cerne
1235 3242 1329 3272 non
1354 3227 1418 3272 ita

179 3305 314 3364 longe
347 3321 374 3350 a
413 3304 531 3351 mari
567 3303 804 3367 Erythraeo
841 3304 1000 3351 abesse
1021 3305 1174 3366 putari
1213 3302 1415 3360 deberet,

179 3380 400 3440 explicari
441 3380 781 3442 quodammodo
818 3391 1012 3443 possunt
1052 3394 1155 3441 quae
1206 3379 1419 3439 leguntur

178 3454 299 3515 apud
321 3453 523 3500 Plinium
546 3455 620 3510 vt,
652 3458 728 3513 36,
765 3455 871 3517 ubi,
895 3465 1138 3517 postquam
1165 3455 1212 3501 in
1244 3464 1414 3502 antece.

178 3525 422 3574 Eudoxum
438 3562 451 3586 ,
476 3528 817 3575 Timosthenem
842 3540 887 3575 et
905 3530 1181 3576 Clitar-chum
1208 3530 1417 3576 laudave-

178 3612 267 3661 rat,
279 3618 336 3649 ex
354 3619 447 3650 uno
462 3604 664 3651 alterove
680 3605 842 3652 horum
861 3616 1096 3651 auctorum
1119 3605 1284 3652 refert:
1306 3607 1417 3651 Con·

174 3746 206 3791 F
226 3748 278 3799 (⁹)
302 3747 546 3789 Becher-clm
566 3759 641 3789 mr
659 3749 703 3789 la
726 3751 857 3799 μέσον.
879 3752 974 3789 tom.
1003 3752 1034 3799 l,
1050 3762 1086 3800 p.
1106 3754 1150 3793 77
1169 3762 1252 3801 sqq.
1282 3774 1327 3784 —
1357 3753 1409 3790 Dc
1426 3751 1520 3790 mira
1539 3749 1683 3789 ratione
1705 3759 1779 3798 qua
1805 3747 2023 3788 Gosselinus
2042 3747 2236 3786 Hannonis
2264 3744 2539 3795 navigationem
2557 3728 2734 3817 adorna-j

177 3802 249 3855 vu,
267 3813 390 3854 quum
406 3805 547 3854 sepius
564 3803 634 3844 viri
652 3804 753 3845 docti
768 3805 953 3854 iudicium
975 3806 1146 3854 tulerint,
1168 3817 1242 3845 non
1258 3809 1315 3846 est
1331 3817 1399 3845 cur
1417 3809 1548 3855 agatur
1562 3805 1703 3845 denuo.
1723 3806 1851 3853 Neque
1869 3803 1986 3853 magis
2011 3802 2259 3842 immoramur
2279 3797 2558 3851 opinationibus
2585 3807 2733 3860 eorum..

177 3859 246 3912 qul
262 3861 410 3901 canen
432 3860 691 3910 quaesiverunt
709 3860 745 3899 in
766 3860 855 3899 hod.
874 3860 1039 3900 Madaro
1059 3861 1117 3899 vel
1135 3861 1363 3910 Aleqranza
1378 3863 1437 3900 vel
1455 3862 1570 3901 etiam
1589 3860 1628 3900 in
1646 3859 1934 3908 Madaqascar.
2117 3880 2125 3889 ·
2719 3887 2722 3901 2
2749 3851 2753 3870 ’

228 3913 303 3965 (¹³)
316 3914 444 3955 Verba
462 3917 553 3955 sunl
573 3930 584 3955 ι
602 3916 735 3965 μεταξὺ
762 3921 826 3963 τῆς
844 3918 982 3968 Κέρνης
996 3918 1060 3955 καὶ
1076 3922 1139 3963 τῆς
1156 3917 1354 3967 Γαδαρέων
1370 3917 1384 3964 (
1400 3918 1566 3967 Σαρδίων
1581 3915 1691 3954 codd.
1709 3915 1722 3962 )
1739 3915 1921 3953 διαπλέων
1936 3914 1982 3952 τὰ
2004 3914 2105 3964 παρὰ
2124 3917 2187 3960 τῆς
2202 3913 2324 3962 ἑτέροις
2346 3911 2396 3955 εἷς
2416 3909 2481 3957 τήν
2501 3908 2640 3958 ίτίραν,
2654 3907 2726 3963 τὸν.

179 3968 364 4022 ὀφθαλμὸν
376 3970 568 4022 λαμβάνει.
585 3971 684 4011 Nihil
710 3971 768 4011 his
785 3971 882 4012 inest
897 3982 967 4012 cur
991 3974 1138 4013 Cernen
1159 3972 1328 4011 nonnulli
1347 3974 1558 4021 putarent·
1578 3971 1794 4020 Palmphato
1815 3971 1862 4010 ad
1885 3971 2023 4011 [retum
2041 3969 2271 4011 Gaditanum
2292 3966 2391 4017 poni.
2723 3987 2729 4012 4
2748 3999 2750 4002 ,

1222 112 1553 162 mouson
1560 114 1634 161 EN
1642 115 1694 161 A.
2130 0 2164 148 )

2664 159 2690 183 1,,

1492 218 1564 253 tm
1582 214 1725 254 sinum
1747 212 1964 255 Persicum
1987 212 2129 256 Cerne
2146 214 2406 255 'tome‘natur
2420 214 2569 257 insula
2587 229 2617 257 a
2628 227 2641 249 s
2659 239 2664 266 ς
2681 209 2692 266 ᾗ

1490 300 1546 330 sa
1567 286 1820 346 AEtlee‘ope'oe,
1846 292 1972 344 cajet-r
1990 302 2130 347 neque
2151 289 2412 346 magnitudo
2433 303 2576 347 neque
2684 276 2686 281 ,

1493 364 1657 406 vallum
1698 379 1728 406 a
1767 368 2020 408 conte'nente
2052 374 2246 419 constan
2296 364 2526 423 AEtlu'opes
2589 388 2599 401 ι
2656 392 2681 422 «ᾸῚ

1481 439 1675 497 populos
1689 438 1854 482 habere
1859 440 2078 498 proditur.
2093 437 2234 484 Idem.
2253 437 2319 484 ib.
2338 455 2350 484 ε
2369 439 2604 498 Ephorus
2639 470 2669 487 ·.

1499 520 1609 556 esta
1624 514 1771 557 Rubro
1785 517 1900 557 mari
1915 518 2178 572 navIgantes
2196 518 2244 558 e'n
2276 529 2376 558 eam
2406 515 2419 573 (
2436 512 2616 560 Cernen
2656 562 2658 565 ,

1494 601 1582 630 non
1590 602 1721 646 posse
1731 589 1851 632 ultra
1868 591 2100 633 columnas
2112 590 2321 648 quasdem
2339 586 2430 651 (ita
2444 591 2629 652 appella

1489 678 1645 723 parva·
1660 667 1824 709 Insulce
1842 664 2067 725 )ptovehe'.
2090 664 2240 711 Nimis
2264 664 2359 709 haec
2385 679 2500 724 vaga
2522 679 2660 726 quam

1495 741 1824 784 accuratiorem
1839 739 2190 801 topographiam
2212 739 2476 795 admittant3
2495 738 2674 786 Ptolem

1495 823 1646 860 autem
1679 816 1929 872 sententia,
1968 831 2026 861 ex
2060 831 2151 877 qua
2190 815 2339 861 Cerne
2372 814 2544 861 Atlanti
2567 814 2659 877 maj
2671 839 2705 878 g

1495 885 1783 935 Mauritaniae
1801 888 2006 950 objacet,
2031 890 2265 951 quomodo
2283 900 2384 936 orta
2402 891 2461 935 sit
2484 889 2616 937 facile
2634 888 2675 951 j

1496 960 1792 1021 intelligitur.
1814 963 1962 1009 Sicuti
1979 962 2163 1010 Plinius
2185 964 2279 1010 duo
2306 965 2599 1026 antiquorum
2620 979 2670 1011 sc

1496 1044 1680 1096 ptorum
1706 1035 1912 1083 Atlantes
1925 1037 1974 1082 in
1992 1053 2135 1083 unum
2152 1037 2479 1085 Mauritanium
2500 1039 2674 1087 oonflav

1496 1110 1563 1155 sic
1594 1109 1868 1156 Ptolemaeus
1906 1110 2150 1172 distinguit
2197 1112 2408 1172 quidem,
2450 1113 2674 1175 alterumq

1498 1186 1723 1231 Atlantem
1750 1187 1976 1232 minorem
1995 1222 2008 1246 ,
2034 1187 2226 1232 alterum
2258 1187 2479 1249 majorem
2502 1189 2634 1248 dicit,
2656 1207 2676 1237 s
2691 1225 2698 1246 -.

1495 1270 1742 1322 utrumque
1752 1261 1957 1307 vindicat
1965 1261 2266 1307 Mauritaniae.
2279 1262 2413 1317 Quod
2426 1263 2612 1324 quidem
2623 1280 2690 1328 pr

1497 1347 1564 1383 ter
1596 1337 1892 1383 Ptolemaeum
1924 1353 1981 1383 an
2021 1338 2139 1384 alius
2174 1339 2298 1384 ullus
2326 1339 2509 1396 fecerit,
2550 1341 2707 1401 nesci⁴

1496 1420 1598 1457 nam'
1623 1412 1840 1475 Stephani
1866 1414 1974 1475 ttyz.
2005 1413 2147 1460 verba
2170 1431 2180 1459 ε
2206 1412 2445 1471 Ἄτλαντες,
2471 1414 2581 1469 ἔθνος

1495 1489 1587 1534 κόν·
1620 1488 1838 1551 Ἡρόδοτος
1872 1490 1924 1535 δ’.
1948 1488 2036 1535 ἔστι
2070 1490 2141 1535 καὶ
2164 1489 2211 1535 τὸ
2243 1489 2376 1551 ὄνομα
2401 1491 2485 1537 ἀπὸ
2507 1493 2589 1537 τῶν
2610 1494 2681 1554 &po

1494 1559 1590 1611 τῶν
1606 1565 1695 1612 δύο
1718 1565 1763 1614 'A
1776 1567 1833 1612 τλ
1846 1565 1871 1611 οἱ
1884 1584 2016 1612 ντων
2029 1601 2042 1623 ,
2068 1582 2178 1612 num
2190 1566 2426 1614 Ptolemaei
2444 1568 2681 1616 sententiat
2697 1567 2708 1626 ,j

1494 1656 1551 1686 an
1568 1642 1845 1703 scriptorum
1863 1630 2197 1703 antiquiorum,
2216 1653 2436 1704 spectent,
2454 1658 2548 1689 non
2567 1643 2693 1706 lique

1493 1716 1608 1771 Quae
1630 1727 1851 1778 praeterea
1870 1716 1927 1762 de
1942 1717 2088 1762 Cerne
2108 1717 2261 1763 insula
2289 1717 2562 1775 asseruntur,
2583 1728 2712 1781 poet

1494 1795 1629 1840 ticam
1645 1794 1853 1840 redolent
1868 1794 2115 1839 licentiam.
2136 1793 2213 1839 Sic
2228 1792 2509 1856 Lycophron
2518 1794 2648 1843 Cass.
2674 1811 2693 1841 1

1493 1868 1543 1914 in
1566 1868 1713 1915 Cerne
1741 1869 1871 1929 fingit
1894 1868 2047 1914 cubile
2085 1869 2305 1929 Aurorae,
2335 1878 2563 1917 extremas
2587 1879 2711 1918 terra

1493 1959 1594 1989 rum
1615 1945 1772 2006 plagas
1797 1943 2083 1989 confundens
2101 1978 2112 1999 ,
2153 1944 2290 1989 sicuti
2315 1945 2485 2006 passim
2505 1944 2668 1995 Indica
2683 1960 2711 1993 e

1491 2018 1748 2081 AEthiopica
1776 2028 2112 2081 permutantur.
2151 2019 2439 2080 Palaephatus
2471 2020 2522 2066 in
2549 2018 2714 2068 {noted

1491 2110 1531 2142 c.
1559 2095 1615 2140 33
1635 2104 1789 2140 narrat
1806 2094 2049 2149 Perseum,
2082 2094 2381 2155 pernavigato
2405 2094 2538 2152 mari,
2558 2094 2684 2157 quod
2713 2121 2717 2132 ι

1491 2168 1699 2215 Gadibus
1716 2184 1862 2231 usque
1884 2168 1941 2214 ad
1957 2168 2137 2214 Cernen
2157 2168 2355 2230 pertinet
2371 2169 2453 2230 (¹⁸)
2471 2170 2656 2217 venisse
2669 2183 2697 2217 a

1490 2243 1759 2304 Gorgones,
1802 2244 1921 2290 filias
1953 2243 2189 2304 Phorcyos
2213 2243 2425 2289 Cernaei:
2458 2243 2579 2291 0132
2618 2246 2707 2309 Καρ

1488 2320 1596 2366 ναῖοι
1615 2320 1724 2366 κατὰ
1737 2320 1849 2381 γένος
1862 2319 1936 2380 μέν
1956 2320 2035 2365 εἰσι
2052 2318 2263 2377 Αἰθίοπες,
2277 2320 2436 2366 οἰκοῦσι
2450 2317 2495 2366 &t
2512 2322 2636 2378 νῆσον
2655 2317 2708 2378 τὴ

1493 2393 1654 2457 Κέρνην
1676 2394 1753 2448 ἔξω
1778 2386 1903 2439 οὖσαν
1934 2395 2016 2439 τῶν
2038 2391 2301 2456 Ἡρακλείων
2324 2394 2503 2452 στηλῶν,
2517 2395 2665 2459 ἆροῗῖσι
2686 2394 2727 2451 δ]

1489 2467 1650 2526 Λιὸύην
1670 2468 1764 2532 περὶ
1782 2468 1851 2515 τὸν
1873 2468 2058 2515 Ἄννωνα
2093 2467 2281 2530 ποταμὸν
2314 2468 2423 2515 κατὰ
2446 2469 2701 2535 Καρχηδόνα
2720 2484 2723 2489 ’

1490 2548 1537 2592 in
1562 2545 1733 2607 quibus
1752 2546 1791 2590 si
1813 2559 1974 2590 revera
1991 2544 2124 2590 fluvii
2139 2544 2312 2589 mentio
2337 2543 2453 2589 sacta
2472 2554 2556 2602 est,
2575 2540 2719 2593 Ἄννω

1490 2621 1629 2667 fucrit
1655 2619 1769 2666 Χίων
1798 2619 2018 2679 Scylacis.
2059 2620 2117 2663 At
2157 2616 2448 2679 probabilius
2480 2617 2729 2682 Palaephat

1488 2694 1757 2740 sententiam
1780 2693 1921 2739 fuisse
1947 2709 1957 2736 ι
1985 2693 2130 2754 ἀροῢσι
2149 2689 2192 2736 δὲ
2218 2690 2394 2747 Λιδύην,
2413 2692 2468 2743 ὥς
2489 2693 2526 2738 οἱ
2545 2690 2640 2755 πιρὶ
2658 2691 2705 2740 τὸ

1485 2766 1669 2818 Ἄννωνα
1690 2771 1910 2831 ἱστοροῦσι,
1926 2766 2002 2824 τὴν
2026 2765 2133 2812 κατὰ
2161 2768 2213 2813 Κ.

1553 2854 1610 2900 [12
1622 2883 1632 2894 .
1651 2845 1879 2891 Hactenus
1895 2844 1952 2891 de
1970 2843 2305 2905 geographicis.
2320 2842 2527 2890 Transeo
2543 2843 2601 2890 ad
2616 2843 2703 2892 reli
2721 2890 2725 2895 Α

1487 2940 1578 2986 qua
1592 2934 1864 2979 commenta,
1889 2921 2061 2983 quibus
2086 2921 2324 2967 Hannonis
2348 2921 2553 2969 narratio
2569 2935 2679 2968 ansa
2731 2982 2734 2989 ἢ

1486 2999 1702 3062 praebuit.
1731 2999 1783 3044 ln
1800 2998 1950 3044 insula
1970 2997 2026 3042 ad
2048 2997 2253 3059 Hesperu
2271 3012 2416 3043 cornu
2440 2996 2570 3056 ignes
2587 3004 2723 3043 noct·

1484 3076 1886 3134 Carthaginienses
1914 3084 2274 3135 conspexerant3
2312 3072 2435 3133 apud
2472 3070 2713 3120 Diodoro
2739 3072 2742 3110 ’Ξ

1484 3151 1516 3198 l.
1541 3151 1571 3197 1.
1594 3150 1814 3212 Hesperia
1837 3149 1973 3194 habet
2004 3164 2167 3207 magna
2200 3146 2325 3209 πυρὸς
2355 3144 2645 3210 ἐκφυσήματα.
2706 3160 2730 3185 ι’·

1483 3226 1643 3272 Theon
1667 3227 1899 3271 ochcmate
1934 3225 2136 3270 flammas
2161 3225 2381 3270 micantes
2404 3222 2567 3268 Hanno
2586 3217 2682 3286 vid
2747 3213 2750 3239 ‘³

1484 3314 1579 3360 rat;
1604 3303 1798 3365 posteris
1821 3302 1928 3347 inde
1957 3302 2005 3346 fit
2033 3316 2165 3347 mons
2203 3299 2482 3360 ignivomus.
2505 3297 2697 3347 Gorillae
2723 3299 2725 3301 ’
2753 3331 2755 3358 3

1485 3395 1584 3441 quae
1615 3379 1663 3424 in
1700 3387 1992 3439 conspectum
2020 3385 2264 3431 venerant,
2301 3373 2520 3435 majorem
2548 3385 2677 3436 parte
2706 3398 2712 3414 ι
2753 3405 2754 3408 =

1484 3464 1614 3501 erant
1646 3453 1856 3508 semino:;
1883 3451 1990 3497 hinc
2022 3451 2102 3496 alii
2128 3449 2604 3506 fabulantur-seminas
2628 3454 2733 3495 εἰη

1483 3536 1598 3576 coitu
1614 3534 1800 3573 'narium
1831 3543 1913 3571 sua
1933 3537 2087 3587 sponte
2102 3525 2329 3583 secundas
2358 3525 2371 3585 (
2394 3523 2511 3570 Mela
2530 3521 2616 3579 ΙΙΙ,
2642 3524 2700 3585 9)
2754 3578 2756 3592 2

1484 3605 1562 3651 alii
1586 3603 1693 3655 ἔθνος
1709 3601 2157 3664 γυναικοκρατούμενον
2178 3601 2411 3660 lingentes,
2429 3613 2488 3645 ex
2506 3597 2613 3644 Asia
2632 3595 2693 3644 hu
2707 3620 2727 3637 ν

2668 3675 2670 3678 ,
2712 3665 2734 3689 Α,
2754 3668 2756 3697 3

2747 4018 2751 4046 l
