2782 4348
144 173 231 214 178

544 216 591 260 Ο

15 278 128 320 mod.
139 268 439 332 πλησιόχωροι.
501 265 592 322 Τὴν
628 266 671 312 δὲ
706 263 848 328 χώραν
881 261 1084 324 κατέσχον
1115 260 1263 324 τοιῷδέ
1292 279 1372 308 τινι

141 338 284 402 τρόπῳ
298 352 311 363 ·
338 339 380 383 ἐν
404 339 465 399 τῷ
489 335 664 398 πρόσθεν
697 332 881 395 λεχθέντι
907 331 1135 379 Φοινικῶνι
1155 331 1377 377 συντελου-

142 408 267 469 μένης
289 406 559 470 πανηγύρεως
586 403 931 461 πενταετηρικῆς,
954 397 1127 463 ἐφοίτων
1156 400 1375 463 πανταχό-

142 483 208 526 θεν
227 481 266 526 οἱ
287 477 507 540 περίοικοι,
534 473 734 532 καμήλων
760 463 806 515 εῧ
822 466 1117 531 τεθραμμένων
1139 467 1376 531 ἕκατόμόας

101 565 124 594 ι.
142 551 227 600 τοῖς
244 549 285 594 ἐν
307 550 366 610 τῷ
387 544 547 604 τεμένει
576 544 679 591 θεοῖς
699 538 911 594 θύσοντες,
932 535 1085 597 ὁμοίως
1115 535 1159 583 δὲ
1189 537 1264 584 καὶ
1284 540 1368 585 τῶν

142 617 300 663 ὑδάτων
321 617 402 660 τῶν
425 613 466 665 ἐξ
489 612 615 657 αὐτοῦ
644 610 879 666 κομιοῦντες
906 606 965 659 εἷς
982 605 1057 659 τὰς
1086 605 1287 668 πατρίδας
1306 606 1375 655 διὰ

141 685 188 731 τὸ
218 682 514 746 παραδίδοσθαι
546 681 667 723 τοῦτο
691 675 738 721 τὸ
774 673 899 721 ποτὸν
932 675 1262 738 παρασκευάζειν
1292 682 1376 728 τοῖς

141 748 533 814 προσενεγκαμένοις
560 746 636 801 τὴν
670 744 843 806 ὑγίειαν.
911 743 993 791 Διὰ
1027 744 1079 800 δὴ
1115 744 1268 797 ταύτας
1302 746 1376 798 τὰς

140 821 270 872 αἰτίας
289 822 370 865 τῶν
391 818 643 879 Μαρανιτῶν
671 813 1019 870 καταντησάντων
1053 815 1109 866 εἰς
1133 812 1208 870 τὴν
1236 813 1372 871 πανή·

80 906 118 936 ιυ
138 907 271 951 γυριν,
295 889 333 934 οἱ
356 886 620 949 Γαρινδανεῖς
636 882 729 935 τοὺς
751 882 826 944 μὲν
857 881 1234 944 ἀπολελειμμένους
1256 884 1297 928 ἐν
1322 885 1374 944 τῇ

137 957 254 1020 χώρα
277 953 630 1019 κατασφάξαντες,
643 952 737 1005 τοὺς
757 953 793 998 δ’
811 954 858 999 έκ
875 955 949 1009 τ’ῆς
966 951 1235 1015 πανηγύρεως
1256 952 1377 998 ἐπαν-

140 1028 270 1079 ιόντας
291 1024 595 1088 ἐνεδρεύσαντες
627 1022 879 1086 διέφθειραν·
913 1021 1202 1086 ἐρημώσαντες
1224 1020 1269 1067 δὲ
1299 1019 1375 1078 τὴν

140 1094 281 1158 χώραν
305 1097 386 1140 τῶν
404 1093 648 1157 οἰκητόρων,
667 1089 1061 1155 κατεκληρούχησαν
1084 1090 1206 1138 πεδία
1224 1107 1378 1154 καρπο·

143 1167 246 1229 φόρα
281 1164 353 1211 καὶ
388 1164 518 1224 νομὰς
550 1163 633 1216 τοῖς
674 1162 843 1218 κτήνεσι
881 1162 1068 1225 δαψιλεῖς
1108 1159 1374 1224 ἐκτρέφοντα.

79 1247 119 1279 1⁵
142 1233 259 1291 Αὕτη
283 1235 319 1280 δ’
343 1237 369 1291 ἢ
390 1233 592 1297 παράλιος
613 1231 782 1293 λιμένας
805 1229 880 1292 μὲν
903 1230 1062 1292 ὀλίγους
1086 1229 1109 1276 ἔ
1138 1248 1195 1289 ει,
1218 1229 1378 1287 διείλη-

142 1322 245 1350 πται
277 1301 320 1349 δὲ
353 1302 465 1364 ὄρεσι
497 1302 664 1355 πυκνοῖς
695 1301 768 1347 καὶ
798 1299 1010 1361 μεγάλοις,
1035 1298 1077 1353 ἐξ
1132 1319 1153 1345 ν
1181 1298 1380 1351 παντοίας

142 1372 351 1426 ποικιλίας
386 1372 625 1435 χρωμάτων
667 1370 821 1433 ἔχουσα
870 1369 1113 1430 θαυμαστὴν
1150 1369 1379 1433 παρέχεται

143 1442 240 1490 θέαν
263 1445 348 1495 τοῖς
382 1441 691 1506 παραπλέουσι.
761 1438 1112 1502 Παραπλεύσαντι
1142 1438 1186 1485 δὲ
1222 1438 1377 1493 ταύτην

141 1511 218 1570 τὴν
239 1511 382 1576 χώραν
402 1512 614 1574 ἐκδέχεται
639 1510 790 1562 κόλπος
816 1508 1059 1566 Λαιανίτης,
1091 1507 1380 1573 περιοικούμε-

82 1598 126 1629 20
142 1601 209 1635 νος
237 1583 412 1633 πολλαῖς
446 1580 608 1641 κώμαις
630 1579 671 1627 Ἀ
681 1579 817 1643 ράὸων
852 1582 933 1625 τῶν
960 1578 1376 1641 προσαγορευομένων

139 1649 416 1699 ·Να6αταίων.
486 1642 616 1698 Οὗτοι
634 1646 677 1695 δὲ
698 1648 854 1705 πολλὴν
874 1648 949 1708 μὲν
977 1652 1050 1705 τῆς
1077 1648 1283 1712 παραλίου
1311 1648 1378 1693 νέ-

145 1738 306 1780 μονται,
326 1721 399 1766 οὖκ
415 1718 558 1781 ὀλίγην
577 1718 619 1764 δὲ
644 1718 715 1764 καὶ
733 1721 807 1774 τῆς
834 1719 891 1771 εἷς
909 1717 1121 1779 μεσόγειον
1148 1716 1379 1775 ἀνηκούσης

144 1787 310 1850 χώρας,
333 1788 402 1835 τόν
427 1806 471 1834 τε
495 1787 595 1833 λαὸν
620 1785 829 1847 ἀμύθητον
857 1785 1019 1849 ἔχοντες
1039 1786 1109 1833 καὶ
1132 1786 1379 1849 θρεμμάτων

147 1858 299 1919 ἀγέλας
326 1857 525 1912 ἀπίστους
547 1857 631 1909 τοῖς
666 1855 882 1912 πλήθεσιν.
948 1854 1007 1903 Οἳ
1027 1854 1075 1902 τὸ
1107 1854 1181 1916 μὲν
1203 1856 1380 1903 παλαιὸν

77 1941 119 1975 aa
144 1926 287 1990 ἐξῆγον
311 1926 549 1989 δικαιοσύνῃ
566 1925 774 1990 χρώμενοι
797 1926 869 1972 καὶ
886 1932 974 1978 ταῖς
994 1925 1076 1971 ἀπὸ
1087 1928 1169 1971 τῶν
1193 1925 1381 1988 θρεμμά-

144 2015 227 2043 των
252 2003 420 2061 τροφαῖς
439 1997 684 2061 ἀρκούμενοι
696 2032 709 2056 ,
731 1995 897 2059 ὕστερον
921 1995 964 2042 δὲ
980 1998 1061 2041 τῶν
1076 1994 1158 2042 ἀπὸ
1177 1999 1248 2053 τῆς
1267 1995 1380 2042 Ἀλε-

146 2066 356 2130 ξανδρείας
377 2067 581 2131 βασιλέων
609 2066 774 2113 πλωτὸν
800 2067 883 2119 τοῖς
905 2066 1099 2130 ἐμπόροις
1117 2064 1380 2123 ποιησάντων

144 2136 214 2183 τὸν
235 2136 377 2201 πόρον,
402 2143 486 2191 τοῖς
499 2156 544 2184 τε
566 2141 813 2198 ναυαγοῦσιν
832 2134 1064 2181 ἐπετίθεντο
1085 2134 1157 2181 καὶ
1176 2134 1380 2198 λῃστρικὰ

147 2205 286 2270 σκάφη
338 2206 714 2261 κατασκευάζοντες
759 2203 978 2267 ἐλῄστευον
1020 2202 1112 2256 τοὺς
1155 2204 1381 2265 πλέοντας,

85 2295 126 2327 30
145 2274 391 2336 μιμούμενοι
429 2275 505 2330 τὰς
544 2274 790 2339 ἀγριότητας
817 2273 889 2320 καὶ
925 2274 1186 2337 παρανομίας
1221 2275 1303 2320 τῶν
1340 2276 1382 2320 ἐν

144 2348 204 2409 τῷ
233 2344 383 2409 Πόντῳ
400 2345 594 2409 Ταύρων·
620 2344 727 2407 μετὰ
751 2343 795 2390 δὲ
816 2347 949 2390 ταῦτα
977 2343 1197 2407 ληφθέντες
1219 2342 1297 2390 ὑπὸ
1318 2361 1383 2389 τε·

143 2416 347 2477 τρηρικῶν
383 2418 554 2479 σκαφῶν
596 2414 786 2477 πελάγιοι
823 2413 1114 2478 προσηκόντως
1154 2414 1385 2469 ἐκολάσθη-

146 2502 239 2531 σαν.

149 2652 232 2694 bet.
251 2654 309 2694 Ut
330 2662 467 2694 autem
487 2652 721 2709 complures
742 2652 872 2694 valles
894 2654 1034 2701 Mara,
1060 2653 1119 2693 sic
1132 2653 1254 2693 etiam
1275 2667 1388 2694 com-

147 2714 285 2770 plures
307 2715 416 2755 wadi
442 2714 683 2757 Glmrundel
701 2716 744 2756 in
763 2714 917 2758 Arabia
934 2716 1090 2756 Petraea
1122 2715 1389 2771 reperiuntur

151 2778 328 2833 (Ritter.
350 2779 468 2829 XIV,
492 2792 535 2833 p.
562 2779 822 2832 115).11—
841 2778 882 2819 3.
900 2776 1235 2833 πανηγύρεως
1267 2793 1387 2819 πεν-

147 2854 299 2892 ταετη
313 2855 334 2896 ρ
348 2843 422 2892 ικῆ
435 2842 478 2896 ς]
504 2841 823 2881 Pentaetericam
845 2838 936 2881 sesti
957 2839 1160 2881 rationem
1181 2840 1319 2881 nescio
1336 2854 1387 2881 an

147 2916 172 2944 ιι
203 2903 446 2945 Graecorum
480 2901 756 2943 celeberrimis
782 2901 1095 2943 solennitatibus
1117 2901 1168 2942 ad
1195 2902 1388 2944 Arabicas

147 2972 292 3007 auctor
321 2964 374 3007 de
412 2978 489 3006 suo
524 2964 793 3006 transtulerit.
828 2963 894 3006 Cs.
929 2964 1152 3005 Nonnosus
1185 2965 1226 3004 in
1264 2965 1385 3006 Phot.

147 3025 244 3070 cod'.
276 3027 300 3070 3
339 3027 446 3086 (Fr.
479 3026 587 3069 Hist.
621 3027 698 3078 IV,
723 3039 766 3082 p.
805 3028 917 3081 179)
947 3025 1064 3066 εΤῶν
1096 3024 1329 3080 Σαρακηνῶν
1352 3026 1389 3067 οἱ

147 3090 351 3143 πλεῖστοι,
372 3090 413 3131 οἵ
437 3105 477 3132 τε
502 3089 542 3132 ἐν
572 3092 630 3146 τῷ
663 3088 876 3130 Φοινικῶνι
897 3087 963 3129 καὶ
989 3087 1027 3129 οἱ
1060 3091 1129 3129 τοῦ
1152 3088 1391 3138 Φοινικῶνος

147 3153 307 3196 καὶτῶν
325 3152 628 3210 ὀνομαζομένων
647 3152 856 3208 Ταυρηνῶν
878 3150 979 3207 ὀρῶν
997 3150 1011 3208 (
1027 3150 1092 3193 Cf.
1118 3151 1263 3207 Djebel
1283 3154 1389 3194 Tau-

149 3231 251 3267 mn,
277 3215 331 3259 de
361 3230 448 3273 quo
476 3230 527 3259 ex
562 3214 805 3258 Robinsono
837 3214 1019 3256 Ritterus
1049 3214 1167 3266 x1v,
1201 3228 1244 3270 p.
1273 3215 1385 3271 260)

149 3277 336 3330 ἐπέκεινα,
358 3278 461 3335 ἰερόν
482 3294 519 3322 τι
541 3278 689 3334 χωρίον
712 3278 934 3335 νομίζουσιν
958 3274 1084 3334 ὁτῳδὴ
1116 3277 1214 3319 θεῶν
1233 3275 1387 3332 ἀνειμέ·

150 3356 234 3394 νον,
258 3342 324 3384 καὶ
347 3342 511 3385 ἐνταῦθα
550 3341 806 3398 συλλέγονται
829 3341 913 3384 κατ’
932 3339 1105 3384 ἐνιαυτὸν
1130 3340 1290 3383 ἕκαστον
1310 3340 1383 3390 δίς·

148 3400 205 3446 ὧν
234 3403 306 3457 τὴν
338 3404 405 3461 μὲν
431 3410 507 3447 τῶν
530 3404 783 3461 πανηγύρεων
807 3403 931 3447 αὗτῶν
955 3402 1031 3461 μὴν
1054 3403 1147 3453 ὅλος
1165 3405 1302 3460 μετρεῖ
1315 3418 1388 3446 πα-

150 3466 350 3521 ρατείνων,
373 3468 515 3522 σχεδόν
546 3483 619 3509 που
641 3471 710 3508 τοῦ
730 3466 841 3522 ἔαρος
861 3465 960 3508 κατὰ
980 3466 1025 3508 τδ
1060 3466 1176 3523 μέσον
1205 3465 1388 3522 τελουμί·

150 3541 238 3581 νην,
263 3529 328 3570 ὅτε
360 3529 427 3570 τὸν
461 3533 600 3585 ταῦρον
638 3529 660 3571 ὁ
690 3529 799 3582 ἥλιος
832 3527 1120 3585 ἐπιπορεύεται·
1154 3526 1180 3582 ἡ
1212 3527 1255 3571 δί
1282 3527 1390 3585 ἐτέρα

148 3589 358 3647 πανήγυρις
385 3592 471 3632 δυσὶ
505 3593 600 3647 μησὶ
629 3592 908 3648 παρατείνεται.
942 3590 1053 3634 Μετὰ
1072 3589 1220 3648 θερινὰς
1250 3590 1391 3648 τροπὰς

150 3652 290 3710 ἄγουσι
304 3653 462 3706 ταύτην.
486 3652 554 3695 Ἐν
574 3654 741 3706 ταύταις,
758 3654 866 3710 φησί,
889 3655 973 3704 ταῖς
990 3654 1248 3711 πανηγύρεσιν
1262 3654 1389 3697 πᾶσαν

151 3714 312 3772 ἄγουσιν
334 3714 505 3772 εἰρήνην,
527 3715 572 3757 οὗ
592 3716 683 3771 πρὸς
703 3717 899 3769 ἀλλήλους
922 3718 1059 3773 μόνον,
1081 3716 1187 3759 ἀλλὰ
1214 3716 1281 3759 καὶ
1299 3715 1391 3773 πρδς

152 3778 323 3828 ἅπαντας
338 3778 427 3828 τοὺς
446 3777 704 3835 ἐνδημούντας
728 3778 971 3834 ἀνθρώπους,
993 3779 1086 3835 φασὶ
1107 3778 1149 3821 δὲ
1167 3780 1229 3822 ὅτι
1251 3778 1318 3822 καὶ
1340 3777 1388 3821 τὶ

153 3838 267 3896 θηρία
283 3839 377 3897 πρὸς
394 3840 483 3890 τοὺς
511 3838 755 3896 ἀνθρώπους,
777 3840 822 3881 οὖ
846 3842 966 3897 μόνον
1004 3841 1045 3883 δὲ
1068 3841 1172 3883 ἀλλὰ
1207 3839 1275 3883 καὶ
1294 3838 1391 3883 αὖτᾶ

154 3903 246 3958 πρὸς
281 3901 455 3957 ἀλληλα.
488 3905 507 3957 ΙΙ
539 3927 597 3936 -
632 3908 674 3946 6.
710 3907 1022 3958 κομιοῦντες
1062 3904 1133 3954 εἰς
1169 3904 1257 3954 τὰς
1297 3917 1391 3947 πα·

155 3981 209 4021 τρ
224 3966 332 4016 [δας
352 3966 461 4009 κτλ.
483 3968 499 4023 ]
540 3985 557 4006 ι
579 3967 658 4009 Ein
687 3966 862 4008 Vorbild
886 3966 962 4009 der
984 3967 1263 4011 wausahrten
1287 3965 1391 4010 nach

154 4026 301 4069 Mekka
335 4027 421 4070 und
455 4028 550 4071 dem
577 4027 970 4072 Wunderbrunnen
1004 4031 1208 4073 Zemzem.
1234 4052 1251 4067 ι
1293 4030 1392 4071 nn-

1115 161 1195 207 Ex
1230 160 1307 207 AG
1315 161 1706 211 frumentun

2585 167 2673 227 (⁵7.)

1440 270 1702 326 gionemhoc
1721 281 1980 330 occuparunt
2002 273 2144 317 modo.
2203 275 2253 316 In
2276 274 2460 317 Palmeto
2479 282 2574 317 ante
2593 289 2679 319 me-
2743 304 2747 310 »
2772 309 2782 325 ,

1442 363 1605 399 morato
1634 355 1689 399 ad
1720 357 2033 414 quinquennem
2066 358 2156 401 sesti
2190 358 2467 401 celebritatem
2495 357 2683 416 undique
2724 343 2730 349 .

1442 442 1610 486 finitimi
1637 443 1954 496 conveniebant,
1986 453 2076 488 tum
2102 454 2149 488 ut
2170 446 2450 502 saginatomm
2472 446 2682 488 hecatem·
2779 502 2782 503 ⁷

1442 527 1516 570 bas
1533 528 1785 572 melorum
1811 529 1892 572 diis
1909 529 1991 572 luci
2016 530 2260 588 praesidibus
2282 531 2567 582 immolarent,
2594 540 2684 574 tum
2757 547 2780 594 .⁶-

1445 620 1491 654 ut
1508 612 1562 655 de
1580 614 1698 671 aquis
1719 613 1817 657 inde
1841 616 2158 659 scaturientibus
2175 616 2330 673 aliquid
2350 617 2393 659 in
2421 618 2595 674 patriam
2619 632 2684 659 re-
2774 626 2782 631 ·

1445 696 1625 751 ferrent,
1659 713 1837 756 quarum
1866 709 1971 758 potu
1999 702 2215 744 sanitatem
2231 702 2452 757 ,conciliari
2486 702 2683 745 traditum

1443 792 1563 827 esset.
1622 786 1742 829 Hauc
1776 786 1833 829 ob
1867 801 2033 831 eausam
2064 790 2280 831 Maranitis
2315 788 2368 831 ad
2398 789 2579 832 solemne
2621 804 2684 842 sa·

1444 881 1563 911 erum
1574 870 1788 926 profectis,
1805 871 2137 915 Garindanensoe
2150 872 2264 915 domi
2283 874 2445 917 relictos
2461 875 2683 926 trucidant,

1445 963 1487 997 et
1500 969 1525 996 a
1542 954 1648 998 sesto
1656 970 1825 1013 quoque
1840 970 2025 1000 reversos
2037 971 2113 1014 per
2128 958 2295 1002 insidias
2305 959 2485 1003 caedunt.
2547 964 2687 1016 Atque
2773 973 2782 1008 ς

1446 1042 1503 1085 ita
1521 1051 1630 1086 terra
1648 1043 1793 1086 ineolis
1823 1043 2005 1098 viduata,
2025 1059 2193 1102 campos
2212 1046 2301 1089 illos
2318 1046 2536 1103 frugiferos
2558 1058 2597 1091 et
2617 1063 2686 1107 pa-

1446 1147 1543 1175 scua
1562 1133 1755 1190 gregibus
1772 1142 1813 1176 et
1824 1134 2021 1176 armentis
2035 1134 2269 1176 nutriendis
2287 1143 2382 1192 apta
2395 1145 2507 1179 sorte
2521 1138 2628 1180 inter
2644 1154 2687 1180 se

1446 1221 1656 1265 dividunt.
1701 1225 1831 1266 Raros
1851 1232 1988 1265 tamen
2007 1223 2096 1266 haec
2113 1238 2187 1266 ora
2201 1231 2347 1280 portus
2360 1223 2499 1276 babet,
2521 1234 2691 1283 propter

1448 1313 1618 1357 crebros
1640 1321 1851 1355 vastorum
1887 1314 2094 1355 montium
2123 1314 2405 1366 intercursus;
2433 1287 2553 1356 unde
2569 1316 2692 1358 variis

1447 1410 1594 1445 ornata
1611 1401 1820 1444 coloribus
1835 1401 2057 1445 mirificum
2082 1403 2520 1460 praeternavigantibus
2539 1412 2693 1461 specta·
2766 1414 2782 1444 .²

1447 1492 1587 1535 culum
1625 1492 1795 1550 praebet.

1447 1584 1616 1640 excipit,
1641 1583 1782 1626 multis
1802 1583 1988 1627 Arabum
2010 1584 2124 1640 pagis
2143 1583 2446 1640 frequentatus,
2474 1599 2579 1641 quos
2607 1587 2690 1627 Na-

1855 1492 2039 1535 Ulterius
2071 1507 2310 1550 progressos
2344 1494 2459 1535 sinus
2493 1496 2693 1537 La-anitcs
2779 1498 2782 1499 ⁷

1447 1674 1600 1716 bataeos
1619 1681 1783 1715 vocant.
1843 1674 1898 1715 Hi
1920 1671 2097 1714 multum
2118 1671 2171 1715 ad
2204 1686 2342 1725 mare,
2365 1673 2545 1715 multum
2568 1675 2691 1716 etiam

1450 1764 1492 1804 in
1513 1762 1821 1804 mediterraneis
1843 1761 1921 1803 loci
1945 1761 2149 1803 obtinent.
2211 1761 2415 1818 Populosa
2432 1762 2545 1804 enim
2567 1770 2628 1804 est
2650 1771 2692 1804 et

1449 1866 1575 1908 supra
1606 1850 1780 1894 modum
1808 1865 2005 1908 pecorosa
2023 1851 2150 1906 regio.
2211 1850 2321 1893 Olim
2347 1850 2458 1907 juste
2479 1851 2698 1907 exigebant
2778 1852 2782 1884 ἲ

1450 1942 1576 1982 vitam
1599 1940 1803 1982 alimentis
1824 1954 1873 1981 ex
1894 1954 1940 1982 re
1957 1940 2147 1996 pecuaria
2162 1939 2369 1991 comeum
2386 1938 2457 1981 sed
2474 1947 2693 1995 postquam

1451 2030 1709 2073 Alexandriae
1720 2043 1834 2085 reges
1846 2028 2115 2084 navigabilem
2135 2027 2432 2071 mercatoribus
2450 2028 2587 2070 sinum
2602 2027 2696 2070 red-

1452 2119 1669 2172 diderant,
1693 2135 1780 2163 non
1812 2120 1940 2163 modo
1969 2120 2177 2175 naufragis
2213 2121 2299 2162 vim
2324 2119 2500 2162 intulere
2515 2150 2527 2171 ,
2553 2133 2697 2162 verum

1450 2210 1711 2267 praedatoriis
1729 2210 2053 2267 myoparonibus
2071 2209 2124 2251 de
2139 2208 2229 2251 aliis
2246 2210 2370 2251 etiam
2385 2209 2521 2251 nautis
2538 2209 2699 2266 praedas

1454 2316 1589 2357 egere,
1609 2302 1771 2343 Tauros
1793 2302 1917 2344 Ponti
1932 2300 2090 2343 accolas
2113 2300 2271 2343 feritate
2292 2299 2576 2357 scelerumque
2597 2314 2700 2343 ausu

1457 2392 1616 2434 nefario
1634 2393 1856 2435 imitantes.
1918 2391 1999 2435 Sed
2015 2390 2182 2435 tandem
2198 2391 2530 2448 quadriremibus
2541 2391 2701 2449 scaphis

1460 2482 1502 2524 in
1520 2483 1603 2525 alto
1621 2482 1765 2539 pelago
1784 2483 2007 2539 expugnati
2030 2483 2196 2524 meritas
2217 2480 2544 2539 dedere‘poenas.

1458 2668 1555 2694 ττιιι.
1578 2654 1705 2704 XIII,
1728 2655 1826 2708 774.
1847 2655 1864 2704 ΙΙ
1880 2676 1939 2684 -
1961 2665 2027 2694 12.
2050 2651 2355 2707 διέφθειραν]
2377 2649 2441 2692 Cf.
2461 2650 2604 2692 similis
2636 2663 2702 2691 ca·

1459 2716 1616 2758 lamitas
1633 2729 1726 2771 quae
1741 2714 1906 2757 Petraeis
1936 2728 2011 2770 per
2028 2715 2247 2770 panegyris
2281 2721 2443 2769 tempus
2460 2711 2609 2754 accidit
2629 2725 2696 2769 ap.

1452 2771 1635 2820 Diodor.
1661 2778 1779 2828 XIX,
1811 2776 1993 2831 93.11-
2011 2790 2077 2831 ¹9·
2099 2778 2127 2818 Λ
2142 2790 2258 2816 αιαν
2274 2775 2343 2828 ίτη
2358 2775 2406 2831 ς]
2427 2774 2494 2816 Sic
2513 2789 2564 2816 ex
2590 2774 2700 2818 Pho-

1459 2841 1519 2881 tio
1533 2842 1556 2893 S
1572 2842 1624 2894 89
1638 2838 1942 2894 Wesselingius
1953 2854 1964 2890 ς
1975 2838 2155 2890 Λαΐνίτης
2168 2836 2340 2879 Diodori
2361 2834 2486 2879 codd.
2504 2838 2615 2879 ABD
2630 2852 2698 2894 ap.

1461 2901 1674 2955 Dindorl'.,
1698 2900 1910 2954 Ἀλαινίτης
1929 2901 2068 2944 ceteri.
2092 2898 2178 2942 Εἶτ’
2195 2899 2217 2942 ὁ
2237 2898 2443 2952 Ἐλανίτης
2460 2898 2604 2949 κόλπος
2621 2903 2701 2943 Ar-

1460 2963 1654 3007 temidor.
1675 2978 1743 3021 ap.
1767 2963 1959 3006 Strabon.
1978 2962 1991 3020 (
2008 2964 2114 3005 sicut
2135 2962 2398 3018 Agathemer.
2419 2963 2461 3014 1,
2489 2962 2511 3003 3
2537 2969 2579 3004 et
2600 2963 2698 3005 Pto·

1460 3026 1623 3068 lemaeus
1663 3028 1719 3078 V,
1761 3039 1825 3081 ¹7·
1862 3027 1923 3067 VI
1937 3055 1948 3076 ,
1988 3038 2014 3067 α
2030 3028 2063 3080 ),
2104 3039 2358 3082 quamquam
2376 3055 2388 3077 ,
2423 3024 2558 3067 Plinio
2598 3032 2700 3067 teste

1460 3092 1476 3142 (
1489 3090 1565 3140 VI,
1587 3090 1673 3145 32)
1696 3087 1983 3132 Artemidorus
2013 3086 2266 3131 Alenieieum
2298 3088 2436 3130 sinum
2458 3085 2565 3129 dixit
2591 3100 2600 3128 z
2633 3087 2698 3130 Si·

1461 3166 1538 3192 nus
1562 3151 1759 3201 intumus,
1789 3151 1831 3193 in
1849 3166 1928 3208 quo
1955 3150 2151 3193 manicae
2165 3183 2175 3200 ,
2208 3150 2282 3207 qui
2311 3164 2452 3193 nomen
2470 3149 2510 3192 εἰ
2529 3148 2670 3191 dedere
2682 3169 2699 3201 ,-

1461 3213 1573 3266 regia
1584 3229 1718 3256 eorum
1728 3217 1845 3267 Agm
1862 3222 1901 3254 e!
1916 3213 1957 3254 in
1971 3212 2067 3255 sinu
2088 3216 2237 3255 [wana
2247 3212 2325 3263 vel,
2341 3221 2388 3255 ue
2402 3210 2495 3262 alii,
2515 3211 2669 3255 AElana
2684 3230 2699 3262 ‚-

1459 3291 1555 3318 nam
1576 3285 1616 3318 e!
1636 3276 1771 3334 ipsum
1791 3276 1929 3318 sinum
1945 3275 2077 3318 nostri
2093 3274 2366 3317 AElanieicum
2386 3274 2601 3332 scripsere,
2620 3273 2702 3318 alii

1460 3339 1743 3391 AEleniet'cum,
1779 3338 2066 3382 Artemidorus
2100 3338 2371 3389 Almiticum,
2391 3337 2503 3380 ,tuba
2528 3337 2700 3380 Laem'n'·

1459 3415 1566 3443 cum.
1596 3401 1707 3444 Urbs
1739 3400 1786 3443 τὰ
1817 3399 1969 3442 Anava
1990 3400 2204 3452 Straboni,
2227 3399 2376 3442 Ἐλάνα
2396 3398 2521 3449 Ptol..
2552 3396 2701 3454 Αἰλανή
2778 3416 2780 3420 ’

1458 3464 1629 3521 Josepb.
1646 3467 1698 3507 Λ.
1721 3465 1776 3506 G.
1795 3465 1913 3515 Vm,
1932 3468 1973 3514 6,
2002 3461 2176 3505 ’Λΐλανον
2198 3462 2341 3520 steph.
2365 3464 2432 3514 B„
2461 3460 2580 3510 Αίλὰς
2597 3462 2701 3504 Pro·
2715 3486 2725 3503 ΔιΧ

1459 3540 1554 3583 cop.
1575 3529 1623 3569 B.
1648 3529 1695 3570 P.
1712 3529 1748 3579 Ι,
1768 3541 1832 3581 19,
1858 3524 1984 3568 ’Λειλά
2007 3526 2252 3581 Pliilostorg.
2274 3525 2329 3567 H.
2350 3523 2467 3567 Ecol.
2489 3524 2574 3576 111,
2594 3536 2632 3565 c.
2654 3523 2697 3575 8.
2763 3555 2766 3558 Δ

1459 3588 1550 3631 Elat
1571 3589 1587 3646 (
1608 3580 1725 3641 „¹72⁸
1747 3592 2006 3645 >Deuteron.
2032 3591 2094 3640 11,
2117 3590 2166 3640 8,
2191 3601 2218 3630 α
2240 3595 2339 3638 etc.,
2363 3584 2485 3629 Αἶλὰθ
2504 3593 2545 3628 et
2571 3583 2699 3628 Αἰλών

1461 3652 1503 3693 in
1538 3652 1669 3694 Lxx.
1701 3653 1823 3694 Nunc
1846 3651 2007 3694 Acerba.
2031 3653 2163 3694 Vetus
2196 3664 2348 3692 nomen
2382 3649 2424 3692 in
2446 3652 2706 3706 eosuperett'
2749 3689 2754 3692 .,

1459 3713 1572 3770 quod
1606 3722 1737 3756 nautae
1766 3716 1881 3757 sinus
1914 3714 2078 3758 Arabici
2104 3721 2271 3756 ventum
2303 3726 2351 3755 ex
2388 3710 2603 3755 AElanitico
2699 3721 2706 3743 2

1460 3791 1574 3818 cessu
1599 3778 1762 3819 flantem
1791 3779 1807 3831 (
1822 3780 1877 3819 Ν.
1903 3780 1960 3820 Ν.
1985 3778 2067 3834 0.)
2093 3776 2192 3833 Ayli
2210 3776 2392 3830 vocant(
2407 3773 2553 3817 Bitter.
2578 3771 2709 3833 XIII-3
2744 3780 2751 3786 ”

1461 3840 1686 3953 Ξόίιῗξίίοεί,
1720 3839 1922 3958 '‘imum-{gv
1942 3839 2372 3957 τὶξέρρηςρὲἐτυριιηέινέξ
2393 3833 2750 3952 (ξεῐοέίίῗῐιίίῗιίῇ

1463 3968 1680 4019 τριηρικῶν.

2780 3139 2782 3142 Α
2754 2963 2782 3099 “*»“ψ·’
2760 2854 2782 2893 μᾷ,
2779 2821 2782 2844 ,Α
