2808 4342
167 211 259 252 ⁴10

165 302 237 350 τὸν
259 300 447 363 ποταμὸν
465 262 615 346 maga
641 297 712 358 ρν’,
744 295 861 355 μίλια
883 292 940 339 κ’.
1008 290 1108 340 Ἀπὸ
1129 290 1172 336 δὲ
1197 292 1406 354 Φιρμαν-

165 374 238 419 τοῦ
259 373 449 431 ποταμοῦ
478 370 536 421 εἰς
552 362 811 427 Φαρμακίαν
833 360 926 416 ἤτοι
948 357 1024 416 τὴν
1039 357 1267 420 λεγομένην
1286 362 1408 423 Φαρ-

173 438 312 485 οακίαν
347 437 496 484 στάδια
531 435 610 498 ρκ’,
650 433 768 492 μίλια
803 428 875 481 ις’.
957 427 1076 485 Αὕτη
1108 431 1135 484 ἡ
1182 430 1408 491 Φαρνακία

166 507 299 553 πάλαι
333 505 410 567 μὶν
442 506 653 566 Κερασοῦς
688 499 901 556 ἐκαλεῖτο,
939 495 1165 545 Σινωπέων
1197 497 1271 544 καὶ
1298 497 1406 556 αὕτη

122 591 144 620 ε
165 574 334 627 ἄποικος
358 573 597 635 (κτισθεῖσα
622 570 694 614 ὑπ’
727 569 862 614 αὐτῶν
883 566 914 630 ),
944 569 1038 614 καθ’
1072 567 1122 623 ἣν
1146 565 1295 631 ἔρημος
1323 586 1409 614 χει-

168 640 269 705 μέν-η
292 637 363 706 (ἧς
381 638 594 701 ἄντικρυς)
612 635 794 699 παρήκει
813 639 935 693 νῆσος
953 633 1107 699 Ἄρεως
1125 636 1343 698 λεγομένη.

227 726 285 757 ss.
324 709 423 756 Ἀπὸ
442 700 512 754 οὖν
532 704 780 770 Φαρνακίας
797 708 870 761 τῆς
885 705 957 751 καὶ
975 705 1109 751 πάλαι
1126 707 1410 772 Κερασοῦντος

163 776 237 829 lm<
261 775 435 833 πλησίον
466 776 689 839 Κοτυώρου
707 777 870 839 πρῶτον
891 773 1025 840 ᾤκουν
1049 774 1160 830 ἔθνος
1176 780 1214 823 οἱ
1237 777 1408 839 λεγόμε-

161 864 222 891 νοι
246 844 523 907 Μοσυνοικοὶ,
543 844 672 891 ἔθεσιν
693 845 833 906 νόμοις
851 863 896 891 τε
919 845 1053 909 ἔργοις
1069 864 1114 892 τε
1140 846 1407 910 βαρὸαρικώ·

104 932 142 963 ιο
165 932 295 961 τατου
315 915 416 979 φασὶ
444 915 528 978 γὰρ
551 917 594 961 ἐν
624 914 839 969 ξυλίνοισιν
856 916 1026 981 ὑψηλοῖς
1045 918 1083 961 τ’
1103 914 1210 976 ἄγαν
1238 916 1409 979 πύργοις

164 986 332 1031 ἐνοικεῖν
354 983 530 1042 πάντας,
547 986 589 1030 ἐν
605 987 769 1048 φανερῷ
789 986 824 1030 δ’
843 984 908 1030 ἀεὶ
930 983 1087 1031 ἕκαστα
1103 984 1315 1048 πράττειν·
1337 985 1407 1031 τὸν

162 1056 198 1100 δ’
216 1057 373 1100 ἑαυτῶν
391 1054 569 1117 βασιλέα
587 1053 822 1115 δεδεμένον,
840 1054 910 1117 [ἐν
926 1051 944 1118 ]
963 1053 1109 1119 πύργῳ
1130 1053 1239 1120 [τε]
1260 1073 1407 1116 συγκε-

161 1122 404 1185 κλεισμένον
440 1130 578 1188 τηρεῖν
623 1125 850 1184 ἐπιμελῶς,
886 1122 960 1181 τὴν
1009 1124 1210 1171 ἀνωτάτω
1257 1124 1407 1184 στέγην

162 1194 322 1258 ἔχοντα·
334 1202 417 1249 τοῖς
437 1198 659 1259 φρουροῦσι
678 1194 714 1240 δ’
734 1193 857 1239 αὐτὸν
871 1192 1063 1255 ἐπιμελὲς
1085 1186 1205 1252 εἶναι,
1224 1194 1409 1256 νομίμως

100 1278 138 1307 15
158 1263 227 1309 ἵνα
250 1263 388 1310 πάντα
413 1263 647 1326 προςτάττῃ
670 1269 816 1310 ποιεῖν·
837 1265 875 1311 εἰ
893 1262 936 1310 δὲ
966 1262 1208 1326 παραὸαίη,
1236 1264 1407 1311 κόλασιν

161 1336 286 1381 αὐτοῦ
304 1333 536 1395 λαμὸάνειν
561 1332 686 1397 φασὶν
706 1333 918 1396 μεγίστην,
955 1332 1015 1395 μὴ
1055 1334 1238 1387 διδόντας
1270 1334 1405 1398 [τὴν]

159 1421 184 1447 τ
211 1421 233 1448 ο
263 1422 332 1460 ην.

187 1421 283 1520 pst.
320 1472 421 1520 Ἀπὸ
456 1473 498 1519 δὲ
529 1471 778 1537 Φαρνακίας
811 1474 868 1525 εἰς
900 1471 974 1529 τὴν
1008 1472 1228 1536 Ἀρητιάδα
1261 1475 1406 1530 νῆσον,

161 1539 340 1603 ἔχουσαν
365 1540 548 1606 ὕφορμον
573 1548 655 1595 τοῖς
679 1541 748 1605 ἀφ’
771 1541 947 1604 ἑσπέρας
974 1539 1163 1600 ἀνέμοις,
1189 1539 1338 1587 στάδια
1351 1540 1406 1599 λ’,

96 1631 140 1660 20
166 1610 285 1669 μίλια
307 1608 342 1656 δ’
368 1609 512 1671 (Αὕτη
536 1615 560 1667 ἡ
585 1610 774 1675 Ἀρητιὰς
796 1613 916 1667 νῆσος
948 1610 1114 1672 λέγεται
1135 1606 1288 1675 Ἄρεως
1315 1609 1407 1667 ἤτοι

167 1679 421 1743 Ἀρεώνησος
443 1681 472 1744 ).
496 1681 597 1729 Ἀπὸ
622 1682 664 1727 δὲ
688 1685 760 1738 τῆς
779 1680 1021 1745 Ἀρητιάδος
1039 1680 1168 1738 νήσου
1193 1682 1248 1733 εἷς
1269 1679 1407 1745 Ζεφύ-

162 1767 247 1814 ριον
284 1749 438 1814 χωρίον
478 1751 626 1796 στάδια
672 1751 754 1814 ρκ’,
792 1752 910 1811 μίλια
956 1750 1027 1803 ις’·
1071 1752 1245 1796 ἐνταῦθα
1283 1748 1408 1812 ὅρμος

164 1819 325 1869 ναυσίν.
396 1818 496 1866 Ἀπὸ
522 1819 564 1866 δὲ
588 1820 791 1883 Ζεφυρίου
817 1818 972 1883 χωρίου
990 1821 1048 1871 εἰς
1069 1819 1270 1880 Τρίπολιν
1302 1818 1405 1863 στά-

165 1888 233 1934 δια
252 1888 314 1949 ζ’,
331 1887 450 1949 μίλια
468 1888 540 1937 ιδ’.
608 1888 709 1936 Ἀπὸ
726 1888 769 1934 δὲ
785 1890 825 1935 Τ
828 1888 1026 1951 ριπόλεως
1038 1890 1094 1940 εἷς
1111 1886 1288 1950 Ἀργυρὰ
1305 1887 1409 1933 στά-

98 1971 140 2002 2⁸
162 1958 230 2004 δια
248 1956 307 2015 κ’,
327 1957 448 2018 μίλια
470 1956 526 2020 β’,
550 1958 590 2003 ι’
617 1958 673 2010 ς’.
740 1957 841 2004 Ἀπὸ
859 1957 900 2003 δὲ
920 1960 1001 2003 τῶν
1021 1957 1226 2020 Ἀργυρῶν
1240 1958 1295 2009 εἷς
1318 1958 1406 2004 Φι-

166 2026 389 2073 λοκάλειαν
410 2027 560 2072 στάδια
581 2027 633 2087 ζ’,
654 2026 773 2087 μίλια
803 2025 872 2074 ιδ’.
941 2026 1040 2072 Ἀπὸ
1059 2025 1102 2073 δὲ
1126 2025 1409 2078 Φιλοκαλείας

165 2096 223 2148 εἰς
256 2094 459 2159 Κόραλλα
483 2095 631 2143 στάδια
656 2095 714 2158 ρ’,
756 2097 874 2157 μίλια
901 2094 969 2158 ιγ’,
992 2095 1050 2157 γ’.
1118 2095 1220 2142 Ἀπὸ
1240 2094 1283 2141 δὲ
1325 2098 1410 2143 Κο-

166 2164 331 2229 ράλλων
367 2167 424 2219 εἷς
445 2167 744 2227 Κερασοῦντα,
770 2165 891 2211 πόλιν
916 2165 988 2211 καὶ
1017 2164 1234 2227 ποταμὸν,
1261 2165 1410 2212 στάδια

164 2231 215 2291 ξ’,
238 2233 358 2295 μίλια
380 2232 441 2291 η’.
511 2232 614 2280 Ἀπὸ
638 2232 681 2279 δὲ
702 2235 988 2296 Κερασοῦντος
1011 2235 1069 2285 εἰς
1094 2232 1221 2297 Ἱερὸν
1244 2232 1349 2297 ὄρος,
1368 2235 1410 2279 ἐν

100 2322 144 2354 ao
164 2295 199 2366 ᾧ
216 2302 287 2349 καὶ
308 2304 427 2356 πόλις
447 2301 519 2348 καὶ
537 2301 743 2367 ὕφορμος,
766 2301 913 2349 στάδια
939 2301 992 2363 ζ’,
1014 2301 1132 2364 μίλια
1155 2301 1228 2351 ιδ’.
1296 2301 1408 2350 Ἀπὸ

164 2371 207 2419 δὲ
249 2371 380 2435 Ἱεροῦ
403 2371 520 2436 ὄρους
549 2375 606 2425 εἰς
631 2372 849 2436 Κορδύλην
879 2372 1053 2436 χωρίον,
1087 2374 1129 2418 ἐν
1161 2365 1195 2436 ᾧ
1230 2371 1303 2419 καὶ
1338 2371 1408 2436 ὅρ-

165 2461 238 2503 μος
271 2442 385 2504 ἐστὶ,
409 2443 559 2489 στάδια
583 2441 650 2503 μ’,
691 2442 809 2504 μίλια
844 2442 894 2500 ε’,
919 2443 976 2506 γ’.
1044 2442 1144 2490 Ἀπὸ
1170 2442 1213 2489 δὲ
1239 2442 1411 2506 Κορδύ-

164 2511 239 2567 λης
274 2512 331 2565 εἷς
354 2510 571 2574 Ἑρμύσην
596 2511 699 2572 (καὶ
723 2514 842 2575 δεῦρο
868 2511 1018 2576 ὅρμος)
1052 2513 1200 2559 στάδια
1234 2511 1306 2573 μ’,
1342 2512 1412 2574 μί-

163 2582 233 2626 λια
251 2580 302 2640 ε’,
317 2580 374 2643 γ’.
445 2581 545 2628 Ἀπὸ
564 2580 607 2627 δὲ
635 2581 849 2645 Ἑρμύσης
880 2585 936 2636 εἷς
957 2582 1078 2629 πόλιν
1097 2585 1409 2646 Τραπεζοῦντα,

101 2661 143 2691 2³
165 2650 206 2695 ἐν
230 2643 258 2710 ᾗ
291 2648 415 2710 ὅρμος
444 2650 663 2711 λεγόμενος
685 2656 896 2715 Δαφνοῦς,
925 2653 1073 2698 στάδια
1107 2652 1138 2706 ξ’
1155 2688 1167 2710 ,
1202 2651 1319 2713 μίλια
1344 2652 1404 2708 η’.

166 2719 430 2779 Τραπεζοῦς,
455 2720 572 2773 πόλις
606 2721 823 2782 Ἑλληνὶς,
860 2724 1082 2769 Σινωπέων
1117 2722 1310 2782 ἄποικος,
1340 2721 1410 2767 ἐπὶ

167 2787 356 2850 θαλάσσῃ
380 2788 608 2851 ᾠκισμένη.

230 2872 292 2904 ³7·
324 2856 426 2903 Ἀπὸ
444 2852 513 2904 οὖν
524 2861 833 2920 Τραπεζοῦντος
842 2859 917 2914 ἕως
932 2866 1004 2917 τῆς
1023 2861 1256 2925 Ἀρητιάδος
1267 2861 1410 2920 νήσου,

166 2924 269 2988 [καὶ
293 2926 539 2988 Φαρνακίας
558 2931 630 2983 τῆς
647 2929 662 2989 ]
681 2928 752 2974 καὶ
772 2929 901 2974 πάλαι
925 2933 1227 2993 Κερασοῦντος,
1246 2934 1409 2992 πρῶτον

102 2992 299 3057 ὀθῷκουν
331 2994 440 3048 Ῐθνος
474 2998 512 3042 οἳ
552 2998 763 3059 λεγόμενοι
802 2999 1028 3063 Μάκρωνες
1059 3000 1150 3056 ἤτοι
1193 3001 1409 3063 Μακροκέ·

166 3065 305 3128 φαλω.

166 3220 222 3260 V.
252 3220 395 3277 steph.
421 3221 547 3263 Thes.
578 3236 641 3278 gr.
669 3237 707 3264 v.
729 3223 960 3279 Τραπεζοῦς.
991 3225 1009 3280 ΙΙ
1035 3249 1092 3256 -
1121 3238 1157 3266 1.
1188 3225 1404 3281 Φαρματη·

168 3283 236 3324 νὸν
271 3284 489 3327 Arrianus.
520 3286 537 3341 ΙΙ
569 3299 687 3329 ——2.
708 3286 1044 3344 Φαρμακίαν]
1080 3288 1237 3333 vitiato
1271 3288 1411 3344 aliquo

167 3344 276 3388 libro
314 3361 519 3391 ususesse
551 3350 798 3406 Anonymus
824 3349 1003 3393 videtur.
1050 3350 1067 3406 11
1113 3374 1170 3383 -
1203 3350 1244 3392 5.
1281 3365 1413 3392 κτισ·

169 3408 308 3450 θιῖσα
337 3408 411 3452 ὕπ’
441 3410 632 3469 αὗτῶν]
657 3412 871 3467 glossema,
895 3421 942 3455 ut
965 3411 1144 3465 videtur,
1170 3413 1288 3456 sicuti
1311 3427 1411 3456 mox

168 3465 214 3523 ’ἧς
234 3471 407 3528 ἄντικρυς
430 3473 559 3528 glossa
583 3483 645 3516 αἱ
662 3475 714 3517 ad
743 3475 867 3517 verba
885 3477 971 3517 καθ’
995 3475 1057 3529 ἦν.
1091 3476 1109 3532 ΙΙ
1131 3500 1187 3509 -
1204 3470 1309 3518 καθ’
1328 3476 1376 3530 ἣν
1395 3476 1411 3533 ]

169 3533 255 3574 καθ’
278 3533 321 3581 ἃς
345 3533 494 3577 eodex.

228 3597 253 3649 S
279 3599 348 3646 8⁵,
374 3596 401 3638 Ι.
427 3613 469 3651 9.
503 3597 625 3639 ἔθεσιν
662 3600 786 3656 ὠμοῖς
818 3598 944 3656 ἔργοις
980 3600 1226 3658 βαρὸαρικοῗς
1256 3598 1413 3653 eodex;

172 3655 361 3700 Bolston.
392 3659 448 3700 V.
476 3661 641 3715 Scymn.
669 3677 706 3702 v.
739 3676 835 3717 901.
869 3665 885 3717 ΙΙ
911 3687 967 3695 -
1005 3677 1069 3705 11.
1102 3663 1144 3704 δ’
1177 3661 1282 3720 ἀεὶ]
1303 3661 1344 3705 δὲ
1369 3663 1415 3704 ἂν

173 3717 392 3772 cod.;aem.
412 3721 599 3764 Holsten.
628 3726 644 3779 ῃ
664 3749 719 3756 -
747 3740 809 3767 12.
833 3726 872 3767 δὲ
890 3725 1013 3768 αὗτῶν
1035 3725 1193 3779 codex;
1212 3726 1416 3769 0111.Μεί-

175 3781 294 3825 nelte.
321 3784 339 3839 ΙΙ
363 3807 423 3816 —
449 3796 516 3827 12.
533 3786 693 3828 Inclusa
712 3788 847 3844 suppl.
863 3789 1048 3831 Holsten.
1070 3792 1087 3845 u
1111 3814 1167 3821 —
1186 3790 1251 3831 15.
1274 3787 1344 3846 εἰ]
1369 3789 1415 3830 ἂν

173 3844 288 3898 cod.;
311 3860 394 3889 em.
425 3848 652 3891 Letronne.
678 3851 783 3891 Dein
812 3853 1038 3906 προστάττει
1070 3852 1186 3903 cod.;
1206 3850 1414 3895 em.Gail.

229 3910 254 3962 S
271 3908 381 3961 36,1.
395 3911 462 3952 18.
484 3908 655 3967 Ἀρτιάδα
667 3910 781 3962 cod.;
798 3927 878 3954 em.
895 3914 1085 3956 Hudson.
1106 3916 1197 3970 11-
1211 3929 1276 3970 19.
1291 3914 1360 3971 λ’]
1383 3913 1419 3957 ν’

175 3969 334 4022 codex3
370 3973 517 4014 vitium
555 3974 690 4029 arguit
726 3974 885 4016 milium
911 3990 1110 4018 numerus
1134 3986 1173 4018 et
1206 3978 1261 4020 30
1288 3976 1418 4019 stadia

175 4041 418 4088 computans
432 4035 648 4078 Arrianus.
666 4037 684 4092 ss
699 4060 755 4069 —
767 4050 835 4080 20.
858 4037 926 4094 Ἄρ
942 4053 1024 4087 εως
1036 4040 1050 4095 ]
1063 4038 1197 4095 ἅρδους
1209 4038 1417 4092 cod.;em.

1325 191 1616 240 ANONYMI

2562 199 2632 259 (12,
2646 203 2720 264 ts.)

1479 301 1518 342 A
1537 298 1791 342 Phar-manto
1818 300 1947 342 fluvio
1973 300 2330 348 adama-mucium
2349 307 2433 347 sive
2449 306 2738 351 Pharnaclam-

1476 378 1722 436 appellatam
1742 378 1875 422 stadia
1894 393 1987 432 120,
2006 373 2120 424 milia
2144 387 2195 427 16
2226 383 2297 443 (B
2317 386 2514 445 Menippo
2529 390 2562 442 ).
2623 390 2721 431 Hzee
2738 389 2750 418 ¹
2769 440 2771 443 .
2790 399 2808 447 Ἰ

1477 461 1707 504 Pharnacia
1719 461 1819 503 olim
1834 462 2009 504 Cerasus
2023 462 2263 517 voe-batur,
2278 464 2567 525 Sinopensium
2578 478 2618 510 et
2635 471 2720 527 ipsa
2746 460 2770 494 ·¹
2803 508 2808 514 2

1476 542 1640 585 colonia
1655 543 1673 598 (
1689 546 1759 586 Ex
1776 543 1959 586 Arriano
1974 545 1991 598 )
2006 559 2018 594 ;
2035 542 2154 599 cujus
2173 544 2218 586 in
2238 538 2462 603 conspeetu
2477 549 2720 594 obtenditur
2787 563 2808 593 1¹

1479 629 1611 674 insula
1631 629 1814 682 deserta,
1838 633 1983 673 Martis
2001 631 2111 674 dicta
2129 632 2143 689 (
2158 636 2197 675 B
2211 634 2367 691 μνὰς.
2390 634 2518 678 iamb.
2539 642 2672 694 912).

1534 717 1604 759 35.
1626 721 1661 760 A
1684 717 1912 762 Pharnaeia
1926 749 1938 769 ‚
1962 717 2060 759 olim
2080 706 2330 772 Gerasam,
2357 735 2488 777 usque
2508 722 2561 764 ad
2588 724 2720 768 vicina

1478 794 1662 851 Cotyoro
1683 795 1799 852 prius
1819 795 2179 852 Mosynworum,
2204 805 2250 838 ut
2285 806 2501 849 vocantur,
2527 813 2626 853 gens
2646 799 2721 844 ha·

1477 869 1624 912 bitavit
1638 901 1650 921 ,
1674 871 1883 923 moribus,
1908 859 2067 927 leg'ibus
2095 873 2298 931 factisque
2323 876 2501 917 maxime
2523 875 2719 930 barbarag

1476 960 1575 988 nam
1590 945 1744 1001 ligneas
1766 954 1808 989 et
1824 946 2069 991 editissimas
2082 949 2268 992 habitare
2292 959 2427 994 turres
2447 952 2652 1005 seruntur,
2676 955 2720 997 in

1476 1030 1619 1079 aperto
1637 1031 1775 1065 autem
1794 1038 1858 1066 res
1876 1024 2078 1080 quaslibet
2094 1039 2314 1082 ρει-1180103
2337 1036 2427 1070 111111
2446 1043 2584 1085 regem
2598 1045 2719 1073 suum

1478 1099 1651 1141 vinculis
1665 1101 1935 1143 constrictum
1952 1109 1994 1143 et
2008 1109 2124 1144 turre
2137 1101 2321 1144 clausum
2335 1103 2480 1147 sedulo
2493 1107 2719 1158 custodire,

1477 1178 1692 1233 superiora
1707 1177 1859 1219 domus
1886 1186 2185 1235 occupantem;
2212 1179 2454 1222 custodibus
2480 1196 2579 1225 vero
2610 1198 2721 1227 eurae

1475 1268 1564 1295 esse
1577 1287 1589 1305 ,
1612 1263 1660 1296 ut
1677 1263 1827 1297 cuncta
1846 1255 2026 1311 legitime
2045 1256 2132 1299 fieri
2151 1255 2318 1312 jubeat3
2347 1258 2381 1298 si
2399 1267 2547 1301 contra
2561 1273 2586 1302 a
2607 1269 2722 1304 recto

1475 1331 1740 1382 aberraverit,
1759 1347 1923 1390 poenam
1942 1333 1994 1375 ab
2010 1333 2080 1375 illo
2101 1334 2231 1391 repeti
2247 1334 2363 1378 aiunt
2385 1337 2608 1380 maximam
2629 1337 2723 1382 cibo

1476 1406 1678 1464 denegato
1701 1410 1773 1463 (E
1788 1410 1943 1467 μνέες.
1966 1410 2092 1453 iamb.
2114 1426 2297 1467 9⁰¹·9¹¹
2318 1416 2352 1468 ).

1532 1488 1569 1527 A
1596 1485 1824 1529 Pharnacia
1852 1486 1906 1528 ad
1936 1487 2173 1530 Aretiadem
2196 1490 2393 1541 insulam,
2419 1490 2490 1532 ubi
2519 1494 2641 1534 statio
2663 1502 2723 1535 eet

1476 1561 1650 1603 navibus
1678 1576 1703 1603 a
1739 1562 1870 1603 ventis
1895 1562 2080 1605 occiduis
2114 1573 2223 1615 111111,
2250 1566 2381 1609 stadia
2416 1569 2492 1618 50,
2523 1570 2632 1612 inilia
2670 1573 2720 1621 [ις

1476 1639 1564 1681 haec
1581 1640 1742 1681 Aretias
1761 1638 1915 1681 dicitur
1942 1641 2086 1682 Martis
2106 1641 2237 1683 insula
2254 1644 2339 1684 sive
2362 1647 2610 1687 Areonoeus.
2658 1647 2724 1689 Ab

1476 1714 1672 1758 Aretiade
1705 1715 1837 1758 insula
1858 1715 1911 1758 ad
1933 1716 2185 1773 Zephyrium
2216 1719 2425 1761 castellum
2462 1721 2593 1764 stadia
2627 1736 2720 1775 120,

1477 1792 1591 1834 milia
1619 1796 1695 1844 16;
1717 1792 1772 1834 ibi
1809 1794 1931 1842 statio
1964 1794 2149 1835 navium.
2188 1798 2220 1837 A
2245 1796 2451 1852 Zephyrio
2483 1798 2648 1841 castello
2669 1798 2724 1842 ad

1478 1868 1670 1926 Tripolin
1695 1869 1827 1912 stadia
1861 1884 1942 1924 90,
1975 1870 2085 1912 milia
2121 1884 2186 1913 12.
2247 1876 2283 1914 A
2305 1874 2463 1929 Tripoli
2487 1874 2541 1916 ad
2565 1878 2724 1932 Argyra

1477 1944 1607 1987 stadia
1628 1958 1699 1997 20,
1722 1946 1834 1988 milia
1852 1959 1878 1988 2
1903 1950 1935 1997 ξ.
1996 1946 2063 1989 Ab
2088 1948 2257 2003 Argyris
2279 1948 2331 1989 ad
2351 1949 2622 1992 Philocaleam
2644 1959 2726 1994 sta-

1482 2021 1551 2063 dia
1570 2035 1640 2077 90,
1662 2022 1774 2064 milia
1798 2035 1862 2064 12.
1923 2025 1958 2065 A
1979 2022 2208 2065 Philocalea
2226 2023 2278 2066 ad
2301 2025 2459 2067 Coralla
2476 2025 2607 2068 stadia
2629 2040 2720 2077 100.

1479 2098 1591 2140 milia
1614 2099 1663 2140 13
1682 2103 1714 2155 3.
1776 2101 1813 2141 A
1833 2098 2003 2142 Corallis
2028 2098 2081 2142 ad
2108 2101 2374 2143 Cerasuntem
2409 2102 2554 2145 urbem
2586 2111 2628 2145 et
2650 2104 2726 2145 ssu-

1481 2176 1593 2217 vium
1613 2174 1744 2217 stadia
1769 2179 1837 2227 60,
1862 2175 1974 2218 111ἰ1ἰ11
1993 2178 2035 2219 8.
2070 2179 2105 2219 A
2126 2178 2352 2221 Cerasunte
2373 2178 2426 2221 ad
2445 2180 2603 2222 Hieron
2623 2181 2725 2235 (Sa-

1478 2253 1628 2306 crum)
1653 2260 1862 2303 montem,
1890 2252 1963 2294 ubi
1981 2260 2022 2293 et
2040 2251 2141 2294 urbs
2158 2261 2199 2295 et
2230 2255 2369 2306 statio,
2403 2254 2535 2298 stadia
2554 2270 2624 2312 90,
2649 2258 2725 2300 mi·

1478 2328 1531 2371 lia
1554 2342 1620 2371 12.
1650 2333 1687 2371 A
1710 2330 1834 2371 Sacro
1857 2337 1998 2371 monte
2020 2327 2074 2371 ad
2089 2329 2311 2386 Cordylam
2329 2331 2566 2386 castellum,
2588 2332 2660 2376 ubi
2679 2342 2722 2376 et

1479 2407 1601 2448 statio
1622 2407 1808 2457 navium,
1826 2405 1957 2448 stadia
1975 2408 2044 2457 40,
2063 2406 2176 2449 milia
2193 2406 2215 2448 5
2232 2413 2267 2462 ᾖ.
2329 2411 2367 2451 A
2381 2408 2560 2467 Cord’yla
2575 2409 2629 2453 ad
2647 2411 2725 2454 Er·

1479 2498 1621 2540 mysen
1645 2482 1729 2538 (ibi
1748 2497 1916 2540 quoque
1937 2483 2059 2542 statio
2074 2485 2262 2540 navium)
2276 2484 2408 2528 stadia
2422 2489 2492 2539 40,
2513 2487 2624 2530 milia
2648 2489 2670 2530 5
2687 2492 2723 2542 ξ.

1479 2559 1546 2603 Ab
1569 2561 1743 2616 Ermyse
1760 2559 1814 2602 ad
1825 2560 2128 2618 Trapezuntem
2147 2563 2371 2614 civitatem,
2396 2562 2469 2605 ubi
2484 2564 2607 2606 statio
2636 2566 2720 2608 Da·

1478 2637 1618 2693 plinus
1647 2636 1862 2694 appellata,
1883 2636 2014 2679 stadia
2042 2642 2111 2690 60,
2143 2638 2255 2681 milia
2275 2641 2316 2682 8.
2375 2640 2601 2696 Trapezus.
2626 2641 2725 2684 urbs

1479 2728 1609 2769 graeea
1623 2714 1914 2771 Sinopensium
1935 2713 2120 2765 colonia,
2140 2715 2181 2756 in
2201 2729 2273 2756 ora
2290 2716 2414 2757 maris
2432 2715 2598 2759 condita
2623 2720 2641 2771 (
2655 2720 2726 2760 Ex

1479 2791 1655 2835 Arrian.
1677 2793 1767 2845 §24
1791 2799 1830 2832 e!
1849 2789 2061 2847 Menippo.
2080 2791 2097 2843 )

1536 2869 1605 2923 37.
1638 2871 1673 2910 A
1706 2869 1964 2923 Trapezunte
1986 2874 2122 2907 autem
2160 2879 2290 2921 usque
2322 2865 2374 2907 ad
2411 2866 2586 2909 insulam
2624 2869 2725 2911 Are-

1480 2969 1633 3011 tiadem
1653 2977 1695 3011 et
1712 2969 2005 3020 Pharnaciam‚
2027 2982 2119 3025 quae
2140 2967 2237 3009 olim
2260 2968 2383 3009 ctiam
2405 2970 2580 3010 Cerasus
2602 2982 2723 3011 voea-

1481 3071 1628 3122 batur,
1649 3072 1764 3127 prius
1793 3071 2033 3113 habitarunt
2062 3071 2278 3111 Macrones
2294 3071 2378 3111 sive
2401 3068 2721 3126 Macrocephali.

1480 3225 1669 3267 Hudson.
1694 3228 1709 3280 ΙΙ
1733 3250 1789 3257 -
1806 3230 1875 3275 24.
1897 3226 2139 3281 Ἄργυρα]
2170 3225 2215 3267 τὰ
2242 3224 2414 3282 Ἀργύρια
2443 3226 2610 3269 Arrian.
2632 3226 2723 3282 n—

1482 3290 1551 3330 28.
1575 3288 1911 3343 Κερασοῦντα]
1953 3290 2087 3329 Locus
2118 3288 2170 3329 ab
2197 3290 2375 3331 Arriano
2402 3289 2594 3331 omissus.
2617 3289 2634 3344 ΙΙ
2667 3311 2724 3322 ·-

1482 3363 1551 3405 29.
1574 3349 1623 3392 ἔν
1657 3347 1690 3406 ᾧ
1721 3351 1800 3391 καὶ
1824 3350 1959 3399 πόλις
1996 3351 2081 3392 καὶ
2106 3350 2352 3407 ὕφορμος]
2379 3351 2578 3397 Haecnou
2598 3349 2725 3394 lubet

1483 3412 1699 3456 Arrianus.
1722 3414 1738 3468 η
1757 3414 1823 3454 31.
1847 3414 1993 3469 χωρίον
2010 3428 2095 3456 0111.
2129 3414 2345 3456 Arrianus.
2370 3414 2387 3469 ΙΙ
2417 3414 2554 3456 -33,
2576 3410 2726 3470 μ’]με’

1483 3474 1640 3527 oodex;
1676 3484 1716 3516 at
1750 3478 1804 3526 40
1832 3477 2046 3518 Arrianus.
2074 3477 2091 3532 ΙΙ
2109 3499 2166 3508 -
2200 3476 2269 3518 33.
2295 3476 2436 3518 Fuerit
2456 3483 2529 3518 aut
2543 3474 2595 3525 ιίς
2619 3474 2665 3516 ‘13
2677 3490 2724 3532 ρ-

1486 3539 1743 3593 μώνασσαν
1766 3547 1838 3580 aut
1853 3538 1903 3588 εἰς
1928 3537 2207 3596 Ἑρμώνασσαν
2220 3537 2289 3591 τὴν
2306 3538 2370 3581 καὶ
2394 3537 2604 3595 Ἐρμύσην.
2629 3539 2647 3594 ΙΙ
2665 3561 2722 3571 -

1485 3602 1566 3642 καὶ
1588 3602 1766 3658 δεῦρο]
1798 3602 1857 3643 sic
1881 3602 2122 3654 Αιτί1111.;ἑν
2143 3597 2168 3659 ᾖ
2192 3602 2302 3657 δεῦρο
2325 3600 2421 3643 cod.
2443 3601 2616 3656 11-35.
2634 3601 2723 3641 Δα·

1485 3677 1510 3718 φ
1524 3679 1542 3703 ν
1556 3665 1658 3720 οῦς]
1677 3664 1820 3720 δάφνου
1841 3664 1995 3715 codem
2021 3679 2104 3707 em.
2139 3662 2248 3706 Gail.
2270 3662 2534 3719 Daphnuntis
2566 3661 2723 3704 mentio
2806 3699 2808 3722 3

1484 3739 1551 3780 ap.
1581 3727 1803 3767 Arrianum
1832 3727 1956 3769 nulla.
1987 3729 2003 3782 ΙΙ
2026 3751 2082 3759 -
2100 3728 2169 3782 37.
2199 3726 2261 3768 ἐπὶ
2282 3725 2477 3779 θαλάσσης
2504 3723 2648 3777 codd.;
2671 3737 2724 3766 ex
2792 3726 2808 3757 Α

1487 3791 1582 3830 Arr.
1605 3803 1685 3829 em.
1712 3789 1883 3832 Gailius.

1542 3854 1565 3904 S
1596 3855 1664 3902 37,
1691 3853 1759 3893 38.
1790 3850 2099 3909 Ἀρητιάδος]
2121 3849 2351 3909 Ἀριστιάδος
2364 3849 2478 3902 cod.;
2501 3863 2582 3891 em.
2605 3847 2724 3891 liud·
2784 3902 2808 3905 Π

1487 3928 1578 3955 son.
1599 3914 1968 3971 Inclusa'supplevi
1983 3930 2007 3957 e
2027 3912 2138 3971 conj.
2167 3914 2306 3958 Gailii.
2329 3912 2469 3957 Codex
2490 3926 2502 3962 ζ
2523 3910 2642 3964 νήσου
2656 3910 2725 3965 ἦτα

1487 3974 1566 4016 καὶ.
1590 3978 1651 4018 De
1667 3991 1712 4018 re
1731 3977 1784 4018 cs.
1804 3986 1892 4020 not.
1914 3976 1966 4021 ad
1986 3976 2142 4035 Scylac.
2160 3979 2184 4032 S
2244 4009 2254 4019 .
2281 3978 2298 4032 ΙΙ
2316 4000 2373 4009 -—
2389 3979 2457 4026 40.
2482 3973 2663 4031 Ἄκρωνις
2679 3978 2722 4016 οἱ

1492 4037 1754 4095 Ἀκροκέφαλοι
1773 4040 1868 4082 cod.
