2808 4342
61 159 182 221 (2-4.)

0 300 5 316 ,
60 265 274 325 οἰκήτορας
308 260 520 316 ζῖΈλληνας
552 258 634 304 ἀπὸ
662 261 742 304 τῶν
770 258 887 320 ἐγγὺς
923 259 1097 316 ἥκοντας
1128 260 1280 308 τόπων.

0 358 5 370 =
58 331 224 383 Ταύτας
241 329 420 391 περιέχει
450 328 521 380 τὰς
549 327 685 380 πόλεις
709 328 967 389 διακειμένας
994 333 1020 385 ἠ
1040 333 1159 386 νῆσος
1181 329 1289 375 κατὰ

59 401 133 457 τὴν
167 403 353 447 Μαιῶτιν
377 397 473 459 ἄχρι
497 401 566 442 τοῦ
601 397 840 459 Βοσπόρου,
870 397 1012 461 χώραν
1035 398 1286 459 ἀπολαμὸοί-

59 487 184 515 νουσα
213 466 369 523 πολλὴν
389 466 590 527 πεδιάδα,
611 466 698 523 ἥτις
714 466 766 512 τὰ
789 466 863 526 μὲν
885 471 967 519 τοῖς
992 467 1102 514 ἕλεσι
1120 469 1291 520 καὶτοῖς

18 556 37 582 5
59 543 257 596 ποταμοῖς
272 535 506 592 ἀδιάὸατος,
528 524 715 597 τενᾶγεσί
737 554 781 580 τε
796 539 876 587 τοῖς
894 539 935 581 ἐν
955 539 1013 599 τῷ
1036 537 1165 599 πέραν
1179 573 1191 594 ,
1210 536 1236 582 ἃ
1249 537 1290 583 δὲ

53 610 108 667 ’τῇ
128 605 316 666 θαλάσσῃ
349 608 399 666 τῇ
431 623 472 649 τε
498 603 622 665 λίμνῃ
653 603 824 690 γίνεται.
894 605 956 651 Τὸ
991 605 1032 650 δὲ
1058 606 1192 665 στόμα
1225 609 1289 652 ἐκ·

60 673 226 719 πλέοντι
252 673 457 735 Κιμμερις
483 673 621 728 πόλις,
655 673 736 718 ἀπὸ
767 673 1011 745 Κιμμερίων
1035 674 1108 734 μὲν
1134 675 1291 737 βαρὸά-

57 761 141 804 ρων
163 742 418 802 κεκλημένη,
443 740 572 792 κτίσις
596 740 637 785 δὲ
659 741 864 803 τυράννων
889 746 991 788 οὐσα
1011 746 1091 788 τῶν
1112 745 1152 788 ἐν
1181 746 1289 789 Βοσ-

58 810 195 874 πόρω,
231 810 374 866 Κῆπός
406 828 450 854 τε
488 812 773 855 ἀποικισθεῖσα
804 810 870 856 διὰ
906 811 1137 867 Μιλησίων.
1205 813 1290 858 Καὶ

0 899 41 935 *0
58 883 189 924 ταῦτα
210 877 283 939 μὲν
305 881 345 924 ἐν
364 881 422 939 τῷ
438 882 509 934 τῆς
530 879 666 931 Ἀσίας
686 879 814 941 μέρει.

118 963 172 993 49.
209 950 295 1002 Τῆς
327 946 368 992 δὲ
405 946 605 1010 Εὐρώπης
631 948 696 992 ἐπ’
723 950 847 994 αὐτοῦ
884 954 955 994 τοῦ
985 949 1186 1010 στόματος
1220 954 1291 1006 τῆς

49 1015 289 1067 -Μαιώτιδος
303 1015 449 1076 λίμνης
469 1016 515 1061 τὸ
538 1017 850 1062 Παντικάπαιόν
871 1019 980 1063 ἐστιν
1000 1019 1198 1080 ἔσχατον,
1220 1024 1289 1064 τοῦ

57 1085 268 1146 Βοσπόρου
291 1086 494 1147 βασίλειον
516 1087 876 1147 ἐπωνομασμένον.
942 1085 1114 1133 Ἄνωθεν
1132 1088 1174 1133 δὲ
1198 1089 1288 1133 τού-

55 1173 134 1199 των
155 1158 180 1209 ἠ
202 1154 383 1211 Σκυθικὴ
409 1155 614 1218 βάρὸαρος
633 1157 732 1218 πρὸς
751 1157 824 1212 τὴν
844 1157 1032 1213 ἀοίκητον
1054 1157 1289 1220 συνορίζου-

0 1241 32 1271 15
53 1223 111 1267 σά
149 1225 236 1268 ἐστι
276 1228 351 1284 γῆν
396 1224 467 1268 καὶ
498 1232 601 1269 πᾶσι
637 1227 718 1276 τοῖς
754 1223 957 1280 ιἝλλησιν
999 1227 1285 1286 ἀγνοουμένην

57 1292 252 1354 Πρωτους
276 1293 317 1337 δὲ
342 1293 456 1356 παρὰ
480 1294 546 1339 τὸν
575 1293 737 1356 Ἴστρον
763 1300 869 1340 εἰναι
898 1296 1108 1357 Καρπίδας
1128 1294 1287 1357 εἴρηκεν

54 1358 244 1423 Ἔφορος·
266 1366 368 1406 εἰτεν
389 1362 609 1424 Ἀροτῆρας
628 1363 792 1426 πρόσω,
813 1364 991 1426 Νευρούς
1010 1383 1052 1408 τε
1070 1363 1194 1426 μέχρι
1215 1369 1289 1426 γῆς

54 1430 179 1475 πάλιν
213 1430 367 1493 ἐρήμου
403 1431 468 1475 διὰ
504 1431 650 1492 πάγοψ
688 1433 789 1493 πρὸς
817 1433 1016 1485 ἀνατολὰς
1052 1434 1094 1478 δὲ
1122 1434 1288 1478 ἐκὸάντι

55 1497 122 1543 τὸν
146 1498 399 1561 Βορυσθένην
420 1499 632 1558 ποταμὸν,
656 1500 748 1552 τους
771 1502 844 1557 τὴν
865 1503 1088 1562 λεγομένην
1107 1502 1288 1549 ὕΥλαιαν

0 1586 32 1615 ιιι
55 1570 263 1619 οἰκοῦντας
284 1566 446 1618 Σκύθας
465 1572 586 1623 εἶναι,
610 1568 823 1629 Γεωργους
842 1571 876 1614 δ’
898 1572 1117 1631 ἐχομένους
1134 1570 1287 1615 τούτων

58 1636 155 1681 ἄνω·
182 1637 324 1682 ἔπειτα
350 1636 472 1682 πάλιν
507 1636 660 1699 ἔρημον
694 1637 761 1683 ἐπὶ
784 1637 914 1683 πολυν
945 1639 1087 1685 τόπον.
1157 1639 1260 1684 Ὑπὲ
1246 1659 1287 1702 ερ

3 1717 7 1720 ’
58 1708 99 1751 δὲ
141 1706 294 1762 ταύτην
337 1706 617 1777 Ἀνδροφάγων
655 1708 825 1752 Σκυθῶν
878 1706 1002 1758 ἔθνος.
1071 1707 1289 1752 Ἐπέκεινα

60 1772 150 1836 [δὲ]
177 1773 348 1819 πάλιν”
326 1792 477 1844 ερημον
502 1767 642 1819 εἶναι’
624 1775 838 1837 εχομένην.
908 1774 990 1821 Ἰὸν
1013 1776 1288 1832 Παντικάπην

57 1843 241 1888 διαὸάντι
265 1841 477 1902 Λιμναίων
505 1842 671 1901 ἔθνος,
657 1844 776 1907 ε’τερά
804 1863 848 1889 τε
878 1844 1045 1890 πλείονα
1071 1846 1115 1889 ου
1148 1847 1287 1890 διωνο-

0 1930 35 1962 25
57 1911 271 1973 μασμένα,
305 1914 526 1972 Νομαδικὰ
559 1911 600 1958 δὲ
638 1914 965 1974 ἐπικαλούμενοι,
994 1914 1143 1970 εὐσεὸἧ
1169 1914 1288 1959 πάνυ·

56 1974 112 2027 ῶν
146 1982 237 2026 οὐδὲ
268 1975 323 2034 εἷς
357 1981 542 2044 ἔμψυχον
579 1984 772 2040 ἀδικήσαι
799 1986 891 2029 ποτ’
920 1985 967 2028 ἄν
986 1998 996 2008 ·
1027 1984 1222 2047 οἷκοφόρα
1248 1984 1287 2029 δὲ

54 2055 109 2104 ὡς
127 2052 264 2115 εἴρηκε
278 2088 289 2108 ,
308 2052 377 2097 καὶ
394 2053 613 2113 σιτούμενα
638 2054 828 2114 γοίλακτι,
845 2057 1066 2106 Σκυθικαῖς
1081 2057 1287 2114 ἱππομολ·

54 2122 173 2183 γίαις·
211 2125 310 2176 ζῶσι
350 2123 391 2169 δὲ
428 2123 501 2178 τήν
539 2143 583 2168 τε
627 2129 771 2180 κτῆσιν
812 2125 1116 2186 ἀναδεδειχότες
1152 2125 1289 2179 κοινὴν

56 2191 271 2249 ἁπάντων,
302 2191 376 2246 τήν
406 2195 438 2236 θ’
465 2191 563 2246 ὅλην
601 2193 882 2254 [συν]ουσίαν.
954 2193 1040 2239 Καὶ
1075 2193 1142 2237 τὸν
1167 2194 1289 2255 σοφὸν

0 2266 35 2303 ’0
58 2260 99 2305 δὲ
137 2261 382 2324 Ἀνάχαρσιν
407 2263 454 2306 ἐκ
481 2264 561 2306 τῶν
587 2264 838 2319 Νομαδικῶν
871 2262 970 2326 φησι
993 2261 1181 2323 γενέσθαι
1209 2267 1288 2308 τῶν

57 2329 213 2391 σφόδρα
250 2329 569 2374 εὔσεὸεστάτων·
607 2329 678 2375 καὶ
709 2330 956 2386 κατοικῆσαί
987 2349 1096 2383 τινας
1131 2333 1186 2383 εἷς
1214 2331 1289 2387 τὴν

57 2399 195 2445 Ἀσίαν
220 2398 408 2451 ἐλθόντας
422 2437 432 2456 ,
452 2398 518 2450 οὓς
542 2399 590 2455 δὴ
612 2399 683 2444 καὶ
704 2401 844 2452 Σάκας
866 2403 1077 2446 καλοῦσιν.
1145 2403 1290 2457 Εὐση-

30 2502 33 2504 -
59 2469 233 2528 μότατον
259 2468 301 2513 δὲ
317 2461 421 2514 εἶναί
446 2487 566 2531 φησιν
590 2469 636 2514 τὸ
654 2472 734 2513 τῶν
755 2472 1040 2532 Σαυροματῶν
1063 2470 1133 2516 καὶ
1151 2473 1186 2517 Γ
1188 2470 1290 2515 ελώ-

57 2557 135 2583 νων
162 2538 232 2583 καὶ
267 2537 399 2600 τρίτον
427 2538 472 2583 τὸ
491 2541 571 2583 τῶν
597 2538 855 2601 Ἀγαθύρσων
877 2541 1198 2600 ἐπικαλούμενον
1228 2539 1291 2602 γέ-

17 2625 36 2655 5
58 2626 139 2660 νος.
207 2607 305 2654 Ἀπὸ
325 2607 366 2652 δὲ
391 2611 471 2652 τῶν
492 2610 699 2653 Μαιωτῶν
717 2608 904 2654 λαὸοῢσα
925 2609 971 2654 τὸ
994 2609 1122 2669 ὄνομα
1143 2613 1292 2656 Μαιῶ-

58 2696 117 2729 τις
138 2676 272 2732 ἐξῆς’
254 2695 340 2722 εστι
372 2676 498 2736 λίμνη
519 2676 685 2734 κειμένη
701 2714 713 2737 ,
732 2679 787 2728 εἷς
809 2678 858 2733 ἣν
880 2681 900 2722 ὃ
921 2678 1099 2734 Τάναις,
1123 2678 1203 2723 ἀπὸ
1223 2697 1292 2723 του

58 2764 244 2805 ποταμου
267 2745 407 2791 λαὸὼν
442 2746 488 2791 τὸ
524 2749 654 2830 ρευμα
688 2746 948 2808 Ἀράξεως,’
931 2747 1215 2807 επιμίσγεται,
1241 2750 1294 2797 ὡς

59 2813 279 2866 εΕκαταῒος
303 2807 380 2877 εἶφ’
370 2814 641 2899 Νοὺρετριεύς·
663 2818 718 2865 ὡς
740 2815 780 2859 δὲ
797 2813 1228 2878 ”Εφοροςιστόρηκεν,
1249 2817 1295 2860 ἐκ

59 2882 203 2941 λίμνης
219 2882 346 2939 τινὸς,
368 2888 415 2937 *fc
428 2902 473 2927 το
495 2882 622 2945 πέρας
645 2883 751 2929 ἐστιν
777 2902 999 2947 αφραστον.
1067 2884 1228 2941 Ἐξίησι
1252 2884 1293 2930 δὲ

62 2951 304 3013 δίστομον”
283 2972 389 3016 εχων
408 2951 454 2998 τὸ
481 2954 632 3013 ῥεῖθρον
657 2955 712 3006 εἷς
731 2954 804 3009 τὴν
832 2955 1054 3016 λεγομένην
1080 2958 1292 3011 Μαιῶτιν,

61 3024 99 3073 ἐς
114 3022 180 3067 τὸν
208 3023 463 3084 Κιμμερικόν
484 3042 528 3067 τε
551 3022 778 3085 Βόσπορον.

124 3108 181 3139 50.
220 3093 280 3139 Τὸ
322 3094 362 3138 δὲ
401 3093 535 3153 στόμα
572 3097 644 3148 τῆς
689 3094 835 3151 λίμνης
871 3093 1034 3154 λέγεται
1073 3093 1292 3155 Βόσπορος.

63 3160 161 3205 Ἀπὸ
182 3161 222 3204 δὲ
249 3163 456 3225 Πορθμίου
480 3162 633 3225 χωρίου
651 3163 743 3220 ἤτοι
762 3168 834 3208 τοῦ
859 3164 1028 3223 στομίου
1050 3167 1121 3218 τῆς
1145 3165 1295 3209 Μαιώ-

918 158 1224 205 ‘PERIPLUS
1257 158 1372 206 PON
1381 157 1446 204 TI
1479 158 1712 204 EUXlNI.

2505 172 2593 210 4¹3

1365 269 1531 309 Graecos
1550 268 1706 309 habens
1724 267 1898 318 incolas,
1921 268 1993 323 qui
2012 268 2117 308 istuc
2132 281 2155 308 a
2171 270 2371 322 proximis
2386 270 2484 310 locis
2503 287 2600 312 con-

1366 336 1588 377 fluxerunt.
1637 337 1720 377 Has
1734 335 1859 376 urbes
1873 336 1942 376 hic
1961 335 2043 376 illic
2058 335 2154 375 sitas
2169 337 2352 377 continet
2367 338 2596 392 peninsula,

1361 400 1482 457 juxta
1506 404 1691 444 Maeotim
1710 417 1842 458 usque
1863 402 1917 444 ad
1934 404 2171 458 Bosporum
2189 394 2363 444 multam
2383 404 2600 447 absumens

1365 478 1517 512 terram
1539 479 1809 527 campestrem
1824 502 1836 521 ,
1861 485 1952 526 quae
1985 470 2135 525 partim
2157 470 2376 525 paludibus
2395 481 2436 513 et
2467 474 2600 515 fluviis

1365 547 1406 579 et
1437 540 1588 593 stagnis
1621 540 1665 580 in
1699 538 1896 580 ulteriore
1918 546 2053 578 tractu
2080 538 2193 588 sitis,
2230 539 2383 594 partim
2415 542 2519 582 mari
2561 552 2602 583 et

1364 609 1556 650 Maeotide
1574 608 1724 664 palude
1744 608 1792 649 fit
1805 608 2019 663 impervia.
2044 606 2282 662 Egredienti
2301 624 2399 651 vero
2415 625 2461 651 os
2480 611 2602 653 offert

1365 691 1407 716 se
1429 677 1645 718 Cimmeris
1667 675 1766 716 urbs
1780 707 1790 726 ‚
1809 690 1833 717 a
1855 676 2087 717 Cimmeriis
2106 675 2290 718 barbaris
2309 678 2529 734 appellata,
2561 688 2603 721 et

1365 745 1525 785 colonia
1558 753 1830 800 tyrannorum
1863 744 1908 785 in
1937 746 2124 800 Bosporo
2155 748 2439 800 regnantium3
2478 757 2601 804 atque

1365 814 1499 868 Cepus
1518 827 1542 854 a
1562 812 1729 853 Milesiis
1758 811 1925 871 condita
1945 813 2015 866 (E
2023 814 2180 870 perieg.
2209 815 2333 857 iamb.
2361 818 2545 872 886-899
2563 820 2594 872 ).

1364 882 1413 923 Et
1427 882 1514 923 haec
1533 881 1701 937 quidem
1715 881 1806 923 loca
1822 890 1920 923 sunt
1939 883 1981 922 in
2004 892 2119 938 parte
2141 885 2262 926 Asiae.

1417 955 1486 1006 49.
1517 955 1572 994 At
1606 953 1649 992 in
1677 954 1846 1007 Europa
1874 952 1926 993 ad
1959 954 2095 1008 ipsum
2129 968 2174 994 os
2203 954 2408 996 Maeotidis
2439 956 2599 1012 paludis

1363 1019 1512 1061 insidet
1537 1021 1842 1075 Panticapaeum
1863 1021 2055 1061 ultimum
2074 1053 2085 1071 ,
2116 1023 2289 1076 Bospori
2314 1024 2425 1077 regia
2446 1038 2599 1079 cogno-

1362 1087 1618 1128 minatum...
1679 1088 1813 1143 Supra
1829 1088 1916 1129 haec
1935 1097 1994 1129 est
2009 1089 2174 1144 Scythia
2189 1089 2378 1141 barbara,
2398 1105 2528 1146 usque
2546 1092 2597 1132 ad

1365 1155 1674 1196 inhabitabilem
1692 1164 1844 1196 terram
1857 1158 2155 1197 conterminam
2170 1166 2373 1212 porrecta,
2391 1159 2602 1201 omnibus-

1363 1237 1444 1277 que
1462 1224 1615 1264 Graecis
1635 1225 1832 1277 ignotam.
1893 1226 2053 1265 Primos
2069 1224 2119 1265 ad
2135 1227 2285 1265 Istrum
2299 1226 2483 1268 habitare
2498 1229 2598 1269 Car-

1364 1290 1481 1346 pidas
1515 1292 1708 1347 Ephorus
1744 1293 1940 1344 tradidit;
1982 1293 2133 1334 deinde
2170 1297 2363 1336 Aroteres
2377 1327 2389 1346 ,
2428 1297 2600 1338 ulterius

1364 1360 1524 1400 Neuros
1567 1374 1697 1415 usque
1736 1360 1790 1401 ad
1831 1362 2042 1415 regionem
2081 1361 2285 1403 desertam
2319 1363 2374 1403 ob
2413 1364 2597 1417 glaciem.

1363 1428 1519 1468 Versus
1552 1430 1752 1469 orientem
1795 1444 1893 1470 vero
1919 1438 2170 1484 transgresso
2205 1431 2503 1486 Borysthenem
2531 1434 2603 1475 ob-

1363 1497 1451 1536 vios
1479 1512 1564 1538 esse
1583 1499 1774 1554 Scythas,
1801 1499 1873 1554 qui
1906 1499 2089 1554 Hylaeam
2122 1508 2308 1541 vocatam
2340 1501 2599 1554 inhabitant3

1363 1581 1487 1620 supra
1509 1568 1584 1607 hos
1603 1576 1740 1608 autem
1756 1567 1879 1622 juxta
1895 1569 2082 1610 habitare
2100 1570 2310 1623 Georgos;
2333 1570 2483 1612 deinde
2504 1587 2598 1613 rur-

1363 1648 1431 1672 sus
1447 1634 1655 1675 desertum
1671 1644 1809 1690 patere
1828 1637 1871 1676 in
1888 1651 2038 1690 magna
2059 1638 2187 1692 spatia
2202 1653 2213 1688 3
2232 1652 2356 1692 supra
2375 1638 2418 1679 id
2434 1640 2599 1695 Scytha-

1366 1715 1462 1740 rum
1485 1702 1862 1756 Androphagorum
1885 1706 2094 1745 nationem
2114 1719 2221 1755 esse;
2239 1705 2345 1746 ultra
2362 1706 2438 1747 hos
2453 1708 2602 1753 iterum

1364 1769 1551 1822 excipere
1577 1769 1834 1811 solitudines.
1893 1773 2141 1827 Panticapen
2168 1781 2418 1826 transgresso
2450 1775 2601 1818 offerre

1369 1851 1412 1877 se
1444 1838 1725 1878 Limnaeorum
1748 1847 1910 1893 gentem
1943 1841 2123 1895 aliasque
2144 1843 2390 1896 permultas,
2415 1844 2499 1883 suis
2521 1845 2604 1884 sin-

1367 1906 1480 1960 gulas
1519 1908 1757 1948 nominibus
1792 1908 1905 1949 haud
1945 1909 2178 1960 distinctas,
2218 1925 2319 1966 quas
2358 1912 2604 1955 Nomadicas

1367 1983 1537 2025 vocant,
1562 1976 1768 2030 religiosas
1787 1976 2031 2028 admodum,
2052 1993 2101 2018 ex
2123 1978 2274 2032 quibus
2305 1994 2428 2020 nemo
2449 1982 2604 2023 anima-

1363 2052 1453 2085 tum
1468 2045 1624 2100 aliquid
1640 2061 1823 2101 unquam
1838 2046 2001 2087 laeserit.
2061 2049 2232 2088 Portant
2246 2048 2309 2089 hae
2331 2063 2423 2089 suas
2442 2049 2603 2101 domos,

1363 2120 1410 2151 ut
1429 2113 1484 2154 ait
1511 2113 1721 2167 Ephorus,
1744 2121 1784 2152 et
1803 2113 2004 2167 Scythicis
2031 2128 2230 2168 equarum
2250 2114 2470 2155 mulctibus
2494 2118 2608 2158 victi-

1364 2185 1464 2217 tant.
1531 2179 1691 2217 Vivunt
1706 2187 1843 2218 autern
1862 2179 2118 2233 possessione
2141 2188 2181 2219 et
2199 2179 2351 2220 familia
2372 2186 2605 2224 communi-

1367 2244 1446 2283 bus
1465 2258 1610 2283 omnes
1640 2245 1747 2284 inter
1768 2259 1824 2284 se.
1887 2245 2001 2297 Quin
2027 2253 2067 2284 et
2092 2246 2317 2299 sapientem
2350 2248 2603 2289 Anacharsin

1370 2308 1496 2349 tradit
1514 2318 1657 2350 natum
1689 2325 1774 2350 esse
1795 2309 1906 2365 apud
1923 2310 2174 2353 Nomadicos
2196 2311 2284 2351 illos
2302 2343 2312 2360 ,
2335 2313 2406 2366 qui
2429 2315 2606 2354 maxime

1364 2374 1541 2428 religiosi
1553 2375 1757 2416 habentur
1776 2391 1787 2426 ;
1806 2385 1845 2416 et
1863 2376 2063 2430 quosdam
2076 2407 2087 2425 ,
2105 2391 2235 2430 quum
2251 2378 2292 2418 in
2313 2379 2456 2418 Asiam
2476 2387 2605 2419 trans-

1366 2440 1522 2488 iissent,
1549 2439 1605 2480 ibi
1628 2439 1766 2480 sedem
1785 2442 1965 2481 tenuisse
1979 2472 1990 2491 ,
2022 2456 2126 2497 quos
2146 2451 2294 2482 vocant
2316 2443 2451 2484 Sacas,
2512 2446 2602 2485 Ma-

1365 2505 1476 2545 xime
1498 2519 1595 2546 vero
1621 2505 1779 2546 celebre
1804 2506 1939 2561 inquit
1963 2522 2049 2548 esse
2074 2509 2412 2549 Sauromatarum
2444 2517 2484 2549 et
2518 2511 2600 2550 Ge-

1362 2570 1557 2611 lonorum
1590 2579 1631 2611 et
1653 2572 1818 2612 tertium
1842 2573 1956 2627 quod
1987 2575 2314 2629 Agathyrsorum
2339 2584 2607 2630 nuncupatur

1364 2651 1505 2696 genus.
1567 2636 1727 2678 Deinde
1745 2647 1806 2678 est
1835 2639 1996 2680 Maeotis
2025 2640 2162 2694 palus,
2195 2654 2287 2695 quae
2309 2654 2334 2681 a
2352 2642 2512 2681 Maeotis
2532 2656 2605 2681 no·

1365 2717 1461 2743 men
1480 2703 1523 2743 id
1542 2705 1684 2744 sortita
1698 2712 1781 2756 est;
1803 2706 1846 2745 in
1867 2720 1992 2760 quam
2007 2707 2181 2757 Tanais,
2202 2721 2253 2747 ex
2272 2709 2409 2747 Araxe
2435 2707 2607 2747 flumine

1365 2769 1578 2823 profluens
1593 2801 1604 2819 ,
1640 2779 1902 2822 exoneratur,
1934 2780 1979 2812 ut
1999 2773 2058 2812 ait
2079 2773 2499 2813 HecataeusEretrius
2514 2803 2524 2822 ,
2558 2781 2607 2813 ut

1367 2849 1464 2874 vero
1487 2834 1675 2890 prodidit
1702 2836 1919 2891 Ephorus,
1953 2852 1975 2877 e
1997 2837 2146 2891 palude
2164 2837 2366 2892 quadam,
2391 2836 2509 2892 cujus
2529 2846 2608 2877 ter-

1366 2901 1770 2960 minus-incognitus
1802 2911 1885 2943 est.
1946 2903 2043 2943 Exit
2065 2912 2202 2944 autem
2227 2904 2382 2946 fluento
2416 2902 2545 2943 bifido
2565 2904 2607 2943 in

1369 2962 1523 3003 dictam
1552 2964 1735 3003 Maeotim
1765 2973 1888 3018 atque
1906 2965 2138 3019 Bosporum
2159 2966 2428 3006 Cimmerium
2449 2966 2465 3017 (
2484 2968 2522 3005 E
2532 2980 2606 3020 pe-

1365 3024 1464 3077 rieg.
1489 3025 1613 3066 iamb.
1634 3026 1814 3080 835-873
1832 3029 1866 3080 ).

1424 3096 1490 3137 50.
1519 3099 1576 3137 Os
1586 3096 1709 3151 hujus
1725 3097 1883 3152 paludis
1895 3098 2118 3153 appellatur
2129 3101 2350 3152 Bosporus·
2411 3099 2448 3138 A
2463 3097 2608 3137 Porth-

1367 3165 1451 3204 mio
1487 3164 1644 3219 oppido
1681 3165 1764 3205 sive
1798 3165 1849 3205 ab
1878 3180 1948 3204 ore
1979 3165 2184 3206 Maeotidis
2206 3164 2366 3220 paludis
2398 3179 2528 3218 usque
2553 3165 2606 3205 ad

118 3292 141 3341 S
160 3294 229 3338 49,
251 3290 279 3330 l.
302 3292 366 3331 13.
384 3294 465 3340 τοῖς
490 3294 686 3350 Βοσπόρου
715 3295 827 3346 cod.;
845 3310 924 3338 em.
958 3296 1227 3350 Holsteniusl!
1242 3321 1299 3333 —-.

67 3378 133 3419 17.
159 3363 219 3406 εἴτ
238 3342 481 3422 ἓναρωτῆρας
499 3370 628 3424 πρόσω
651 3371 856 3426 ναυρουτάς
874 3388 915 3412 τε
940 3372 1052 3423 cod.;
1078 3388 1159 3414 em.
1177 3374 1293 3414 editt.

71 3428 232 3480 11—18.
253 3428 386 3482 πάγων
403 3429 515 3471 cod:
505 3445 617 3482 „em
630 3433 757 3472 Mein.
775 3434 928 3486 Η-2ο,
942 3433 1092 3474 εἷναιοε
1078 3434 1297 3490 Γεωργους

69 3489 188 3543 ἓχουε
173 3490 275 3537 ’νους
293 3490 402 3531 cod.-
392 3506 504 3541 ,.em
524 3494 652 3534 Mein.
683 3497 856 3548 Η-2ο.
874 3496 1063 3536 τούτων
1082 3497 1096 3550 ]
1116 3512 1203 3544 τους
1225 3503 1300 3537 τῶν

68 3551 180 3602 cod.;
196 3566 276 3592 em.
292 3551 407 3593 editt.
425 3554 591 3608 11-22.
610 3556 805 3612 ταυτην]
818 3555 934 3608 αυτὴν
947 3558 1060 3607 cod.;
1073 3573 1154 3599 em.
1170 3560 1300 3600 Mein.

71 3615 86 3667 11
104 3638 159 3644 —
179 3619 246 3655 26.
270 3613 391 3662 οὐδεὶς
413 3614 591 3671 ἐμψύχων
610 3615 787 3669 ἀδικῆσαι
801 3618 914 3668 cod.;
933 3633 1013 3659 em.
1030 3621 1138 3659 Bast.
1158 3620 1302 3660 Libra-

71 3676 157 3715 rius
184 3675 233 3716 ad
256 3677 482 3730 marginem
502 3677 717 3734 adscripsit
740 3692 749 3720 :
772 3680 865 3735 Περὶ
882 3685 956 3721 τῶν
983 3680 1145 3721 εὖσεὸῶν
1167 3681 1301 3734 ἐθνῶν,

71 3737 135 3777 καὶ
159 3738 218 3778 ὅτι
245 3736 453 3792 ἀπέχονται
476 3739 645 3796 ἐμψύχου
667 3742 819 3790 παντός.
848 3744 939 3797 11-
959 3757 1029 3797 29.
1054 3744 1150 3797 ὅλην
1172 3744 1303 3786 οὐσίαν

67 3798 184 3848 cod„
202 3799 314 3853 quod
334 3801 376 3840 in
398 3809 518 3855 poeta
537 3803 656 3843 metri
673 3818 794 3845 causa
809 3806 981 3845 mutavit
998 3806 1196 3847 Mcineke.
1218 3808 1233 3861 Η
1247 3832 1305 3839 -

73 3861 140 3901 32.
165 3860 258 3902 Σάγ.
269 3877 320 3910 ας
341 3864 356 3918 ]
380 3863 554 3912 Σάὸακας
569 3864 663 3906 cod.
694 3866 709 3919 ΙΙ
728 3890 785 3896 —
800 3867 868 3907 33.
890 3866 931 3907 δὲ
949 3875 990 3907 et
1011 3869 1055 3908 τὶ)
1073 3883 1200 3910 manu
1219 3884 1299 3910 sec.

70 3922 290 3978 adsciipta.
323 3925 339 3979 Η
358 3926 494 3980 -37,
531 3925 569 3982 ῥε
573 3942 650 3981 υαα
678 3926 760 3982 ῥάξε
764 3944 814 3976 ως
851 3928 1025 3985 {mum-(s
1017 3931 1159 3971 '‘50020
1144 3947 1251 3972 εκατε
1255 3949 1305 3980 ως

70 3983 198 4041 &fotis
204 4001 240 4025 ισ
257 3986 348 4044 (sic)
366 3987 476 4028 οο(1.·
466 4003 576 4040 ,em.
595 3991 832 4031 Buttmann.
859 3992 935 4046 11—-
949 3993 1016 4046 39.
1033 3992 1154 4049 ἄφρα
1168 4010 1219 4035 cz·
1227 4010 1247 4035 0
1257 3996 1301 4051 ν]

1370 3295 1465 3337 cod.
1488 3296 1614 3336 literae
1632 3312 1656 3350 φ
1676 3297 1990 3351 suprascriptam
2008 3296 2132 3335 babet
2154 3311 2190 3345 o,
2209 3303 2255 3335 ut
2285 3294 2417 3335 scriba
2434 3294 2607 3334 voluerit

1370 3359 1551 3414 ἀόρατον.
1579 3359 1594 3413 Η
1615 3382 1671 3388 --
1687 3357 1870 3413 ἐξίησι]
1905 3357 2016 3405 ἔξεισι
2038 3357 2133 3398 cod.

1422 3439 1444 3488 §
1472 3439 1540 3485 50,
1562 3435 1588 3475 l.
1609 3437 1678 3483 42.
1695 3433 1822 3489 Πορθ
1839 3450 1866 3488 μ
1880 3434 1918 3473 lo
1931 3434 1981 3488 u]
2000 3433 2112 3473 Infra
2128 3435 2151 3486 5
2175 3432 2226 3474 56
2242 3432 2368 3473 habes
2384 3431 2459 3474 ἀπὸ
2475 3436 2607 3489 κώμης

1373 3500 1440 3549 τῆς
1452 3497 1704 3553 Πορθαίτιδος
1716 3498 1782 3547 τῆς
1796 3495 1834 3536 ἐν
1847 3511 1904 3536 τω
1913 3495 1997 3536 τελ
1983 3510 2013 3534 ι
2027 3511 2093 3546 της
2105 3494 2302 3550 Εὐρώπης.
2322 3494 2386 3536 Cf
2411 3496 2605 3551 Stephan.

1373 3562 1502 3615 Β)ῑ.;
1536 3559 1665 3614 Πορθ
1682 3558 1769 3613 μία
1806 3573 1871 3598 και
1912 3557 2191 3612 Πορθμίον,
2215 3558 2326 3612 κώμη
2352 3556 2397 3598 ἐπ
2403 3573 2413 3596 ι
2435 3562 2491 3612 τῷ
2519 3559 2607 3598 στό-

1378 3638 1468 3678 ματ-ι
1483 3625 1549 3674 τῆς
1568 3621 1785 3667 Μαιώτιδος
1803 3618 1955 3674 λίμνης.
1974 3619 2028 3659 Τὸ
2042 3618 2189 3660 ἐθνικον
2206 3619 2358 3675 Πορθμι
2361 3635 2434 3670 ευς,
2453 3620 2503 3667 ὡς
2519 3620 2610 3660 Σου-

1377 3659 1494 3733 νιεύς,
1513 3682 1577 3724 καὶ
1596 3682 1826 3737 Πορθμίτης.
1846 3681 1910 3723 Cs.
1927 3681 2128 3723 Herodot.
2145 3682 2222 3731 IV,
2249 3695 2298 3722 12
2320 3695 2330 3722 2
2349 3682 2425 3722 Καὶ
2442 3685 2506 3722 νῦν
2528 3681 2607 3722 ἔστι

1377 3746 1443 3801 μὲν
1471 3745 1508 3786 ἐν
1529 3747 1578 3801 τῇ
1607 3745 1773 3800 Σκυθικῇ
1803 3744 1992 3800 Κιμμέρια
2023 3744 2171 3799 τείχεα,
2194 3743 2276 3785 ἔστι
2294 3743 2334 3784 δὲ
2356 3743 2607 3798 πορθμήια

1376 3808 1627 3863 Κιμμέρια.
1655 3805 1704 3847 Id
1719 3808 1795 3856 IV,
1817 3807 1868 3855 45
1887 3820 1897 3847 :
1918 3806 1964 3847 Οἱ
1979 3805 2019 3846 ’δὲ
2037 3807 2182 3847 Τάναϊν
2202 3805 2375 3861 ποταμὸν
2396 3805 2461 3844 τὸν
2479 3803 2606 3855 Μαιή-

1373 3887 1443 3922 την
1477 3869 1541 3910 καὶ
1573 3867 1767 3924 πορθμήια
1799 3868 1847 3910 τὰ
1870 3868 2058 3925 Κιμμέρια
2078 3868 2234 3925 λέγουσι
2265 3869 2281 3920 (
2301 3882 2358 3908 sc.
2383 3866 2545 3922 οὔρισμα
2558 3869 2607 3922 τῇ

1374 3933 1538 3987 Εὐρώπη
1558 3930 1658 3972 εἶναι
1679 3931 1710 3986 ),
1731 3932 1772 3971 in
1793 3931 1943 3986 quibus
1962 3940 2097 3972 tamen
2122 3929 2316 3986 πορθμήια
2345 3943 2429 3969 non
2444 3927 2496 3969 de
2516 3928 2607 3969 vico
2667 3938 2671 3942 “

1375 3978 1527 4049 aliquo,
1562 3993 1634 4034 sed
1662 3992 1713 4033 de
1750 3992 1854 4034 freto
1881 3995 2127 4035 Cimmerico
2151 3991 2410 4049 intelligenda
2436 3989 2603 4033 suerint.
