2808 4342
46 265 205 329 Οὐρίου
229 263 354 325 διέχει
378 261 458 306 ἀπὸ
485 258 709 312 Βυζαντίου
730 258 918 311 σταδίους
936 258 1063 304 εἴκοσι
1088 259 1159 304 καὶ
1178 262 1280 304 ἑκα-

51 335 136 383 τόν.
207 331 292 380 Καὶ
309 330 396 376 ἔστι
415 327 653 374 στενότατον
669 329 800 390 ταύτῃ
815 327 861 372 τὸ
881 328 1013 387 στόμα
1029 331 1099 373 τοῦ
1121 327 1280 374 Πόντου

52 400 323 460 καλούμενον,
356 396 498 442 καθότι
535 395 746 442 εἶσὸάλλει
781 397 836 447 εἷς
883 395 955 450 τὴν
998 395 1276 456 Προποντίδα.

51 473 196 517 Ταῦτα
231 465 304 527 μὲν
353 464 476 510 εἰδότι
513 481 577 509 σοι
612 465 735 524 λέγω.
802 464 900 511 Ἀπὸ
949 463 990 515 δὲ
1038 469 1108 509 τοῦ
1150 463 1280 527 Ἱεροῦ

0 553 11 583 5
53 537 214 583 πλέοντι
238 536 279 580 ἓν
301 533 410 595 δεξιᾷ
433 532 593 587 Ῥήὸας
626 533 822 592 ποταμός·
844 531 1031 583 σταδίους
1055 532 1181 594 διέχει
1206 536 1278 577 τοῦ

51 606 182 668 Ἱεροῦ
206 607 275 649 τοῦ
307 601 401 654 Διὸς
424 602 681 658 ἐνενήκοντα.
749 598 930 648 Ἔπειτα
954 601 1143 647 Μέλαινα
1171 601 1278 663 ἄκρα

49 667 127 720 ὅδε
161 671 419 732 καλουμένη,
454 669 709 724 πεντήκοντα
730 668 801 715 καὶ
824 669 986 716 ἑκατόν.
1057 669 1156 715 Ἀπὸ
1186 672 1278 716 Με-

48 741 191 798 λαίνης
224 740 351 803 ἄκρας
388 742 426 791 ἐς
450 738 656 801 ’Ἀρτάνην
693 737 901 798 ποταμὸν,
937 737 1005 783 ἵνα
1046 737 1117 783 καὶ
1157 740 1281 799 ὅρμος

45 811 167 857 ναυσὶ
186 810 350 871 μικραῖς
369 808 467 870 πρὸς
488 809 586 870 ἱερῷ
604 806 843 870 Ἀξῖροδίτης
854 844 866 864 ,
885 806 1139 860 πεντήκοντα
1164 807 1281 853 ἄλλοι

0 891 28 921 0
51 879 124 926 καὶ
146 877 306 925 ἑκατόν.
375 876 473 923 Ἀπὸ
514 876 556 921 δὲ
591 875 785 938 Ἀρτάνης
821 878 877 928 εἷς
917 876 1050 922 Ψίλιν
1088 876 1276 935 ποταμὸν

52 1014 175 1054 Verr.
195 1013 273 1061 IV,
297 1011 364 1066 57,
401 1025 478 1065 127
508 1024 519 1052 t
548 1009 663 1063 Quid
670 1017 693 1050 ι’
722 1024 774 1051 ex
791 1008 874 1050 oede
890 1009 1009 1050 Jovis
1031 1009 1291 1062 religiosissi-

53 1089 161 1115 mam
172 1073 438 1115 simulacrum
450 1071 569 1113 Iovis
586 1071 861 1129 imperatoris,
873 1086 989 1128 quem
1002 1071 1135 1113 Grceci
1150 1071 1287 1127 Οόριον

52 1136 294 1186 nominant,
331 1134 615 1191 pulcherrime⁴
635 1133 831 1188 factam,
877 1148 1004 1174 nonne
1037 1133 1288 1174 abstulisti?

50 1200 76 1250 S
101 1211 177 1252 129
204 1211 215 1239 τ
244 1201 385 1238 Iovem
406 1206 543 1238 autem
578 1196 859 1253 imperatorem
890 1205 1044 1252 quanto
1072 1196 1217 1236 honore
1247 1196 1289 1237 in

47 1273 126 1300 suo
147 1259 294 1316 templo
298 1258 438 1312 faisse
455 1256 756 1299 arbitramini?
770 1257 883 1299 Hinc
897 1257 1081 1310 colligere
1092 1257 1286 1313 potestis,

51 1321 94 1360 si
115 1319 320 1362 recordari
345 1318 576 1368 volueritis,
598 1328 756 1374 quanta
785 1317 976 1371 religione
994 1318 1135 1373 suerit
1150 1318 1288 1358 eadem

54 1382 188 1438 specie
209 1391 331 1437 atque
343 1380 489 1434 forma
516 1379 681 1432 signum
706 1379 824 1430 illud,
863 1380 973 1436 quod
998 1396 1017 1421 e
1045 1381 1293 1422 Macedonia

50 1452 222 1500 captum
255 1443 298 1483 in
336 1441 537 1497 Capitolio
563 1451 763 1498 posuerat
795 1442 1039 1484 Flaminius
1071 1443 1167 1495 (Cf.
1195 1443 1286 1483 Liv.

0 1533 1 1542 ,
54 1507 131 1554 VI,
153 1505 253 1560 29).
275 1503 441 1544 Etenim
462 1502 547 1543 tria
558 1502 805 1556 serebantur
835 1504 877 1544 in
896 1505 989 1545 orbe
1013 1514 1210 1544 terrm-um
1234 1505 1291 1544 si-

49 1580 136 1618 gna
154 1565 272 1606 Iovis
297 1563 556 1621 imperatoris
580 1578 657 1603 uno
682 1564 723 1603 in
735 1579 874 1616 genere
881 1565 1126 1619 pulcerrime
1136 1564 1263 1616 fizcta
1277 1582 1291 1613 ,-

58 1642 182 1667 anam
214 1626 319 1667 illuct
336 1625 660 1672 Macedonicum,
687 1625 854 1680 quod-in
874 1624 1076 1680 Capitolio
1090 1625 1288 1675 vidimus,

51 1690 232 1729 alteram
255 1689 296 1729 in
319 1688 446 1728 Ponti
471 1703 536 1728 ore
550 1697 587 1727 et
610 1686 834 1738 angustiis,
858 1686 1023 1726 tertiam
1044 1685 1155 1740 qaod
1172 1690 1291 1739 Syra-

53 1751 170 1791 cusis
189 1760 283 1790 ante
308 1753 471 1790 Verrem
492 1757 709 1805 praetorem
721 1746 831 1799 fuit.
855 1750 1151 1801 Imperatorem
1180 1748 1293 1788 hunc

53 1815 204 1853 vJovem
234 1812 378 1852 Cicero
396 1810 497 1851 dicit
523 1809 576 1850 ad
608 1808 799 1850 habitum
830 1808 1066 1864 respiciens,
1092 1822 1175 1861 quo
1191 1807 1292 1848 deus

55 1867 163 1914 mari
188 1873 383 1927 coeloque
405 1874 610 1927 imperans
633 1871 793 1912 effictus
830 1879 932 1911 erat.
971 1878 1032 1912 Ac
1053 1870 1293 1924 Bithynicus

57 1944 213 1985 noster,
239 1949 362 1989 quem
398 1932 524 1988 οὔριον
561 1941 696 1974 nautae
719 1932 925 1983 dicebant,
954 1931 1066 1972 haud
1085 1931 1212 1972 dubie
1230 1946 1294 1972 re·

57 1997 327 2052 praesentabat
354 1999 500 2037 Jovem
525 1996 702 2050 στράτιον
725 1996 810 2036 sive
826 1994 1058 2051 στρατηγὸν,
1079 2009 1204 2048 quem
1220 1995 1296 2034 Ca·

60 2074 124 2100 res
146 2068 186 2099 et
199 2059 364 2113 Bithyni
392 2057 595 2109 colebant,
630 2057 827 2112 quusque
857 2057 1074 2112 θαυμαστὸν
1106 2056 1290 2111 ἄγαλμα,

60 2120 216 2162 Daedali
240 2135 366 2176 opus,
394 2121 435 2160 in
470 2120 722 2175 Bithyniacis
755 2121 838 2160 suis
870 2128 1072 2160 memorat
1094 2120 1294 2160 Arrianus

0 2207 1 2220 1
54 2196 125 2237 ap.
158 2181 346 2223 Eustath.
367 2180 417 2222 ad
438 2181 566 2222 Dion.
601 2182 697 2235 793.
723 2181 922 2221 Amastris
946 2194 1110 2233 quoque
1134 2179 1232 2219 urbs
1252 2180 1294 2219 in

56 2246 197 2285 nnmis
232 2243 408 2285 habebat
441 2246 588 2283 Jovem
626 2241 857 2296 στρατηγὸν,
895 2241 1051 2281 hastam
1088 2249 1293 2284 tenentem

63 2307 78 2363 (
97 2306 253 2348 Combe
273 2307 399 2346 Num.
416 2307 527 2345 Mus.
551 2305 653 2345 Brit.
667 2306 743 2353 IX,
769 2319 809 2356 9,
836 2317 885 2344 10
906 2303 937 2357 ).
961 2305 1023 2342 De
1037 2302 1123 2342 aliis
1139 2303 1291 2351 numis,

55 2370 133 2423 -qui
145 2372 170 2409 J
172 2382 290 2409 ovem
304 2369 595 2422 imperatorem
612 2366 822 2414 exhibent,
837 2379 876 2405 v.
890 2365 1046 2404 Rasche
1060 2367 1160 2404 Lex.
1175 2379 1291 2403 num.

61 2433 118 2480 Π,
137 2444 162 2471 2
181 2445 223 2485 p.
243 2434 321 2483 669
343 2444 422 2483 sq.‚
445 2429 634 2470 Pedrusii
649 2431 759 2468 Mus.
779 2430 944 2467 Farnes.
967 2427 1022 2476 V,
1038 2426 1142 2467 Tab.
1164 2440 1229 2479 17,
1252 2440 1293 2466 2.

60 2495 124 2534 De
141 2495 243 2533 Jove
258 2493 362 2532 Urio
378 2492 419 2530 in
437 2490 570 2531 Sicilia
584 2490 693 2530 culto
711 2504 748 2529 v.
769 2489 980 2542 inscriptio
993 2487 1035 2527 in
1050 2486 1297 2538 Zeitschrift

58 2554 97 2607 f.
117 2553 298 2594 Alterth.
324 2554 444 2602 1844,
478 2567 519 2606 p.
545 2565 653 2605 9923
682 2551 733 2591 de
756 2550 901 2591 eodem
915 2550 960 2590 in
972 2547 1215 2590 Macedonia
1240 2548 1293 2589 ef.

61 2617 207 2657 Cicero
224 2617 264 2655 in
281 2616 418 2656 Pison.
451 2614 519 2664 35,
547 2614 616 2656 85.
638 2607 837 2654 Ceterum
856 2629 894 2654 v.
920 2615 1061 2654 Osann
1080 2613 1121 2651 in
1144 2612 1293 2666 Syllog.

63 2679 312 2732 inscript..p.
332 2679 411 2717 228
437 2684 477 2715 et
489 2675 673 2729 ejusdem
695 2676 854 2731 epistol.
874 2677 915 2715 in
933 2674 1175 2716 Hoffmann.
1194 2673 1293 2714 edit.

63 2739 227 2780 Arrian.
247 2752 290 2792 p.
318 2751 413 2776 211.
440 2739 501 2776 De
520 2738 603 2776 situ
622 2737 699 2777 loci
718 2745 811 2791 post
835 2738 902 2776 Fr.
925 2736 1126 2776 Krusium
1150 2736 1166 2788 ζ
1185 2737 1298 2776 Aas-

60 2815 251 2852 messung
270 2799 339 2839 cles
362 2803 521 2839 Pontus
550 2803 663 2840 Enx.
691 2801 794 2840 1818
825 2814 867 2853 p.
893 2799 945 2839 32
965 2801 981 2852 )
1001 2796 1068 2838 adi
1088 2796 1297 2838 Clarkium

71 2863 238 2906 Travcls
256 2864 291 2910 I,
314 2877 349 2901 c.
370 2866 438 2910 26,
464 2877 506 2916 p.
533 2864 628 2903 680.
653 2862 668 2915 ΙΙ
692 2885 746 2892 -
768 2861 805 2901 5.
832 2859 1034 2914 Ῥήδας]
1064 2860 1300 2900 etiamnunc

66 2926 175 2967 Riva
197 2923 478 2965 fluviusculus.
504 2923 568 2964 Cf.
590 2924 733 2978 Scylax
754 2926 776 2975 ἓ
803 2936 856 2976 92
882 2923 983 2976 ibiq.
1009 2930 1114 2972 not.;
1144 2921 1299 2962 Plinius

65 2989 141 3038 VI,
163 3002 180 3028 1
200 3001 209 3029 :
234 2988 370 3028 amnis
390 2987 552 3029 Rhebas
568 3001 683 3042 quem
699 2986 883 3026 nonnulli
899 2985 1071 3026 Rhesum
1086 2984 1296 3025 dixerant.

65 3050 169 3092 Tab.
191 3052 379 3104 Peuting.
402 3064 411 3091 :
432 3050 491 3090 ad
505 3050 683 3091 Herbas.
709 3052 861 3102 Geogr.
880 3051 979 3089 Rav.
1002 3049 1057 3097 V,
1077 3063 1100 3101 9
1125 3060 1135 3087 τ
1167 3048 1296 3088 Erba.

68 3112 198 3153 Series
220 3113 406 3154 locorum
433 3126 561 3166 usque
575 3112 628 3152 ad
650 3111 863 3154 Amastrin
878 3110 921 3150 in
940 3111 1093 3163 Geogr.
1113 3111 1297 3150 Ravenn.

70 3174 87 3225 (
112 3188 205 3214 cum
237 3189 321 3228 quo
347 3174 442 3215 facit
471 3174 574 3215 Tab.
599 3176 718 3215 Peut.
740 3177 755 3227 )
790 3174 876 3214 haec
898 3180 959 3213 est
985 3185 995 3213 :
1025 3170 1167 3219 Urion‚
1201 3174 1302 3211 Pro-

70 3235 326 3283 montoriam,
361 3237 491 3286 Erba,
513 3237 686 3285 Melena,
712 3239 886 3284 Arlane,
919 3234 1073 3276 Filium
1103 3235 1121 3286 (
1136 3233 1302 3273 Philam

70 3296 120 3335 T.
151 3297 199 3336 P.
218 3297 249 3347 ),
292 3295 444 3344 Chelas,
469 3297 651 3347 Sagaris,
683 3296 888 3351 Hippion,
915 3295 1070 3336 Bilimn
1104 3294 1301 3347 (lisleum

70 3358 120 3397 T.
151 3358 197 3397 P.
221 3358 253 3409 ),
280 3360 442 3410 Melini,
466 3358 689 3408 Heraclea,
710 3358 840 3398 Sileon
864 3359 880 3411 (
904 3357 1098 3411 scylleam
1115 3357 1167 3397 T.
1197 3358 1244 3397 P.
1267 3357 1299 3411 )‚

77 3418 195 3466 Τίοη,
232 3420 431 3458 Amastra
465 3420 710 3471 (Illastrttm
740 3421 790 3460 T.
828 3421 875 3459 P.
902 3421 934 3472 ).
965 3419 1321 3471 Promontoriuln

66 3479 186 3535 quod
204 3486 297 3519 ante
310 3480 495 3520 Rhebam
511 3481 554 3520 ss.
575 3482 762 3534 ponitur,
779 3480 892 3520 haud
908 3480 1034 3520 dubie
1045 3480 1088 3520 id
1106 3489 1167 3520 est
1190 3481 1303 3534 quod

73 3545 314 3595 Ancyraeum
330 3540 430 3582 dicit
441 3543 662 3596 Dionysius
676 3544 773 3596 Byz.
790 3541 901 3596 apud
917 3541 1086 3582 Gillium
1104 3543 1168 3581 De
1177 3543 1301 3596 Bosp.

74 3602 225 3643 Thrac.
249 3602 324 3651 ΙΙΙ,
350 3614 374 3641 2
392 3615 435 3656 p.
458 3604 551 3643 186.
575 3603 655 3656 Η-
669 3606 707 3643 6.
727 3602 859 3643 Μὲλα
874 3616 911 3642 ιν
926 3617 950 3641 α
981 3602 1067 3656 ἄκρ
1081 3603 1135 3656 α]
1154 3604 1306 3644 Praeter

73 3664 317 3717 Menippum
337 3677 403 3716 ap.
437 3664 635 3705 Marcian.
671 3663 698 3704 l.
725 3663 772 3714 l.‚
795 3666 1004 3719 Anonym.
1032 3667 1054 3715 S
1084 3665 1124 3713 3,
1150 3666 1302 3718 Geogr.

75 3728 195 3774 Ram,
216 3725 320 3765 Tal).
353 3727 398 3765 P.
434 3725 526 3766 vide
544 3725 735 3781 Apollon.
774 3726 911 3768 Rhod.
944 3728 1001 3776 11,
1025 3727 1134 3780 349:
1159 3724 1303 3779 Ῥήὸαν

70 3787 249 3841 ὠκυρόην
267 3785 440 3841 ποταμὸν
458 3783 577 3835 ἀκτήν
597 3788 615 3841 (
629 3786 778 3842 ἄκρηνὲ
794 3791 812 3842 )
834 3803 875 3828 τε
895 3786 1092 3829 Μέλαιναν
1110 3789 1306 3844 γνάμψαν-

75 3863 136 3895 τες
159 3847 275 3899 νήσου
299 3847 482 3900 Θυνηίδος
504 3849 624 3903 ὅρμον
638 3848 789 3900 ἵκησθε.
810 3851 867 3900 ΙΙ,
894 3850 970 3890 651
1003 3861 1014 3889 :
1042 3847 1184 3900 Ῥήὸαν
1204 3852 1304 3892 ὠκυ-

77 3911 169 3964 ρόην
190 3909 362 3965 ποταμὸν
391 3910 579 3951 σκόπελόν
612 3926 653 3951 τε
682 3911 885 3964 Κολώνης,
922 3911 1040 3966 ἄκρην
1072 3912 1106 3950 ’δ’
1135 3912 1178 3952 οὖ
1210 3913 1304 3967 μετὰ

74 3972 176 4024 δηθὰ
199 3972 465 4028 παρεξενέοντο
487 3970 706 4024 Μέλαιναν,
726 3976 774 4029 τῇ
796 3974 830 4014 δ’
847 3974 905 4029 ἄρ’
927 3972 987 4014 ἔπι
1002 3973 1173 4028 προχοὰς
1196 3976 1303 4015 Φυλ-

904 158 1195 204 PERIPLUS
1239 157 1423 205 PONTl
1457 160 1684 215 EUXINI.

2492 180 2575 219 381

1351 266 1465 306 Jovis
1482 267 1574 307 Urii
1593 281 1616 307 a
1644 267 1840 321 Byzantio
1859 266 1981 308 distat
2003 276 2171 309 centum
2193 278 2234 310 et
2266 272 2406 324 viginti
2428 276 2580 327 stadia;

1352 342 1474 388 atque
1489 344 1549 375 est
1568 335 1624 375 ibi
1644 350 1688 375 os
1702 336 1823 376 Ponti
1838 336 2189 388 angustissimum,
2207 351 2280 392 per
2296 341 2409 392 quod
2430 343 2470 382 in
2485 346 2585 387 Prn-

1351 400 1567 455 pontidem
1587 401 1753 442 labitur.
1813 405 1868 443 At
1887 403 1974 443 haec
1989 401 2159 456 quidem
2178 408 2360 446 noscenti
2381 408 2453 448 tibi
2473 409 2582 452 dico.

1352 467 1419 508 Ab
1443 469 1570 508 Hiero
1592 477 1729 509 autem
1754 469 2041 521 navigantibus
2062 484 2086 509 a
2104 469 2248 511 dextra
2277 476 2455 514 occurrit
2478 478 2583 518 Rhe-

1351 534 1423 575 bas
1451 535 1600 575 fluvius
1633 549 1642 575 :
1669 535 1894 589 nonaginta
1924 535 2053 576 stadia
2074 536 2126 577 ab
2155 538 2282 579 Hiero
2294 541 2417 589 ‚Jovis
2446 542 2583 585 distat.

1351 601 1418 644 Ab
1442 602 1522 642 hoc
1549 605 1656 643 Aera
1671 602 1859 643 'Melaena
1885 601 2242 659 (Promontoriam
2263 610 2432 662 atram)
2465 623 2586 664 quam

1351 679 1516 722 vocant,
1534 670 1648 712 abest
1663 680 1831 713 centum
1840 680 1881 713 et
1893 672 2188 728 quinquaginta
2200 674 2343 717 stadia.
2403 677 2469 718 Ab
2482 680 2590 720 Aera

1351 737 1518 779 Melaena
1541 739 1594 780 ad
1616 741 1801 781 Artanen
1826 739 1999 780 fluvium
2014 771 2025 790 ‚
2050 740 2122 781 ubi
2145 750 2185 782 et
2218 743 2337 783 statio
2358 746 2492 798 parvis
2515 761 2587 787 na-

1353 807 1470 848 vibus
1479 807 1600 862 juxta
1615 808 1757 849 fanum
1774 810 1971 860 Veneris,
1986 818 2151 850 centum
2166 812 2316 865 pariter
2330 820 2370 852 et
2385 813 2589 868 quinqua-

1352 878 1463 930 ginta
1485 877 1629 918 stadia.
1691 878 1757 920 Ab
1777 881 1931 919 Artane
1962 879 2015 920 ad
2032 879 2158 920 Psilin
2175 880 2347 922 fluvium
2363 891 2527 924 centum
2547 893 2589 925 et

1357 1010 1507 1062 ληΐδας.
1535 1011 1598 1053 Cf.
1634 1012 1766 1067 Orph.
1804 1015 1960 1066 Argon.
2001 1027 2096 1067 711.
2128 1016 2370 1069 Anonymus
2392 1015 2588 1059 Μέλαιναν

1359 1073 1476 1127 ἄκραν
1497 1088 1572 1114 suo
1593 1082 1778 1129 tempore
1801 1075 2039 1130 Καλίνακρον
2062 1076 2116 1128 (i.
2136 1091 2172 1117 e.
2194 1074 2326 1128 Καλὴν
2347 1077 2464 1133 ἄκραν
2483 1079 2496 1135 )
2519 1096 2590 1122 vo·

1359 1136 1443 1175 cari
1459 1135 1573 1176 dicit.
1602 1136 1846 1177 Ptolemaeus
1868 1138 1923 1187 V,
1947 1151 1963 1176 1
1982 1151 2025 1192 p.
2058 1138 2153 1188 312,
2173 1152 2197 1191 7
2221 1138 2327 1178 inter
2349 1138 2449 1194 ἱερὸν
2472 1139 2589 1195 ’Apte'-

1362 1198 1468 1252 μιδος
1496 1200 1512 1250 (
1534 1198 1620 1248 560,
1652 1197 1720 1239 25’
1737 1198 1878 1252 long.)
1912 1207 1952 1239 et
1974 1198 2155 1254 Ἀρτάκην
2175 1200 2318 1254 χωρίον
2340 1203 2458 1255 ponit
2479 1204 2590 1244 Βιθυ-

1360 1261 1440 1308 νίας
1474 1260 1592 1315 ἄκραν
1628 1263 1645 1315 (
1678 1261 1771 1312 560,
1792 1261 1858 1310 45¹
1873 1262 1984 1316 long.
2019 1264 2052 1316 )‚
2089 1262 2203 1317 quod
2225 1262 2277 1303 de
2303 1265 2431 1318 Nigro
2451 1275 2590 1307 nostro

1358 1323 1646 1376 promontorio
1668 1322 1978 1377 intelligendum
1996 1331 2072 1364 est.
2112 1340 2128 1361 α
2148 1325 2239 1364 Hoc
2258 1329 2590 1378 promontorium

1360 1398 1465 1436 a’gre
1487 1399 1563 1437 ego
1587 1383 1837 1424 crediderim
1867 1399 1952 1424 esse
1971 1383 2221 1424 hodiernum
2245 1389 2359 1426 Kara
2387 1391 2588 1436 Boaroun,

1361 1446 1546 1498 quamvis
1570 1446 1747 1485 multum
1776 1447 1982 1496 eminens;
2016 1447 2186 1486 minime
2207 1448 2318 1488 enim
2350 1448 2481 1490 stadia
2518 1451 2593 1492 150

1363 1500 1498 1547 forent
1515 1522 1539 1547 a
1560 1507 1703 1547 Rheba
1717 1506 1769 1547 ad
1786 1508 2013 1558 Melaenam,
2031 1522 2109 1548 nec
2130 1510 2224 1548 satis
2240 1509 2319 1549 hoc
2335 1510 2591 1552 intervallum

1366 1569 1444 1610 150
1472 1569 1703 1609 stadiorum
1725 1576 1938 1623 superaret
1965 1569 2224 1610 intervallum
2245 1585 2298 1624 90
2320 1571 2547 1614 stadiorum
2571 1591 2595 1616 a

1362 1632 1546 1685 Bosporo
1569 1629 1621 1670 ad
1645 1629 1844 1670 Rhebam.
1868 1630 2125 1671 Crediderim
2146 1631 2359 1672 Melaenam
2387 1648 2472 1674 esse
2499 1649 2595 1689 pro-

1363 1693 1617 1731 montorium
1633 1691 1842 1746 quoddam
1863 1693 2059 1732 omissum
2079 1694 2120 1732 in
2136 1695 2337 1735 Gauttieri
2359 1699 2475 1736 Carte
2490 1697 2539 1736 de
2554 1699 2595 1738 la

1363 1755 1456 1794 Mer
1482 1753 1623 1801 Noire,
1660 1753 1733 1793 sed
1756 1753 1871 1807 quod
1893 1756 2052 1808 reperio
2076 1755 2118 1794 in
2143 1757 2257 1794 Carte
2279 1755 2295 1807 (
2314 1758 2595 1814 manuscrite)

1363 1814 1412 1854 de
1427 1815 1646 1855 l'ancienne
1665 1814 1854 1869 Bithynie
1862 1830 1948 1871 par
1960 1817 2108 1871 Ioseph
2126 1817 2347 1866 Jonmnnin,
2364 1817 2390 1857 ὰ
2409 1822 2598 1862 Constan-

1366 1876 1531 1932 tinople,
1562 1879 1683 1926 1826,
1701 1876 1837 1931 paullo
1857 1876 1910 1916 ad
1925 1876 2127 1916 orientem
2146 1875 2337 1917 hodierni
2360 1882 2598 1921 Kara-Boa-

1365 1953 1480 1979 roan.
1504 1940 1594 1980 Hoc
1612 1939 1945 1993 promontorium
1961 1952 2055 1978 vere
2071 1939 2114 1978 in
2133 1938 2271 1979 medio
2290 1948 2350 1980 est
2365 1941 2472 1981 inter
2492 1943 2598 1983 Rhe-
2633 1971 2635 1973 -

1366 1999 1459 2040 bam
1477 2000 1492 2056 (
1508 2004 1618 2041 Riva
1638 2003 1653 2053 )
1677 2009 1717 2040 et
1742 2000 1847 2041 Chili
1863 2000 1924 2049 ss.‚
1957 2002 2139 2041 Artanen
2160 2002 2339 2042 Arriani.
2363 2002 2537 2044 Leakius
2555 2006 2596 2045 in

1364 2064 1500 2115 Essay
1513 2060 1568 2114 of
1572 2076 1599 2101 a
1614 2075 1710 2116 map
1720 2060 1774 2114 of
1778 2061 1887 2102 Asia
1902 2061 2035 2101 minor
2052 2063 2266 2103 Melaenam
2281 2063 2449 2117 quidem
2462 2068 2599 2119 posuit

1365 2123 1418 2163 ad
1436 2123 1637 2163 orientem
1653 2123 1795 2177 capitis
1815 2126 2151 2171 Kara-Boaroun,
2171 2124 2242 2164 sed
2259 2120 2382 2166 nimis
2397 2136 2597 2168 remotam

1364 2183 1417 2223 ad
1453 2184 1668 2223 orientem.
1710 2200 1726 2219 n
1755 2181 1950 2222 Gmmcs.
1977 2184 2221 2237 Forbigerus
2250 2187 2305 2234 H,
2342 2200 2385 2239 p.
2426 2188 2505 2241 377
2537 2190 2597 2229 vel

1365 2246 1500 2298 ipsum
1536 2243 1671 2285 Tchili
1685 2243 1899 2284 Melaenam
1923 2258 2059 2284 acram
2080 2259 2165 2285 esse
2188 2246 2394 2300 opinatur.
2423 2250 2597 2303 Lapieus

1365 2306 1699 2359 promontorium
1726 2313 1916 2344 nostrum
1934 2320 2020 2346 esse
2044 2306 2244 2362 vulttpres
2262 2306 2311 2346 de
2330 2310 2597 2350 Kermankia-

1365 2368 1457 2417 Δία,
1490 2383 1539 2408 ex
1569 2367 1690 2408 Gailii
1719 2367 1961 2407 rationibus.
1997 2363 2115 2419 Quas
2137 2367 2305 2421 quidem
2341 2370 2598 2423 opinationes
2621 2412 2633 2417 -

1366 2430 1482 2469 nihili
1519 2444 1605 2470 esse
1634 2437 1750 2484 puto.
1796 2430 1903 2469 Nam
1942 2432 2262 2468 Isara-Bouroan
2294 2443 2423 2483 quum
2462 2432 2597 2486 ipsum

1366 2505 1518 2531 nomen
1534 2491 1896 2545 antiquumservet
1913 2491 1929 2542 (
1938 2504 2033 2530 nam
2046 2493 2161 2530 Kara
2175 2498 2235 2529 est
2253 2489 2456 2547 nigrum),
2477 2501 2599 2547 atque

1368 2554 1537 2592 unicum
1569 2552 1621 2592 sit
1648 2565 1782 2606 prom.
1791 2582 1802 2602 ‚
1824 2550 1939 2605 quod
1967 2551 2011 2591 in
2033 2551 2113 2591 hoc
2136 2559 2269 2591 tractu
2296 2552 2526 2594 notandum
2555 2556 2598 2596 in

1366 2614 1538 2655 modum
1560 2621 1797 2669 procurrat,
1821 2612 1864 2652 id
1890 2612 2003 2653 haud
2025 2613 2208 2653 omiserit
2229 2622 2386 2664 auctor,
2410 2625 2455 2656 ut
2481 2617 2599 2657 aliam

1368 2677 1575 2730 quandam
1617 2677 1747 2718 litoris
1782 2675 2125 2732 proeminentiam
2159 2675 2380 2728 ignobilem
2422 2686 2598 2728 notaret,

1368 2753 1492 2792 quam
1512 2740 1554 2779 in
1582 2739 1739 2794 mappis
1757 2739 2072 2780 accuratissimis
2088 2738 2335 2779 Hamiltonis
2349 2769 2361 2788 ,
2378 2740 2601 2793 Mangana-

1368 2802 1443 2851 rii,
1465 2802 1653 2856 Kieperti
1667 2832 1679 2851 ,
1706 2801 1855 2842 frustra
1878 2815 2034 2855 quaero.
2060 2799 2221 2852 Quodsi
2239 2799 2430 2841 distantia
2450 2802 2601 2842 stadio-

1368 2877 1461 2903 rum
1501 2864 1579 2904 150
1599 2863 1728 2903 nimia
1763 2871 1837 2912 est,
1862 2876 2009 2917 parum
2045 2870 2233 2902 accurate
2257 2876 2346 2902 eam
2366 2863 2485 2903 sicuti
2507 2865 2603 2904 alias

1370 2925 1516 2965 multas
1549 2925 1749 2966 Arrianus
1775 2923 1992 2965 tradidisse
2027 2922 2255 2964 censendus
2290 2932 2371 2973 est;
2406 2924 2530 2978 idque
2553 2940 2603 2965 eo

1370 2987 1663 3042 comprobatur
1681 2985 1795 3040 quod
1824 2986 1866 3025 in
1888 2985 1994 3026 Tab.
2025 2986 2214 3038 Peuting.
2236 2999 2259 3024 a
2281 2985 2422 3025 Rheba
2441 2985 2492 3025 ad
2514 2989 2602 3026 Me-

1370 3049 1514 3089 laenam
1561 3048 1727 3088 nonnisi
1771 3051 1819 3088 16
1861 3047 1960 3087 mill.
2008 3048 2024 3099 (
2054 3060 2130 3087 120
2163 3045 2268 3098 stad.
2295 3047 2310 3098 )
2329 3076 2340 3094 ,
2380 3061 2403 3085 a
2433 3047 2599 3088 Melaena

1371 3119 1506 3152 autem
1523 3110 1575 3151 ad
1605 3114 1787 3152 Artanen
1812 3123 1859 3162 19
1883 3109 1983 3149 mill.
2018 3107 2031 3163 (
2057 3109 2132 3148 152
2151 3106 2256 3147 stad.
2278 3109 2294 3160 )
2315 3117 2598 3148 numerantur.

1378 3174 1466 3226 11-
1486 3176 1526 3213 8.
1547 3171 1580 3213 ’A
1593 3188 1612 3226 ρ
1625 3188 1646 3212 τ
1659 3173 1682 3211 ά
1695 3187 1746 3222 νη
1761 3186 1780 3210 ν
1814 3185 1925 3210 ποτ.
1945 3171 1959 3223 ]
1981 3168 2054 3223 Ἄρ.
2071 3183 2157 3209 ποτ.
2179 3168 2324 3222 χωρίον
2340 3170 2597 3222 Anonymus.

1372 3235 1436 3275 Cf.
1453 3235 1651 3275 Marciani
1676 3234 1860 3286 Menipp.
1886 3232 1913 3271 l.
1937 3232 1963 3280 l,
1989 3231 2060 3284 qui
2076 3230 2120 3270 h.
2145 3230 2173 3270 l.
2193 3230 2337 3270 lacuna
2355 3229 2526 3270 laborat.
2549 3232 2602 3271 To

1373 3297 1516 3352 χωρίον
1528 3304 1695 3350 vocatur
1712 3294 1864 3348 Ἀρτάνη
1877 3308 1942 3347 ap.
1955 3291 2186 3346 Geograph.
2202 3293 2383 3332 Ravenn.
2397 3300 2436 3332 et
2446 3292 2599 3334 inTab.

1373 3360 1581 3411 Peuting.,
1622 3372 1696 3396 nec
1724 3370 1807 3395 non
1840 3354 1949 3408 apud
1978 3355 2111 3407 ipsum
2133 3353 2358 3405 Arrianum
2382 3353 2424 3392 in
2446 3367 2559 3408 seqq.
2590 3367 2599 3394 :

1375 3419 1449 3462 ἀπὸ
1473 3423 1538 3470 τῆς
1569 3418 1766 3472 Ἄρτάνης;
1794 3415 1904 3456 unde
1924 3414 2139 3470 suspiceris
2162 3414 2205 3454 in
2224 3422 2380 3454 antece.
2399 3414 2522 3455 verba
2540 3415 2604 3455 καὶ

1373 3482 1518 3538 χωρίον
1553 3479 1749 3521 excidisse
1776 3478 1837 3517 vel
1871 3477 2050 3530 neglecta
2075 3490 2175 3516 esse.
2200 3478 2280 3530 Ap.
2299 3475 2472 3517 Ptolem.
2495 3477 2550 3525 V,
2583 3491 2601 3516 1

1374 3559 1417 3600 p.
1439 3546 1533 3593 312,
1559 3545 1582 3583 8
1611 3548 1802 3595 corrupte
1826 3539 1972 3592 legitur
1996 3537 2150 3592 Ἀρτάκη
2166 3537 2312 3591 χωρίον
2337 3535 2434 3591 (570
2449 3536 2601 3592 long.),

1375 3621 1399 3646 a
1435 3603 1720 3660 promontorio
1749 3600 1950 3655 Bithyniae
1986 3598 2142 3639 distans
2169 3599 2294 3638 unius
2322 3596 2473 3650 gradus
2491 3607 2605 3652 parte

1376 3676 1533 3722 quarta.
1558 3664 1747 3706 Fluvium
1776 3663 1917 3718 Scylax
1937 3676 2103 3717 quoque
2122 3667 2344 3709 memorat3
2369 3659 2492 3699 situm
2519 3659 2605 3712 ejus

1376 3729 1559 3769 indicant
1581 3742 1602 3767 0
1623 3726 1819 3779 Menippo
1842 3727 2086 3778 Anonymus
2119 3730 2159 3762 et
2179 3721 2412 3762 Marcianus
2435 3720 2569 3759 verbis
2592 3735 2601 3761 :

1375 3791 1597 3845 παράκειται
1620 3787 1659 3827 δὲ
1684 3787 1748 3827 καὶ
1767 3787 1914 3838 νησίον,
1934 3787 2025 3840 ὅπερ
2045 3784 2224 3831 σκεπάζει
2240 3782 2307 3823 τὀν
2327 3781 2488 3835 λιμένα;
2514 3794 2605 3833 quae

1376 3852 1541 3907 quidem
1553 3849 1686 3890 insula
1697 3846 2166 3902 adjacetl·10diernoloco
2179 3843 2385 3896 fluvioque
2403 3841 2603 3882 Tschilele.

1382 3916 1464 3968 11—
1477 3927 1538 3954 10.
1551 3913 1595 3951 Ψ
1612 3911 1658 3951 ίλ
1670 3926 1680 3950 ι
1691 3925 1709 3950 ν
1730 3926 1786 3951 πο
1796 3926 1831 3951 τ.
1848 3912 1862 3965 ]
1880 3910 2002 3950 Ψίλιν
2015 3908 2183 3949 ssuvium
2197 3905 2424 3945 dicitetiam
2438 3902 2605 3957 Eupho-1

1377 3978 1439 4018 rio
1460 3973 1567 4030 apud
1587 3973 1726 4027 Steph.
1745 3974 1841 4027 Byz.
1869 3987 1905 4012 v.
1930 3970 2102 4011 Ἀσκανία
2111 3985 2122 4021 ,-
2145 3966 2322 4008 Ψιλλίδα
2337 3967 2602 4021 Anonymus;
