2808 4342
114 172 311 235 (πε-π.)

196 275 391 338 Κόρκυρα
408 277 529 331 νῆσος
548 274 582 319 δ’
598 274 684 319 ἐστὶ
701 272 811 318 κατὰ
831 275 1123 338 Θεσπρωτίαν.

196 343 319 391 Μετὰ
335 341 426 394 τοὺς
441 340 483 387 δὲ
501 341 780 403 Θεσπρωτοὺς
796 344 1005 389 Μολοττοὶ
1020 345 1234 406 λεγόμενοι
1296 342 1297 345 “

194 415 368 458 οἰκοῦσιν
381 446 394 470 ,
416 409 482 462 οὓς
499 410 733 472 κατήγαγεν
753 411 916 475 Πύρρος
939 413 1039 459 ποτέ
1054 450 1067 474 ,

192 484 213 526 ὅ
232 477 524 536 Νεοπτολέμου
549 485 672 537 παῖς,
690 478 718 535 ἥ
734 498 778 524 τε
797 481 976 538 Δωδώνη
998 483 1093 536 Διός

112 565 175 596 4ὖο
201 555 406 607 μαντεῖον·
426 547 564 610 ἵδρυμ’
584 551 670 595 ἐστὶ
689 551 727 594 δ’
746 542 815 596 οὖν
837 552 1117 612 Πελασγικόν.

191 618 264 664 Ἔν
285 621 334 679 τῇ
357 617 557 680 μεσογείῳ
577 619 613 662 δ’
635 618 711 664 εἰσὶ
733 619 901 680 μιγάδες
922 619 1149 683 βάρὸαροι,

195 686 263 739 οὒς
282 687 353 732 καὶ
379 694 612 750 προσοικεῖν
632 706 732 751 φασι
751 692 810 752 τῷ
833 691 1091 752 χρηστηρίῳ.

153 784 162 789 -
197 756 317 802 Μετὰ
336 755 428 809 τοὺς
451 756 690 810 Μολοττοὺς
712 759 748 802 δ’
773 758 1006 822 Ἀμὸρακία
1027 760 1250 823 Κορινθίων

189 825 356 878 ἄποικός
376 828 498 872 ἐστιν*
519 825 667 888 ᾤκισεν
689 828 724 872 δ’
745 830 766 872 ὁ
785 828 978 891 Κυψέλου

103 911 165 942 455
189 895 316 952 αὐτὴν
333 895 531 959 πρότερον
553 903 650 949 παῖς
667 896 833 960 Γόργος·
855 891 930 944 εἶτ’
949 899 1241 962 Ἀμφιλοχικόν

185 963 228 1011 Ἄ
237 983 329 1027 ργσς
346 966 578 1027 λεγόμενον·
598 971 718 1013 τοῦτο
735 967 776 1012 δὲ
793 969 931 1013 κτίσαι
951 969 1062 1014 δοκεῖ

185 1034 453 1098 Ἀμφίλοχος,
477 1035 560 1088 υἱὸς
580 1036 834 1100 Ἀμφιαράου
858 1039 1056 1098 μάντεως.

187 1104 283 1149 Εἰσὶ
306 1106 341 1149 δ’
365 1105 503 1150 ἐπάνω
523 1105 677 1151 τούτων
699 1105 854 1152 ἔποικοι
875 1106 1094 1171 βάρὸαροι.

186 1171 259 1218 Ἐν
281 1177 332 1236 τῇ
350 1174 536 1239 παραλίᾳ
553 1175 590 1220 δ’
605 1175 694 1221 ἔστ’
711 1175 968 1238 Ἀνακτόριον
989 1177 1118 1229 πόλις·

101 1256 164 1288 460
187 1242 339 1300 ταύτην
355 1245 390 1289 δ’
415 1245 658 1308 Ἀκαρνᾶνες
680 1264 723 1290 τε
742 1246 813 1291 καὶ
834 1246 1038 1308 Κορίνθιοι

186 1313 415 1376 ἀπῴκισαν·
436 1314 656 1374 μετέπειτα
674 1315 708 1360 δ’
726 1315 986 1378 Ἀκαρνανία·

184 1375 240 1426 ὧν
261 1381 350 1434 τοὺς
370 1382 444 1442 μὲν
464 1383 706 1443 Ἀλκμέωνά
731 1404 852 1447 φασιν
871 1384 1050 1441 οἰκίσαι,

182 1450 273 1502 τοὺς
293 1452 335 1496 δὲ
355 1452 423 1497 τὸν
444 1452 597 1498 ἐκείνου
618 1454 730 1499 παῖδ’
751 1454 980 1516 Ἀκαρνᾶνα
999 1455 1154 1500 κτίσαι.

183 1521 352 1566 Κεῒνται
375 1520 416 1565 δὲ
438 1521 509 1566 καὶ
532 1526 649 1577 νῆσοι
673 1523 780 1568 κατὰ
803 1523 957 1579 ταύτην
977 1525 1174 1576 πλείονες

95 1604 157 1634 465
180 1588 342 1640 Λευκὰς
363 1588 436 1649 μὲν
457 1592 497 1635 ἓν
514 1590 717 1652 πρώταις,
739 1592 962 1653 Κορινθίων
979 1592 1132 1651 κτίσις,

180 1648 252 1702 εἷθ’
271 1660 296 1711 ἡ
321 1657 602 1719 Κεφαλλήνων
618 1693 630 1715 ,
652 1658 797 1715 Ἰθάκη
817 1659 860 1704 δὲ
878 1660 1053 1716 πλησίον
1068 1696 1079 1718 ,

178 1725 206 1780 ἥ
229 1745 272 1771 τε
290 1727 593 1790 Πελοποννήσῳ
614 1727 807 1790 σύνεγγυς
829 1729 995 1790 κειμένη

179 1794 406 1856 Ζάκυνθος,
427 1788 529 1842 εἶτεν
548 1800 590 1843 αἱ
613 1797 869 1853 καθήκουσαι
888 1798 1017 1861 πέραν

177 1865 278 1926 πρὸς
293 1864 360 1910 τὸν
384 1866 585 1929 Ἀχελῷον
599 1903 610 1924 ,
627 1867 845 1929 λεγόμεναι
862 1868 895 1913 δ’
915 1868 1145 1931 Ἐχινάδες.

92 1950 157 1982 470
179 1933 304 1991 Ἑξῆς
323 1934 497 1995 διέξιμεν
515 1936 557 1982 δὲ
578 1937 680 1982 πάλι
699 1937 772 1993 τὴν
795 1937 978 1985 Ἑλλάδα
996 1974 1008 1998 ,

179 2005 244 2050 ἐπὶ
264 2006 490 2068 κεφαλαίου
510 2006 601 2059 τούς
620 2026 662 2052 τε
680 2008 774 2069 περὶ
792 2007 918 2064 αὐτὴν
938 2008 1086 2060 τόπους

179 2075 342 2127 ἐθνικῶς
360 2074 548 2128 ἅπαντας
567 2077 658 2121 κατ’
681 2072 861 2141 Ἔφορον
882 2077 1122 2138 δηλώσομεν

178 2142 299 2189 Μετὰ
315 2142 405 2195 τοὺς
425 2144 667 2207 Ἀκαρνᾶνες
684 2147 757 2206 μὲν
776 2146 860 2191 ἔστ’
881 2148 1066 2192 Αἰτωλία
1080 2183 1092 2204 ,

179 2211 219 2264 ἐξ
234 2208 405 2264 ’Ἤλιδος
425 2214 613 2260 λαὸοῧσα
629 2215 703 2270 τὴν
725 2215 932 2260 ἀποικίαν·

93 2296 155 2326 475
178 2283 389 2342 Κουρῆτες
410 2282 535 2338 αὐτὴν
554 2283 634 2344 γὰρ
654 2282 864 2346 κατῴκουν
885 2284 931 2329 τὸ
949 2284 1165 2347 πρότερον,

179 2349 421 2411 ἀφικόμενος
438 2352 472 2395 δ’
495 2351 680 2402 Αἰτωλὸς
700 2354 745 2396 ἐκ
765 2354 837 2406 τῆς
858 2350 1029 2404 Ἤλιδος

178 2418 385 2463 Αἰτωλίαν
407 2419 587 2480 ὠνόμασ’
610 2420 785 2472 ἐκείνους
803 2420 1007 2468 ἓκὸαλών.

181 2486 291 2549 Πρὸς
310 2489 368 2550 τῷ
388 2486 490 2550 Ῥίῳ
510 2495 642 2533 κεῖται
663 2488 704 2533 δὲ
724 2487 975 2541 Ναύπακτος
991 2489 1129 2550 πόλις,

178 2556 228 2613 ἣν
250 2561 421 2619 Δωριεῖς
436 2557 638 2612 κτίζουσιν
660 2562 696 2605 οἳ
716 2559 787 2605 σὺν
807 2560 1006 2623 Τημένῳ.

94 2642 155 2672 480
177 2625 342 2671 ’Eum’
363 2629 439 2672 ἀπ’
456 2631 654 2674 Αἰτωλῶν
675 2635 940 2691 παροικοῦσιν
958 2630 1138 2691 Λοκροί,

177 2694 244 2747 οὓς
265 2695 436 2750 Ὀζόλας
459 2698 652 2754 καλοῧσ’,
670 2699 864 2750 ἀποίκους
882 2699 1123 2759 γενομένους

179 2764 259 2809 ἀπὸ
278 2768 357 2810 τῶν
379 2768 477 2828 πρὸς
498 2765 679 2812 Εὔὸοιαν
701 2770 870 2830 Λοκρῶν
889 2769 1202 2829 ἐστραμμένων.

94 2946 247 3000 Scylac.
267 2948 289 2999 S
308 2959 376 3000 27.
401 2947 417 3000 ss
441 2949 606 3000 -449,
621 2946 688 2998 ἤτε
704 2947 804 2987 Δωδ.
825 2947 919 2988 cod.
938 2948 954 3002 Η
968 2948 1129 2996 -455.
1152 2948 1332 3002 πρότερος

94 3008 187 3048 cod.
207 3011 269 3049 De
302 3023 347 3049 re
376 3008 462 3049 vid.
484 3017 572 3050 not.
602 3009 654 3050 ad
676 3010 809 3051 Nicol.
833 3013 1022 3051 Damaso.
1042 3010 1113 3061 fr.‚
1131 3019 1233 3052 tom.
1251 3012 1347 3061 111„

93 3083 135 3123 p.
155 3071 250 3123 394.
268 3070 449 3124 11-456.
465 3071 589 3112 κτίσοι
605 3071 698 3112 cod.
716 3073 731 3126 Η
748 3097 805 3103 —
817 3073 914 3127 457.
931 3074 996 3114 Sic
1008 3072 1328 3128 ctiamThucyd.

94 3134 149 3182 II,
170 3135 237 3174 68.
254 3133 447 3188 Ephorus
466 3133 517 3175 fr.
542 3136 594 3176 28
620 3135 828 3176 conditam
840 3135 988 3176 urbem
1005 3135 1055 3176 ab
1073 3136 1328 3186 Alcmaeone,

96 3192 400 3236 denominatam
423 3210 520 3237 vero
553 3210 639 3237 esse
662 3196 764 3238 dicit
797 3212 820 3238 a
853 3196 977 3238 fratre
1006 3196 1092 3252 ejus
1115 3198 1330 3261 Amphilo-

98 3254 190 3294 cho.
210 3256 265 3296 V.
284 3256 430 3297 Strabo
445 3271 488 3312 p.
505 3258 601 3298 326.
621 3261 718 3307 462.
740 3258 1018 3314 Apollodorus
1032 3260 1109 3310 III,
1129 3275 1169 3314 7,
1191 3275 1214 3313 7
1233 3262 1332 3300 Am-

97 3315 335 3368 philochum
353 3317 598 3359 Alcmaeonis
617 3319 748 3360 filium
763 3319 1023 3361 conditorem
1041 3320 1157 3361 urbis
1172 3320 1286 3361 dicit.
1310 3322 1324 3375 Η

97 3401 152 3407 -
164 3380 258 3425 461.
276 3378 346 3430 δ’ἣ
365 3378 587 3435 Ἀκαρνανία
602 3381 714 3433 cod.;
731 3382 1054 3438 em.Meineke.ll
1070 3408 1126 3414 —-
1145 3381 1332 3438 Ἀλκμέω-

99 3452 163 3484 νας
198 3437 310 3489 cod.;
349 3454 424 3494 vgo
457 3440 717 3498 Ἀλκμαίωνα;
755 3458 837 3484 em.
871 3444 1084 3495 Meineke,
1118 3445 1170 3487 de
1201 3446 1331 3487 forma

104 3498 291 3555 Ἀλκμέων
313 3501 484 3544 laudans
498 3506 663 3559 Fragm.
682 3507 800 3547 Com.
830 3520 892 3560 gr.
916 3509 993 3556 ΙΠ,
1009 3522 1053 3562 p.
1092 3513 1168 3550 106
1184 3524 1246 3564 sq.
1268 3512 1331 3550 De

98 3576 142 3601 re
166 3576 204 3602 v.
221 3561 377 3617 Ephor.
395 3563 447 3605 fr.
463 3567 531 3607 28.
554 3567 570 3620 Η
592 3591 650 3598 --
666 3568 763 3616 463.
784 3569 907 3608 παῖδα
923 3569 1093 3623 κάρνακα
1111 3570 1225 3621 cod.;
1246 3586 1327 3612 em.

97 3623 307 3665 Morellus.
337 3624 354 3679 ΙΙ
372 3649 429 3657 -—-
447 3624 518 3668 εἶτ’
538 3627 620 3668 ἔναι
640 3629 754 3680 cod.;
776 3644 858 3670 em.
874 3630 1022 3681 Mein.;
1046 3645 1124 3685 vgo
1144 3631 1217 3673 εἴτ’
1234 3631 1332 3673 ἔνιαι

98 3700 150 3726 ex
173 3685 282 3740 conj.
312 3686 530 3743 vindingi.
558 3691 574 3744 11
607 3715 664 3722 -
697 3694 794 3745 470.
824 3691 1005 3747 ’διεξίεμεν
1025 3692 1066 3734 δὲ
1083 3693 1198 3735 πάλιν
1215 3695 1327 3746 cod.;

99 3762 180 3788 em.
204 3747 436 3790 Meinekius
464 3749 619 3792 addens
641 3765 651 3792 τ
683 3771 699 3787 α
719 3748 785 3793 De
802 3751 934 3794 forma
952 3753 1066 3806 πάλι,
1089 3769 1170 3810 qua
1183 3757 1332 3797 Noster

100 3825 139 3850 v.
165 3810 241 3852 585
260 3842 270 3860 ‚
309 3810 478 3853 sortasse
501 3814 623 3854 etiam
657 3815 737 3863 834
767 3829 864 3856 usus
886 3825 960 3867 est,
993 3816 1079 3857 dixi
1108 3819 1151 3858 in
1171 3820 1328 3861 Comic.

100 3871 151 3913 fr.
177 3873 258 3913 vol.
283 3875 339 3924 ΙΙ,
358 3888 401 3929 p.
424 3874 520 3916 625.
542 3895 558 3911 n
585 3876 602 3929 ΙΙ
624 3900 681 3907 -
699 3879 796 3930 471.
823 3877 884 3918 ἐπὶ
900 3878 1095 3935 κεφαλαίῳ
1113 3880 1225 3930 cod.;
1247 3896 1328 3923 em.

99 3935 349 3987 Meinekius;
376 3935 436 3978 ἐπὶ
451 3937 659 3993 κεφαλαίου
677 3939 802 3981 hahes
828 3954 868 3981 v.
894 3955 969 3995 703
990 3941 1084 3982 licet
1104 3944 1225 3984 etiam
1251 3944 1328 3998 leg.

102 3997 164 4039 ἐπὶ
177 3998 409 4054 κεφαλαίων,
430 4008 478 4042 ut
505 4001 627 4055 vulgo
647 4001 796 4056 legitur
820 4004 862 4043 in
895 4003 1010 4045 editt.
1042 4003 1158 4046 Idem
1174 4007 1330 4047 Meine-

1092 177 1268 224 omns
1302 168 1676 230 Dssscamno.
2563 215 2646 253 ριν

1422 291 1603 346 Corcyra
1623 292 1757 334 insula
1766 302 1828 335 est
1847 295 2102 351 Thesprotiae
2121 303 2320 355 opposita,
2377 294 2381 298 ’

1421 357 1520 397 Post
1536 359 1805 414 Thesprotios
1821 362 1989 403 Molossi
2008 362 2109 405 dicti

1421 422 1607 465 habitant
1620 456 1632 476 ,
1650 440 1754 481 quos
1769 428 1868 469 olim
1890 429 2065 471 deduxit
2086 445 2135 472 eo
2159 435 2340 488 Pyrrhus
2354 468 2366 487 ,

1419 492 1680 548 Neoptolemi
1699 495 1823 548 filius,
1850 506 1890 538 et
1901 498 2079 540 Dodone
2091 531 2104 551 ,
2124 503 2149 542 J
2151 504 2238 543 ovis

1419 562 1633 604 oraculum
1652 565 1767 619 quod
1784 580 1809 607 a
1825 566 2001 622 Pelasgis
2019 569 2251 613 conditum.

1417 631 1467 669 In
1491 630 1794 674 mediterraneo
1812 643 1910 674 sunt
1928 636 2047 676 mixti
2067 636 2253 690 barbari,

1417 712 1521 752 quos
1542 699 1666 740 etiam
1688 701 1870 743 accolere
1891 702 2038 744 dicunt
2055 707 2282 750 oraculum.

1415 768 1514 807 Post
1526 767 1727 810 Molossos
1746 784 1843 811 vero
1869 772 2089 815 Ambracia
2113 776 2422 821 Corinthiorum

1416 835 1580 878 colonia
1601 845 1676 879 est.
1701 838 1901 881 Condidit
1918 841 2080 897 Cypseli

1414 917 1504 943 eam
1528 904 1626 945 olim
1641 905 1749 947 filius
1771 908 1951 962 GorguS.
1978 910 2086 951 Dein
2106 913 2464 968 Amphilochicum

1415 973 1549 1025 Argos
1569 972 1728 1014 dictum
1743 989 1754 1025 ;
1773 974 1855 1016 hoc
1873 975 2107 1019 condidisse
2125 988 2294 1034 putatur

1412 1040 1712 1095 Amphilochus
1726 1042 1833 1084 filius
1854 1044 2096 1100 Amphiarai
2116 1049 2232 1090 vatis.
2262 1063 2269 1069 ·

1411 1107 1543 1163 Super
1565 1109 1641 1150 hos
1664 1119 1761 1151 sunt
1783 1111 1930 1153 accolae
1951 1112 2130 1155 barbari.

1410 1179 1460 1217 In
1483 1192 1556 1218 ora
1573 1187 1710 1220 autem
1730 1181 1938 1222 maritima
1956 1190 2016 1222 est
2036 1185 2306 1228 Anactorium
2326 1189 2424 1230 urbs
2439 1221 2450 1240 ,

1409 1260 1535 1299 quam
1551 1249 1786 1290 Acarnanes
1803 1257 1844 1291 et
1862 1251 2068 1292 Corinthii

1409 1314 1709 1368 condiderunt3
1730 1317 1883 1360 deinde
1900 1321 2154 1372 Acarnania;

1408 1385 1675 1425 Acarnanum
1693 1385 1794 1427 alios
1811 1386 2090 1430 Alcmaeonem
2109 1390 2206 1432 illuc
2224 1392 2340 1434 aiunt
2358 1393 2571 1436 collocasse
2585 1426 2595 1445 ‚

1407 1451 1507 1493 alios
1531 1452 1663 1494 filium
1685 1454 1791 1496 illius
1813 1457 2073 1499 Acarnanem
2091 1461 2293 1515 posuisse.

1406 1520 1501 1561 Sitae
1523 1521 1647 1562 etiam
1671 1522 1814 1564 insulae
1835 1523 1889 1565 ad
1911 1539 2002 1565 eam
2018 1535 2115 1567 sunt
2133 1529 2363 1584 complures
2381 1562 2392 1582 ,

1407 1589 1563 1629 Leucas
1578 1590 1619 1630 in
1639 1590 1785 1645 primis
1798 1622 1811 1643 ,
1828 1592 2141 1635 Corinthiorum
2161 1596 2336 1647 colonia,

1406 1654 1502 1696 dein
1527 1657 1788 1712 Cephallenia
1809 1667 1848 1700 et
1864 1674 1995 1715 prope
2015 1675 2106 1702 eam
2127 1663 2288 1716 Ithaca,

1406 1737 1580 1779 quaeque
1601 1725 1886 1781 Peloponneso
1902 1729 2037 1770 vicina
2057 1728 2216 1784 adjacet

1405 1793 1653 1847 Zacynthus,
1679 1793 1830 1835 deinde
1852 1795 1917 1836 his
1940 1798 2138 1852 oppositae
2157 1798 2211 1839 ad

1405 1860 1637 1902 Acheloum
1655 1861 1908 1917 pertinentes
1925 1863 2157 1905 Echinades
2179 1864 2316 1907 dictae.

1404 1929 1514 1969 Hinc
1525 1927 1613 1984 jam
1629 1943 1919 1985 percurremus
1938 1930 2078 1974 denuo
2097 1933 2299 1975 Graeciam
2313 1966 2325 1986 ‚

1404 2004 1444 2036 et
1462 2010 1537 2052 per
1559 1998 1692 2053 capita
1710 2012 1815 2053 quos
1830 1998 1898 2040 illa
1914 1999 2065 2042 habeat
2077 2000 2190 2043 locos

1402 2065 1634 2120 populatim
1655 2079 1798 2107 omnes
1817 2067 2047 2109 secundum
2066 2069 2285 2125 Ephorum
2298 2069 2553 2113 docebimus.

1403 2134 1501 2174 Post
1523 2135 1758 2174 Acarnanes
1782 2135 1908 2188 igitur
1921 2144 1982 2177 est
1998 2137 2149 2179 AEtolia
2162 2163 2175 2189 ,

1403 2214 1454 2240 ex
1477 2199 1595 2241 Elide
1610 2214 1702 2255 quae
1722 2209 1842 2243 nacta
1860 2202 2081 2246 coloniam.

1403 2267 1571 2308 Curetes
1585 2282 1734 2323 nempe
1748 2270 1863 2324 prius
1881 2284 1970 2312 eam
1985 2271 2224 2315 habitarunt
2236 2289 2248 2324 ;

1402 2335 1623 2376 adveniens
1642 2350 1740 2377 vero
1755 2351 1806 2377 ex
1823 2337 1942 2379 Elide
1961 2339 2120 2380 AEtolus

1401 2403 1593 2445 AEtoliam
1610 2405 1864 2459 nuncupavit
1876 2436 1888 2455 ,
1907 2405 1985 2446 illis
2007 2404 2162 2460 ejectis.

1402 2472 1469 2514 Ad
1488 2473 1640 2514 Rhium
1661 2472 1770 2528 jacet
1786 2475 2024 2530 Naupactus
2037 2475 2138 2516 urbs
2151 2506 2164 2527 ,

1402 2559 1527 2599 quam
1542 2547 1673 2586 Dores
1695 2546 1882 2587 condunt
1899 2547 1977 2588 sub
1989 2548 2191 2590 Temeno.

1402 2620 1507 2659 Dein
1528 2628 1621 2675 post
1641 2619 1797 2660 AEtolos
1818 2619 2008 2660 accolunt
2027 2622 2150 2661 Locri

1403 2709 1506 2749 quos
1522 2693 1667 2734 Ozolas
1683 2702 1844 2743 vocant,
1862 2693 2061 2734 deductos
2083 2695 2166 2734 huc

1403 2782 1427 2808 a
1443 2768 1586 2808 Locris
1601 2766 1768 2807 Euboeae
1785 2764 1982 2806 obversis.

1401 2945 1494 2987 kius
1520 2959 1529 2987 ε
1561 2965 1578 2981 ι
1600 2946 1716 2986 Nove
1746 2944 1904 2986 dictum
1930 2953 2004 2994 est,
2023 2944 2138 2999 quod
2166 2947 2351 3001 sequenti
2372 2961 2492 2987 versu
2513 2948 2636 2990 habes

1403 3008 1578 3059 ἐθνικῶς,
1603 3008 1633 3049 ἰ,
1652 3022 1689 3048 c.
1705 3006 1959 3064 populatim.
1981 3009 2033 3047 Et
2054 3007 2177 3048 habet
2197 3009 2399 3063 Scymnus
2417 3010 2538 3050 etiam
2561 3011 2636 3051 alia

1402 3070 1591 3126 quaedam
1608 3071 1745 3110 minus
1775 3070 1922 3110 usitate
1945 3068 2068 3120 dicta,
2100 3084 2150 3110 ex
2183 3084 2266 3124 quo
2288 3084 2434 3123 genere
2466 3080 2525 3111 cst
2547 3072 2633 3126 πρὶν

1401 3147 1495 3174 cum
1513 3134 1694 3187 genitivo
1711 3130 1980 3186 conjunctum
1996 3145 2036 3172 v,
2061 3135 2156 3186 716,
2183 3146 2266 3186 quo
2282 3131 2516 3186 frequenter
2536 3148 2633 3175 usus

1401 3204 1462 3236 est
1483 3197 1630 3237 Sextus
1646 3195 1894 3249 Empiricus,
1913 3194 2023 3248 δεῦρο
2038 3207 2114 3248 pro
2131 3193 2292 3234 ἐνταῦθα
2309 3207 2347 3233 v.
2368 3193 2464 3246 399,
2483 3195 2633 3236 κεῖσθαι

1401 3257 1453 3299 de
1486 3259 1613 3299 fluvio
1637 3273 1675 3298 v.
1699 3261 1796 3311 672,
1825 3256 2000 3311 φέρεσθαι
2025 3255 2244 3296 memorari
2277 3269 2316 3296 v.
2339 3256 2415 3309 89,
2438 3255 2634 3312 ἐπώνυμος

1402 3320 1476 3363 ἀπό
1492 3337 1593 3369 τινος
1604 3335 1642 3361 ν.
1664 3319 1741 3373 547
1754 3327 1793 3359 et
1809 3321 1904 3374 704,
1920 3318 1941 3358 ὅ
1959 3316 2093 3365 Ἰόνιος
2107 3317 2158 3358 de
2171 3317 2274 3358 mari
2285 3318 2428 3358 Ionico
2442 3332 2482 3358 v.
2498 3319 2590 3360 133.
2610 3340 2626 3355 n

1400 3384 1615 3440 Ephorum
1630 3397 1713 3423 non
1730 3381 1862 3421 solum
1879 3380 1949 3420 ubi
1968 3394 2155 3435 expresse
2169 3379 2375 3430 laudatur,
2399 3379 2471 3421 sed
2485 3395 2560 3436 per
2575 3390 2634 3423 to-

1400 3455 1490 3488 tum
1503 3446 1586 3487 sere
1602 3459 1720 3500 opuS‚
1738 3444 1816 3484 nisi
1832 3443 2006 3484 aliorum
2021 3443 2244 3483 auctoritas
2260 3442 2409 3483 diserte
2421 3442 2629 3498 allegatur,

1399 3510 1654 3565 praecipuum
1679 3507 1818 3547 Nostri
1841 3505 1989 3546 ducem
2009 3504 2133 3545 fuisse
2154 3503 2336 3545 dubitari
2355 3506 2513 3559 nequit.
2543 3506 2559 3560 Η
2577 3530 2634 3538 --

1400 3573 1497 3626 473.
1533 3569 1743 3625 Ampliora
1773 3566 1825 3608 de
1846 3567 1909 3608 his
1942 3565 2036 3608 vide
2065 3567 2107 3607 in
2130 3566 2292 3621 Ephor.
2323 3565 2375 3607 fr.
2415 3579 2484 3620 29.
2522 3567 2537 3621 ΙΙ
2577 3592 2633 3599 —

1401 3638 1497 3689 477.
1519 3633 1719 3688 ὠνόμασεν
1736 3629 1890 3681 codex3
1908 3644 1990 3671 em.
2015 3628 2132 3670 editt.
2163 3630 2179 3683 ΙΙ
2206 3653 2263 3660 —·
2281 3630 2377 3683 478.
2400 3628 2468 3685 ῥίῳ
2490 3628 2530 3669 δὲ
2552 3631 2630 3669 κεῖ-

1400 3712 1461 3737 ται
1482 3697 1534 3737 Ν.
1557 3693 1651 3735 cod.
1674 3694 1868 3748 11-479.
1893 3692 2013 3748 τιμέῳ
2030 3705 2108 3746 pro
2119 3691 2284 3747 Τημένῳ
2306 3690 2418 3741 cod.;
2437 3705 2518 3731 em.
2538 3690 2625 3731 Pal-

1400 3773 1501 3799 mer.
1520 3758 1576 3797 V.
1590 3755 1783 3811 Ephorus
1801 3754 1853 3795 sr.
1879 3757 1928 3804 14
1949 3769 2015 3810 ap.
2029 3753 2221 3796 Strabon.
2236 3755 2313 3804 IX,
2327 3768 2369 3808 p.
2389 3756 2483 3802 426,
2502 3751 2628 3805 Apol-

1400 3819 1533 3862 lodor.
1551 3820 1608 3869 H,
1642 3819 1689 3869 8,
1712 3831 1754 3868 2,
1789 3819 1964 3859 Pausan.
1991 3818 2046 3867 X,
2083 3816 2152 3858 38.
2183 3815 2325 3870 Scylax
2366 3816 2387 3866 5
2412 3814 2460 3852 35
2482 3811 2627 3852 urbem

1403 3880 1569 3924 Locridi
1587 3880 1748 3921 tribuit.
1769 3881 1917 3935 Scymn
1924 3893 1969 3919 us
1985 3879 2069 3919 sive
2083 3877 2274 3932 Ephorus
2286 3908 2296 3925 ,
2315 3879 2453 3915 sicum
2466 3872 2628 3943 Scylace

1401 3950 1676 3998 comparatur,
1701 3941 1745 3981 in
1775 3941 1979 3997 plerisque
2008 3940 2281 3994 antiquiorem
2316 3934 2568 3990 geographiae
2586 3942 2628 3974 et

1401 4005 1548 4047 Italicae
1571 4013 1611 4046 et
1636 4005 1790 4046 Graecae
1816 4012 1967 4045 statum
1995 4001 2174 4044 exhibet.
2206 4001 2223 4055 ll
2250 4024 2305 4031 —
2322 4000 2417 4048 481.
2443 3995 2625 4038 καλοῦσιν
