2808 4342
295 230 695 333 121Am2‘or
751 265 1295 331 XAPAKHNor

211 453 708 530 ΣΤΑΘΜΟΙ
796 450 1366 528 ΠΑΡΘΙΚΟΙ.

267 778 554 827 Μεσοποταμίας
568 778 631 815 καὶ
652 778 888 824 Βαβυλωνίας
906 784 1049 831 σχοῖνοι
1074 788 1167 831 ροα’.

267 833 584 877 Ἀπολλωνιάτιδος
602 838 746 883 σχοῖνοι
760 835 831 883 λγ’.

265 890 513 933 Χαλωνίτιδος
535 894 679 938 σχοῖνοι
698 890 774 928 ια’.

269 946 412 990 Μηδίας
434 950 579 995 σχοῖνοι
591 946 665 984 κδ’.

269 1002 516 1050 Καμδαδηνῆς
531 1005 675 1051 σχοῖνοι
689 1003 761 1042 λα’.

263 1058 405 1103 Μηδίας
420 1062 483 1104 τῆς
503 1058 582 1095 ἅνω
607 1062 752 1107 σχοῖνοι
768 1056 839 1103 λη’.

262 1114 455 1159 Ῥαγιανῆς
474 1113 618 1158 Μηδίας
636 1118 780 1163 σχοῖνοι
796 1117 865 1159 νη’.

262 1171 453 1218 Χοαρηνῆς
472 1174 619 1218 σχοῖνοι
639 1170 696 1208 ιδ’.

266 1228 478 1275 Κομισηνῆς
497 1230 642 1274 σχοῖνοι
664 1224 733 1271 νη’.

170 1286 213 1320 10
264 1282 455 1331 ’Υρκανίας
478 1286 623 1330 σχοῖνοι
643 1282 683 1325 ξ’.

263 1336 483 1383 Ἀσταυηνῆς
501 1340 644 1386 σχοῖνοι
662 1337 705 1381 ξ’.

267 1393 482 1440 Παρθυηνῆς
500 1396 651 1440 σχοῖνοι
670 1391 737 1430 κε’.

265 1450 599 1497 Ἀπαυαριαιιιηνῆς
614 1452 758 1497 σχοῖνοι
774 1451 847 1493 κζ’,

264 1506 476 1554 Μαργιανῆς
497 1507 642 1553 σχοῖνοι
664 1504 710 1542 λ’.

170 1565 214 1599 ¹5
263 1559 398 1609 Ἀρείας
412 1563 556 1609 σχοῖνοι
575 1559 620 1597 λ’.

268 1615 416 1661 Ἁναυῆς
433 1618 578 1664 σχοῖνοι
596 1614 659 1653 νε’.

262 1673 516 1721 Ζαραγγιανῆς
535 1674 679 1720 σχοῖνοι
701 1673 762 1709 κα·

262 1728 502 1773 Σακαστανῆς
520 1730 664 1775 σχοῖνοι
683 1726 749 1774 ξγ’.

264 1782 490 1831 Ἀραχωσίας
505 1785 649 1830 σχοῖνοι
667 1780 739 1824 λς’.

166 1842 212 1876 20
458 1837 577 1885 Ὁμοῦ
593 1840 735 1886 σχοῖνοι
761 1841 863 1876 ωνη’.

166 1966 577 2027 Μεσοποταμίας
605 1966 694 2012 καὶ
720 1966 1032 2019 Βαὸυλῶνος
1059 1967 1264 2030 σχοῖνοι
1287 1966 1406 2031 ροα’.

233 2099 266 2131 1.
294 2062 540 2131 amentium
559 2084 628 2131 τὸν
650 2084 875 2149 Εὐφράτην
898 2083 1009 2131 κατὰ
1030 2084 1077 2131 τὸ
1098 2087 1299 2146 Ζεῦγμα,
1324 2084 1407 2130 πό-

219 2263 430 2314 Quattuor
451 2269 549 2302 sunt
569 2261 721 2303 borum
738 2263 1042 2317 Excerptorum
1058 2261 1154 2303 libri
1176 2262 1406 2303 manuscri-

162 2323 223 2378 pti
253 2334 262 2362 ε
298 2321 432 2364 codex
468 2323 680 2365 Parisinus
718 2324 799 2373 443
822 2323 968 2380 Suppl.
1002 2338 1046 2379 p.
1076 2327 1169 2374 106,
1191 2336 1338 2375 2-111,
1361 2338 1403 2378 9,

161 2383 331 2440 ejusque
350 2385 587 2442 apographa
603 2384 691 2428 duo
702 2417 715 2438 ,
738 2386 914 2428 alterum
929 2387 1180 2430 Vaticanum
1197 2387 1214 2439 (
1233 2385 1305 2428 sol.
1323 2387 1406 2428 236

161 2447 298 2490 R-238
317 2449 369 2498 R,
389 2447 464 2490 lin.
486 2461 536 2489 12
557 2448 590 2504 )‚
617 2448 793 2491 alterum
813 2450 1064 2491 Monacense
1082 2448 1181 2505 (fol.
1203 2449 1257 2491 50
1279 2463 1343 2505 sq.
1368 2451 1401 2503 ),

161 2518 284 2565 atque
297 2509 429 2553 codex
442 2512 652 2554 Parisinus
669 2511 766 2567 571,
780 2510 851 2553 sol.
870 2514 952 2567 417
969 2514 1141 2562 R.-418.
1154 2510 1308 2558 Incod.
1323 2512 1404 2562 443

161 2573 327 2614 statbmi
350 2574 481 2615 nostri
504 2574 718 2630 excipiunt
753 2574 929 2631 Scylacis
955 2574 1186 2631 periplum,
1210 2574 1279 2616 cui
1311 2580 1407 2630 post

162 2635 327 2677 titulum
350 2636 546 2685 Σκύλακος
557 2637 805 2693 Καρυανδέως
818 2637 1023 2694 περίπλους
1038 2637 1126 2680 κτλ.
1145 2635 1329 2694 subJecta
1344 2645 1406 2678 est

161 2696 237 2738 alia
253 2699 390 2753 operis
409 2698 624 2754 cujusdam
640 2701 856 2757 inscriptio
875 2700 1014 2743 nuda:
1037 2699 1237 2753 Ἀθηναίου
1251 2698 1405 2742 πόλεων

163 2761 380 2815 σκώμματα
415 2762 481 2803 καὶ
508 2762 593 2803 ὁδοὶ
621 2763 686 2804 καὶ
714 2763 941 2819 περίπλους,
976 2763 1139 2806 omissis
1170 2763 1213 2805 h.
1246 2762 1275 2805 1.
1313 2777 1406 2819 quae

162 2821 215 2864 ad
233 2837 323 2864 eam
339 2824 600 2879 pertinebant
615 2827 824 2882 ‘excerptis
842 2826 856 2882 (
874 2825 968 2868 vide
982 2840 1107 2882 supra
1121 2840 1164 2882 p.
1183 2841 1237 2881 97
1260 2834 1349 2868 not.
1368 2827 1400 2880 ).

160 2885 274 2927 Nihil
297 2899 346 2927 ea
369 2886 466 2927 facit
490 2886 542 2928 ad
581 2888 793 2938 Parthica,
814 2888 967 2943 quibus
991 2888 1135 2930 titulus
1156 2890 1199 2930 in
1225 2897 1404 2944 utroque

161 2946 306 2990 codice
351 2948 540 2990 Parisino
585 2963 670 2991 non
721 2949 963 3005 prefigitur,
1018 2949 1092 2990 sed
1141 2948 1405 3004 subjungitur

164 3009 180 3067 (
196 3022 240 3067 p.
263 3022 359 3062 ιιι,
377 3025 404 3065 9
423 3013 440 3065 )
456 3010 572 3053 hicce
590 3024 601 3053 :
628 3009 825 3067 Ἰσιδώρου
839 3012 1067 3068 Χαρακηνοῦ
1083 3012 1249 3067 σταθμοὶ
1261 3012 1403 3067 Παρθι-

159 3072 236 3114 κοί.
251 3073 302 3115 In
313 3073 561 3130 apographis
571 3082 711 3116 autem
725 3074 869 3116 titulus
884 3088 907 3116 a
922 3074 1004 3116 fine
1020 3074 1063 3115 in
1079 3073 1258 3115 frontem
1271 3082 1403 3116 trans-

159 3137 319 3191 positus
349 3136 500 3193 legitur
519 3146 613 3193 post
640 3138 899 3195 praemissum
935 3138 1117 3194 capitum
1142 3136 1400 3180 laterculum.

159 3200 209 3240 In
240 3197 383 3242 codice
423 3201 553 3243 Paris.
594 3200 671 3256 571
709 3208 899 3243 nostrum
931 3199 1176 3257 opusculum
1208 3200 1402 3256 praecedit

160 3269 353 3318 excerpta
369 3261 658 3305 Straboniana.
695 3263 891 3306 Ceterum
922 3261 1037 3304 bunc
1064 3260 1235 3313 librum,
1257 3262 1328 3317 qui
1359 3262 1401 3303 in

160 3323 369 3366 nonnullis
389 3324 519 3367 altero
540 3323 684 3368 codice
699 3333 763 3367 ast
780 3325 995 3381 integrior,
1011 3323 1152 3366 denuo
1165 3324 1401 3380 comparavi

160 3387 479 3438 accuratissime,
492 3386 606 3443 quod
621 3389 780 3445 priores
791 3386 972 3430 editores
984 3387 1028 3429 in
1039 3385 1246 3429 enotanda
1260 3385 1401 3429 lectio·

163 3448 227 3487 nis
249 3449 442 3490 varietate
468 3450 639 3492 minime
656 3450 892 3492 consentire
911 3447 1306 3492 animadvertebam.
1323 3450 1403 3491 Co·

162 3506 243 3548 dex
266 3510 346 3558 443
366 3509 482 3552 litera
497 3514 533 3554 A
549 3542 561 3562 ,
578 3511 674 3554 cod.
697 3517 775 3567 571
795 3511 912 3553 litera
933 3512 967 3553 B
989 3510 1190 3566 signatur.
1214 3512 1400 3569 Apogra·

158 3568 339 3626 phorum
373 3572 563 3614 Vaticani
585 3581 628 3614 et
654 3573 918 3615 Monacensis
939 3572 1137 3615 lectiones
1162 3586 1248 3614 non
1284 3581 1402 3615 erant

158 3630 369 3674 notandae.
400 3635 417 3687 u
441 3657 499 3665 -
524 3634 550 3675 Ι.
579 3636 619 3676 3.
653 3635 756 3691 ια’]
789 3634 851 3677 να’
873 3638 927 3686 A,
949 3634 1022 3677 sed
1045 3633 1198 3689 insraS
1236 3635 1260 3677 3
1291 3643 1402 3678 recte

159 3691 240 3736 ια’.
266 3694 284 3750 ΙΙ
306 3697 421 3744 -4,
442 3694 537 3751 κδ’]
558 3696 672 3738 Infra
694 3701 717 3750 S
739 3700 764 3747 4
790 3696 855 3739 κα’
886 3699 928 3739 in
951 3696 1047 3739 cod.
1076 3700 1113 3740 A
1129 3728 1141 3749 ,
1161 3695 1281 3740 male.
1308 3698 1325 3753 ΙΙ
1344 3721 1402 3731 -

161 3771 202 3812 7.
233 3754 353 3814 Ὕαγ
367 3761 478 3811 ιανῆ
491 3759 539 3814 ς]
565 3756 767 3811 Ῥατιανῆς
784 3759 929 3811 codd.,
954 3774 1037 3802 em.
1053 3761 1265 3803 Mannert.
1279 3761 1337 3811 V,
1355 3773 1397 3812 a,

158 3833 204 3876 p.
239 3822 317 3875 169
335 3827 378 3862 et
411 3820 663 3862 Emanuelus
691 3821 839 3862 Miller.
868 3821 1066 3875 Ματιανῆς
1090 3822 1134 3864 h.
1158 3821 1188 3865 l.
1221 3830 1263 3864 et
1294 3821 1400 3865 infra

160 3884 185 3935 S
203 3896 228 3937 7
244 3881 547 3925 inconsiderate
560 3896 641 3924 scr.
660 3881 851 3925 Hudson.
878 3885 968 3938 11-
992 3896 1057 3926 11.
1084 3882 1397 3940 Ἀσταυηνῆς]

161 3942 315 3998 InfraS
340 3957 387 3987 11
413 3942 694 3998 ’ΔσταὸηνῆςΑ
709 3960 719 3996 3
734 3944 836 4001 quid
849 3945 1154 4001 praeferendum
1172 3945 1403 3990 sitaliunde

165 4019 248 4047 non
259 4014 394 4062 potest
406 4005 698 4054 demonstrari.
717 4008 735 4063 ΙΙ
749 4031 807 4039 -
821 4021 886 4050 12.
904 4007 937 4049 n
948 4023 972 4048 α
980 4009 1208 4067 ρθυηνῆς]
1227 4008 1403 4066 Παρουη·

1662 263 1976 333 ISlDORI
2023 265 2489 336 CHARACEN
2495 270 2521 334 1

1478 453 2068 537 MANs10NEs
2137 427 2709 540 PARTHICAE.

2043 654 2139 663 ——-

1560 796 1821 840 neuopoumia
1835 800 1872 832 et
1885 797 2089 843 Babylonia
2103 800 2236 836 schoenl
2255 802 2325 836 171.

1559 850 1827 894 Apolloniatldls
1844 851 1978 887 achoenl
1989 854 2042 888 ³³.

1558 902 1790 939 chalonitidis
1800 904 1935 940 nchoenl
1950 907 2005 940 21.

1560 958 1683 994 Redin
1696 958 1830 994 acboenl
1843 961 1897 995 22

1559 1012 1791 1047 cambadeuae
1804 1013 1939 1049 schoeni
1950 1015 2003 1050 51.

1561 1066 1681 1101 Metllae
1692 1068 1883 1112 superioris
1897 1068 2030 1103 schoenl
2046 1070 2100 1103 58.

1560 1120 1745 1164 Rhagianae
1759 1123 1880 1157 uediae
1894 1123 2027 1157 sclioeni
2041 1124 2093 1158 58.

1560 1175 1753 1210 Choarenae
1767 1174 1901 1211 schoeni
1919 1177 1971 1212 19.

1560 1229 1754 1263 comisenae
1769 1228 1901 1264 schoeni
1918 1233 1973 1266 58.

1561 1286 1749 1326 uyrcaniae
1768 1285 1901 1320 achoem
1915 1287 1973 1320 60.

1565 1343 1749 1374 Astauenae
1765 1340 1896 1375 schoeni
1910 1342 1965 1374 60.

1561 1394 1771 1438 Parthyenae
1786 1396 1919 1429 schoeni
1935 1396 1990 1429 2³.

1560 1449 1848 1492 Apauarcticenae
1861 1448 1995 1484 sclioenl
2007 1450 2061 1484 27.

1561 1503 1747 1546 margianae
1761 1502 1896 1539 schoeni
1912 1506 1966 1539 ³0.

1562 1557 1655 1591 Aria}
1670 1556 1802 1591 schoeni
1820 1559 1875 1591 50.

1562 1615 1694 1646 Anaua:
1708 1612 1841 1646 scboeni
1857 1614 1910 1646 ω.

1563 1666 1788 1708 Zarangiane
1803 1666 1937 1701 achoeni
1953 1668 2006 1700 21.

1562 1724 1757 1756 &muna
1771 1721 1904 1756 schoeni
1917 1723 1973 1756 6³.

1564 1775 1764 1811 Arachosia
1777 1776 1909 1811 achoem
1924 1776 1979 1810 ³8.

1730 1827 1962 1864 scamnorum
1976 1836 2112 1863 summa
2126 1830 2201 1863 858.

1511 1967 1909 2022 Mesopotamiae
1934 1976 1987 2009 et
2013 1967 2322 2024 Babyloniae
2354 1969 2676 2028 schoeni171.

1540 2098 1577 2126 1.
1601 2085 1930 2127 Transeuntibus
1949 2086 2202 2142 Euphratem
2216 2085 2336 2143 juxta
2349 2090 2529 2144 Zeugma
2541 2090 2642 2133 urbs
2656 2101 2718 2134 ast

1479 2264 1546 2313 νῆς
1567 2260 1712 2312 codd.;
1730 2275 1812 2302 em.
1836 2259 1954 2303 editt.
1978 2262 1994 2317 ΙΙ
2018 2285 2076 2293 -
2103 2262 2168 2304 15.
2198 2261 2273 2319 λ’]
2296 2262 2332 2305 ν’
2352 2263 2497 2317 codd.,
2520 2265 2594 2309 sed
2610 2267 2721 2310 infra

1477 2326 1501 2378 5
1520 2323 1568 2365 15
1583 2322 1640 2375 λ’,
1660 2322 1776 2379 quod
1790 2324 2019 2379 genuinum
2036 2339 2124 2366 esse
2145 2339 2169 2366 e
2186 2324 2391 2369 subducta
2410 2341 2574 2372 summa
2586 2330 2716 2373 schoe·

1476 2400 1631 2427 norum
1645 2386 1838 2428 efficitur.
1859 2386 1946 2442 ΙΙ-
1959 2390 2025 2429 16.
2052 2385 2275 2444 Ἀναυῆς]
2293 2386 2426 2442 ’Δναυὴ
2437 2390 2487 2442 B,
2498 2389 2717 2443 ἌναυοιΔς

1477 2448 1585 2491 insra
1609 2451 1633 2503 S
1661 2453 1711 2491 16
1731 2447 1894 2491 Ἀναῦων
1919 2450 2033 2505 χώρα
2056 2450 2115 2501 Β,
2137 2449 2303 2492 Ἀνάδων
2333 2452 2446 2508 χώρα
2464 2455 2516 2495 Α.
2535 2453 2725 2498 Millerm

1476 2511 1520 2553 h.
1545 2512 1573 2553 l.
1604 2510 1736 2554 edidit
1773 2510 1944 2565 Ἆνάὸης.
1988 2512 2005 2567 ΙΙ
2045 2536 2103 2544 -
2142 2526 2208 2569 17.
2243 2513 2619 2574 Ζαραγγιανῆς]
2660 2518 2726 2560 sic

1476 2573 1661 2628 codd.;§
1683 2588 1748 2630 17.
1766 2573 1805 2623 ζ’
1823 2571 2038 2631 δραγγιανὴ
2054 2577 2091 2617 A
2107 2590 2119 2626 ς
2142 2575 2365 2632 Δραγγιανὴ
2378 2578 2411 2619 Β
2426 2608 2438 2629 ,
2461 2577 2574 2621 unde
2593 2580 2718 2623 etiam

1474 2636 1519 2678 b.
1540 2637 1568 2679 l.
1600 2637 1846 2694 Δραγγιανῆς
1874 2637 2039 2693 scripsit
2057 2636 2208 2680 Miller.
2228 2637 2331 2681 Vid.
2356 2638 2465 2682 infra
2497 2648 2586 2682 not.
2625 2642 2641 2696 ΙΙ
2662 2666 2719 2674 -

1480 2700 1546 2741 18.
1571 2699 1919 2756 Σακαστανῆς]
1950 2699 2198 2753 Σακαστάνης
2217 2699 2362 2753 codd.;
2382 2700 2632 2755 Σακαστηνῆς
2654 2711 2716 2746 te·

1475 2775 1610 2813 mere,
1638 2770 1686 2803 ut
1710 2761 1829 2813 solet,
1850 2763 1898 2803 B.
1921 2761 2148 2803 Fabricius.
2175 2763 2191 2816 ΙΙ
2214 2786 2270 2794 -
2292 2776 2361 2807 20.
2379 2778 2439 2805 ων
2452 2762 2522 2821 η’]
2543 2766 2714 2809 Summa

1474 2823 1740 2866 schoenorum
1756 2823 1862 2866 bene
1884 2823 2023 2866 babet.

1530 2889 1553 2939 S
1579 2899 1617 2928 1.
1644 2885 1913 2927 Βαὸυλῶνο
1925 2886 1967 2942 ς]
1988 2886 2122 2942 Supra
2134 2886 2296 2930 etinl'ra
2309 2887 2436 2930 habes
2451 2889 2713 2943 Βαδυλωνίας,

1474 2947 1588 3004 quod
1603 2949 1683 2991 hoc
1696 2961 1864 3004 quoque
1885 2947 1977 2989 loco
1999 2946 2135 2990 Miller
2157 2947 2340 2991 exhibet.
2362 2952 2418 2992 At
2436 2964 2567 3007 quum
2590 2952 2718 2995 Βαὸυ-

1473 3010 1555 3052 λὼν
1574 3025 1727 3054 nomen
1743 3011 1865 3053 etiam
1884 3004 1938 3051 de
1958 3010 2126 3065 regione
2137 3013 2326 3067 usurpari
2345 3021 2520 3066 constet,
2543 3014 2712 3059 titulum

1474 3088 1572 3115 vero
1615 3074 1688 3115 uni
1728 3074 1826 3115 huic
1856 3073 2029 3127 segmini
2054 3072 2270 3129 praefixum
2309 3073 2323 3130 (
2352 3075 2474 3117 sicuti
2502 3075 2721 3134 plerasque

1473 3136 1554 3178 hoc
1579 3150 1708 3191 genus
1737 3136 2025 3192 inscriptiones
2060 3135 2074 3192 )
2105 3149 2190 3177 non
2221 3145 2443 3194 excerptor
2469 3137 2542 3181 aed
2570 3140 2715 3184 scriba:

1471 3197 1730 3248 addiderint,
1756 3197 1858 3239 nihil
1879 3206 1967 3240 erat
1988 3197 2249 3240 mutandum.
2280 3199 2297 3254 ΙΙ
2330 3223 2389 3232 -
2409 3199 2464 3243 τὸ
2484 3200 2678 3259 Ζιῦγμα
2696 3204 2712 3261 ]

1473 3261 1535 3301 De
1553 3259 1633 3302 hoc
1653 3261 1876 3314 Zeugmate
1893 3261 1910 3313 (
1927 3274 2010 3302 non
2030 3259 2330 3303 confundendo
2350 3275 2447 3304 cum
2466 3262 2597 3307 altero
2610 3266 2718 3308 Zeu-
2788 3313 2797 3329 ,

1473 3331 1610 3377 gmate
1639 3326 1694 3379 τῷ
1713 3322 1832 3364 πάλαι
1864 3327 1919 3379 τῷ
1948 3322 2045 3364 κατὰ
2085 3323 2265 3379 Θάψακον
2292 3325 2471 3380 (Strabo
2489 3339 2533 3383 p.
2563 3330 2644 3382 746
2677 3330 2713 3384 ),

1473 3398 1558 3434 quo
1574 3384 1808 3427 Alexander
1818 3386 1878 3427 M.
1898 3386 2070 3427 fluvium
2092 3385 2281 3443 trajecit)
2303 3386 2357 3429 cs.
2379 3387 2537 3431 Plinius
2551 3390 2608 3442 V,
2626 3403 2677 3433 αι
2698 3403 2710 3434 :

1472 3450 1655 3499 Zeugma
1667 3449 1834 3490 LXXII
1844 3446 1949 3489 mill.
1958 3462 2008 3505 p.
2022 3462 2049 3489 a
2063 3450 2306 3499 Samosatis,
2323 3450 2505 3494 transitu
2520 3451 2720 3510 Euphra·

1471 3508 1529 3551 tis
1550 3509 1696 3551 nobile.
1727 3512 1798 3552 Ex
1827 3508 2001 3552 adverso
2022 3513 2251 3568 Apameam
2276 3512 2460 3555 Seleucus
2483 3512 2711 3573 (Nicator)

1473 3570 1578 3613 idem
1599 3572 1789 3628 utrinque
1821 3570 2149 3630 conditor-ponte
2171 3574 2390 3630 junxerat.
2414 3574 2563 3618 Strabo
2591 3577 2711 3631 XVI,
2780 3577 2791 3620 ἶ
2804 3604 2808 3630 :

1470 3648 1513 3691 p.
1540 3637 1621 3690 749
1638 3649 1661 3677 e
1684 3636 1853 3691 regione
1885 3637 2120 3691 Zeugmatis
2150 3651 2236 3680 non
2263 3640 2489 3695 Apameam
2514 3638 2711 3692 collocat,

2779 3638 2808 3671 ³³!

1470 3696 1542 3739 sed
1563 3698 1805 3750 Seleuciam,
1843 3698 2094 3750 Σελεύκειαν,
2115 3699 2293 3757 φρούριον
2316 3703 2384 3753 τῆς
2412 3700 2718 3758 Μεσοποταμίας
2772 3679 2793 3760 ,ιζ

1471 3762 1782 3817 προσωρισμένον
1809 3760 1882 3803 ὑπὸ
1895 3761 2100 3818 Πομπηίου
2120 3765 2170 3819 τῇ
2190 3762 2454 3820 Κομμαγηνῇ.
2474 3762 2539 3806 Cs.
2564 3763 2707 3821 Polyb.
2772 3776 2788 3808 ἡ,

1472 3823 1526 3873 V,
1549 3825 1618 3874 43,
1652 3838 1665 3865 ι
1691 3836 1701 3865 z
1724 3823 1951 3866 Σελεύκειαν
1972 3822 2043 3876 τὴν
2064 3824 2127 3867 ἐπὶ
2153 3827 2223 3867 τοῦ
2243 3825 2475 3882 Ζιῦγματος.
2501 3824 2619 3869 Alius
2635 3839 2731 3869 nem
2785 3835 2802 3860 Ἶ·

1473 3900 1564 3936 mo,
1602 3895 1801 3942 quantum
1822 3889 1974 3940 sciam,
2009 3885 2133 3943 hujus
2160 3887 2352 3931 Seleuciae
2373 3888 2586 3939 meminit;
2611 3899 2708 3931 nam
2753 3890 2801 3898 Ἀ

1473 3948 1664 4004 Stephani
1699 3951 1795 4005 Byz.
1817 3949 2002 3999 Σέλευκος
2018 3950 2130 4000 πόλις
2149 3950 2236 4007 περὶ
2262 3954 2312 4009 τῇ
2331 3949 2369 3992 ἔν
2385 3950 2503 4006 Συρία
2529 3948 2713 4007 Ἀπαμείᾳ

1474 4019 1534 4052 cst
1556 4010 1747 4053 Seleucus
1773 4010 1824 4053 ad
1855 4011 1997 4054 Belum
2026 4011 2123 4069 (Cf.
2155 4013 2303 4055 muer.
2338 4013 2394 4064 X,
2415 4026 2458 4069 p.
2492 4014 2572 4067 964
2586 4011 2617 4063 ).
2644 4009 2714 4053 De
