2756 4354
118 180 171 241 (⁵)

110 284 272 348 Ἁδρίᾳ.
343 283 593 347 Παράπλους
625 279 740 342 παρὰ
759 278 833 334 τὴν
859 277 1075 339 Ἰαπυγίαν
1099 277 1139 331 ἓξ
1172 281 1339 340 ἡμερῶν

120 354 191 399 καὶ
211 353 257 408 ἓξ
289 355 460 399 νυκτῶν.
527 349 602 396 Ἐν
632 349 675 394 δὲ
694 351 745 410 τῇ
774 345 967 409 Ἰαπυγίᾳ
988 348 1165 392 οἰκοῦσιν
1183 344 1350 403 ”Ελλη-

124 442 188 475 νες
202 458 215 483 ,
241 422 311 468 καὶ
334 420 471 471 πόλεις
493 412 594 464 εἰσὶν
616 416 704 462 αἵδε
718 433 729 445 ·
753 415 1017 478 Ἡράκλειον,
1048 413 1349 471 Μεταπόντιον,

111 491 261 554 Τάρας
285 490 354 536 καὶ
369 487 495 546 λιμὴν
518 485 689 548 Ὑδροῦς
712 485 780 532 ἐπὶ
801 486 860 548 τῷ
880 488 951 530 τοῦ
979 483 1136 546 Ἀδρίου
1155 481 1182 538 ἢ
1201 485 1260 545 τῷ
1278 487 1349 528 τοῦ

120 560 265 606 Ἰονίου
286 558 438 603 κόλπου
464 555 657 616 στόματι.

1219 175 1534 226 PERIPLUS.

2581 205 2640 244 23

1412 290 1770 344 Praeternavigatio
1780 288 1898 344 juxta
1912 304 2027 331 oram
2044 293 2219 346 Iapygiae
2238 304 2298 336 est
2316 297 2476 340 dierum
2495 316 2564 342 sex
2579 306 2646 356 (et

1411 358 1596 398 noctium
1614 359 1730 412 sex).
1753 360 1804 398 In
1821 358 1988 413 Iapygia
2008 372 2106 399 vero
2124 359 2310 402 habitant
2329 365 2482 416 Graeci,
2504 369 2645 410 urbes-

1412 438 1494 478 que
1515 439 1662 466 eorum
1683 434 1780 466 sunt
1799 426 1863 467 hae
1882 439 1892 467 :
1918 426 2128 477 Heraclea,
2150 429 2466 484 Metapontium,
2491 437 2649 478 Taren-

1412 499 1502 531 tum
1524 500 1565 532 et
1586 491 1855 547 Hydruntum
1875 501 2018 549 portus
2037 494 2080 534 in
2110 508 2181 535 ore
2204 496 2317 536 sinus
2343 499 2538 542 Adriatici
2566 506 2647 545 sive

1412 559 1536 599 Ionii.

110 685 2637 712 Ὗ--ᾲ-ῄ-φ-ἐ-ἐ-ῄ-ῄ-ἌἏ

117 765 166 803 E.
185 764 307 804 Gros.
326 761 359 818 ).
376 764 495 802 Unus
513 763 638 816 igitur
648 769 774 810 restat
788 754 973 802 Strabol.
992 760 1022 810 l,
1041 761 1112 815 qui
1131 768 1351 815 postquam

109 824 365 880 ‹de-Sipunte
396 826 570 865 Dauniae
592 824 750 880 oppido
768 823 955 874 dixerat,
971 824 1105 878 pergit
1123 836 1132 863 ε
1155 822 1352 863 Δείκνυται

117 887 158 927 δὲ
175 889 242 938 τῆς
255 886 414 934 Δαυνίας
435 887 521 941 περὶ
545 886 683 941 λόφον,
712 883 746 942 ᾧ
772 886 898 941 ὄνομα
915 885 1044 941 Δρίον,
1066 884 1188 941 ἣρῷα,
1210 884 1254 925 τὸ
1285 884 1351 940 μὲν

119 947 397 1004 Κάλχαντος..,
423 949 468 989 τὶ)
488 948 530 990 δὲ
551 949 820 1004 Ποδαλειρίου.
842 949 952 990 Hinc
967 948 1020 989 de
1035 949 1118 989 situ
1139 948 1253 988 collis
1268 961 1355 989 cer-

117 1014 199 1053 tius
214 1013 316 1053 nihil
334 1012 506 1053 definire
521 1012 630 1053 licet.
663 1012 743 1053 Sed
762 1012 957 1053 faciamus
976 1011 1122 1052 collem
1142 1011 1354 1052 cohaesisse

115 1090 214 1116 cum
229 1076 410 1129 Gargani
431 1075 583 1115 montis
597 1089 714 1115 ramo
734 1075 871 1130 aliquo
893 1073 1109 1115 meridiem
1127 1088 1267 1114 versus
1284 1088 1356 1129 pa-

118 1147 230 1178 tente
249 1151 259 1178 z
288 1152 412 1179 nemo
439 1146 578 1178 tamen
608 1137 707 1178 inde
716 1138 895 1192 ·-colligat
914 1151 1038 1192 quem
1052 1137 1191 1177 collem
1209 1137 1354 1177 Strabo

112 1200 235 1251 -dicit,
250 1199 429 1241 eundem
445 1215 469 1241 a
479 1200 641 1255 Scylace
652 1200 734 1241 dici
749 1202 959 1256 ingentem
973 1201 1099 1243 istum
1117 1200 1356 1253 Garganum

119 1254 303 1304 montem
326 1265 398 1318 qui
418 1262 471 1304 ad
492 1264 659 1317 triginta
673 1262 803 1304 stadia
831 1264 874 1304 in
892 1277 1005 1318 mare
1022 1263 1247 1318 procurrit.
1278 1263 1356 1303 Cui

119 1327 308 1381 opinioni
333 1341 385 1367 ne
401 1340 556 1366 nomen
575 1325 745 1380 quidem
767 1325 889 1367 favet.
917 1327 1024 1367 Nam
1046 1325 1159 1366 collis
1186 1325 1252 1366 ille
1270 1340 1357 1366 non

118 1389 170 1443 Δρ
177 1389 257 1439 ίων,
272 1387 344 1429 sed
356 1388 468 1442 Δρίον
484 1387 614 1428 audit.
634 1389 688 1429 Et
698 1403 750 1429 ne
762 1388 844 1430 hoc
856 1397 1099 1444 corruptum
1115 1402 1201 1429 esse
1214 1397 1354 1443 putes;

117 1465 216 1491 -nam
231 1459 279 1491 ut
299 1450 344 1490 τὸ
364 1450 469 1505 δρίον
487 1459 527 1490 et
547 1450 592 1490 τὸ
613 1450 715 1505 δρίος
729 1450 913 1501 .dicitur,
947 1452 1006 1492 sic
1028 1452 1151 1492 etiam
1177 1459 1354 1503 montes,

118 1513 269 1567 quibus
285 1513 382 1553 hine
401 1527 553 1554 nomen
567 1521 642 1564 est,
654 1522 726 1554 aut
742 1513 872 1569 Δρίον,
890 1522 937 1554 ut
952 1528 1019 1569 ap.
1039 1514 1231 1555 Strabon.
1256 1514 1285 1554 l.
1304 1514 1353 1565 1.,

116 1583 190 1615 aut
211 1575 334 1630 Δρίος,
361 1584 409 1616 ut
434 1576 544 1631 apud
563 1575 799 1617 Diodorum
821 1578 898 1627 IV,
923 1578 990 1627 50,
1013 1579 1038 1625 4
1058 1584 1099 1617 et
1124 1575 1191 1627 51,
1214 1579 1255 1627 4,
1287 1591 1359 1618 vo-

113 1639 486 1679 reanturjceterum
494 1639 619 1679 verba
634 1639 809 1694 Scylacis
825 1638 877 1679 de
889 1640 1082 1693 Gargano
1096 1638 1359 1693 intelligenda

118 1715 205 1741 esse
228 1700 408 1742 dubitari
425 1702 584 1756 nequit.
620 1701 807 1758 Iapygioe
836 1710 1010 1742 montem
1039 1704 1278 1754 Garganum
1297 1702 1359 1743 di-

120 1772 226 1804 serte
241 1763 342 1804 dicit
353 1764 515 1805 Servius
528 1763 581 1805 ad
590 1764 710 1818 Virg.
728 1764 823 1805 AEn.
838 1765 916 1815 IX,
931 1767 1028 1819 247.
1042 1766 1205 1806 Nomen
1221 1774 1358 1807 autem

120 1826 163 1865 in
176 1826 338 1880 Periplo
353 1825 657 1867 restituendum
677 1826 884 1867 indicatur
898 1841 948 1867 eo
960 1826 1075 1882 quod
1087 1826 1140 1867 ad
1151 1826 1359 1869 borealem

114 1889 300 1942 ‘Gargani
321 1898 480 1944 partem
496 1888 574 1929 fuit
589 1889 689 1930 urbs
713 1889 858 1930 Uriam
881 1889 895 1946 (
912 1890 1058 1931 Strabo
1075 1891 1153 1940 VI,
1179 1905 1222 1946 p.
1242 1893 1322 1940 284
1342 1890 1355 1948 )

118 1951 204 1990 sive
227 1951 330 1992 Uria
352 1950 488 2008 (Plin.
510 1954 587 2003 III,
614 1951 694 2009 17)
723 1953 808 1993 sive
832 1953 1007 2007 Hyrium
1037 1952 1051 2009 (
1075 1953 1247 1994 Ptolem.
1272 1956 1356 2006 III,

125 2026 162 2054 1.
184 2014 357 2069 Dionys.
375 2016 468 2055 Per.
491 2016 570 2069 379
586 2014 619 2071 ),
634 2023 757 2070 atque
773 2015 892 2056 sinas
915 2015 1039 2056 Urias
1058 2014 1190 2071 (Mela
1207 2018 1263 2066 II,
1283 2019 1307 2065 4
1323 2016 1355 2073 ).

121 2076 216 2116 Fuit
237 2077 359 2117 etiam
380 2077 506 2118 altera
537 2076 723 2131 ejusdem
742 2079 924 2119 nominis
940 2078 1040 2119 urbs
1056 2079 1100 2118 in
1120 2078 1360 2119 mediterra-

106 2138 208 2177 neis
226 2139 426 2193 Iapygiae,
451 2153 577 2194 quam
606 2139 747 2195 Οὐρίαν
774 2148 896 2180 vocat
923 2140 1070 2181 Strabo
1097 2141 1174 2190 VI,
1196 2155 1239 2195 p.
1259 2143 1356 2192 282,

128 2197 259 2254 Ὑρίαν
283 2201 518 2241 Herodotus
534 2203 610 2252 IV,
636 2217 706 2255 99.
723 2203 822 2252 VII,
846 2215 924 2255 170
945 2201 958 2257 (
975 2201 1039 2242 Cf.
1056 2202 1221 2242 Muller.
1247 2205 1299 2242 M
1300 2202 1355 2242 in.

121 2275 164 2315 p.
187 2277 239 2316 99
272 2262 304 2318 ).
337 2263 446 2303 Illud
481 2278 578 2304 vero
609 2264 787 2318 Hyrium
820 2264 997 2318 Iapygiae
1027 2265 1252 2304 terminum
1274 2279 1360 2305 esse

115 2323 240 2364 -claris
276 2325 410 2365 verbis
442 2326 553 2365 canit
582 2326 805 2380 Dionysius
829 2326 936 2379 379:
973 2325 1074 2379 φῦλά
1096 2326 1130 2366 τ’
1168 2325 1358 2381 Ἰηπὺγων

125 2388 383 2442 τετανυσμένα
408 2388 514 2441 μέσφ’
544 2386 689 2442 Ὑρίοιο
706 2387 919 2442 Παραλίης,
946 2385 1092 2442 Ὑρίου,
1110 2388 1195 2428 τόθι
1211 2389 1361 2443 σύρεται

123 2447 271 2504 Ἆδριὰς
303 2444 407 2505 ἅλμη
442 2450 591 2490 Πόντον
626 2450 661 2498 ἐς
699 2448 931 2505 ἀγχίπορον.
966 2450 1227 2503 Jungendam
1265 2466 1361 2492 cum

123 2513 234 2553 hisce
255 2513 370 2554 urhis
388 2514 585 2567 sinusque
611 2513 851 2554 nominibus
885 2511 1035 2568 Ἇρίονα
1054 2522 1238 2554 montem
1253 2523 1361 2556 recte

117 2575 204 2628 jam
221 2577 463 2616 Mannertus
486 2576 498 2631 (
524 2577 602 2625 IX,
624 2589 665 2626 2,
690 2590 733 2630 p.
757 2577 808 2616 23
829 2575 842 2631 )
872 2577 1045 2616 censuit.
1067 2579 1129 2616 Ac
1151 2578 1289 2618 nescio
1309 2592 1360 2618 an

124 2646 238 2678 vetus
257 2653 411 2678 nomen
427 2639 654 2679 etiamnum
674 2638 850 2694 supersit
870 2639 913 2680 in
929 2641 1070 2681 Mante
1089 2638 1262 2691 Origone
1275 2658 1290 2688 ;
1304 2641 1362 2680 sic

120 2702 233 2740 enim
263 2713 395 2739 unum
427 2714 476 2739 ex
501 2700 718 2754 praecipuis
745 2701 926 2754 Gargani
959 2700 1196 2750 verticibus,
1224 2702 1362 2742 nescio

121 2774 361 2814 quemnam,
394 2770 652 2816 nuncupant.
672 2761 751 2802 Sed
766 2761 846 2802 hoc
864 2770 959 2802 utut
973 2770 1049 2812 est,
1067 2762 1203 2802 nullus
1215 2762 1361 2804 dubito

124 2824 225 2877 quin
254 2838 320 2879 ap.
342 2824 547 2879 Scylacem
568 2824 856 2880 reponendum
882 2826 934 2866 sit
955 2824 1140 2880 Ὠρίωνα,
1167 2826 1280 2880 quod
1303 2826 1362 2869 fa-

124 2886 273 2927 cillime
298 2887 399 2929 abiit
429 2889 471 2928 in
503 2886 665 2942 Ἄρίονα,
703 2889 809 2928 sicut
831 2887 943 2943 apud
971 2889 1199 2929 Firmicum
1238 2890 1363 2931 Orion

125 2947 238 2989 sidus
250 2951 420 2991 vocatur
435 2950 569 2991 Arion
591 2950 761 3006 (Ideler,
791 2954 1008 3007 Ursprung
1019 2950 1092 2992 der
1103 2955 1364 2994 Sternnamen

125 3023 168 3064 p.
195 3024 274 3065 219
305 3011 337 3067 ).
373 3011 738 3065 Quemadmodum
767 3005 1011 3055 enim'cum
1044 3015 1174 3070 Hyria
1197 3017 1364 3057 Boeotiae

127 3071 230 3112 urbe
264 3075 487 3115 arctissime
517 3074 687 3129 junctus
719 3084 807 3117 erat
835 3077 958 3117 heros
981 3077 1113 3118 Orion
1139 3076 1153 3132 (
1196 3076 1362 3133 Ὀαρίων

128 3133 293 3175 Pindar.
322 3144 362 3176 et
385 3136 620 3178 Callimach.
640 3136 675 3193 ),·
695 3138 754 3178 sic
770 3137 880 3179 idem
902 3138 954 3179 de
973 3140 1150 3194 Iapygiae
1165 3140 1268 3181 urbe
1286 3150 1365 3183 sta-

130 3202 218 3234 tuas
232 3197 512 3250 probabiliter.
536 3200 642 3239 Nam
662 3209 811 3255 praeter
837 3201 1050 3242 Cretenses
1072 3202 1134 3242 vel
1157 3203 1364 3245 insulanos

133 3256 193 3295 vel
214 3258 401 3300 Crissaeos
427 3262 549 3302 etiam
572 3263 738 3302 Boeotos
766 3263 810 3303 in
827 3264 1037 3319 Iapygiam
1066 3265 1286 3318 migrasse,
1318 3282 1365 3308 36

127 3320 369 3374 Messapiam
410 3337 433 3363 a
457 3325 647 3379 Messapo
681 3327 827 3366 Boeoto
860 3341 1015 3367 nomen
1056 3327 1208 3368 habere
1239 3329 1365 3371 tradit

128 3381 277 3422 Strabo
291 3384 368 3433 IX,
385 3398 428 3439 p.
453 3385 549 3434 405.
575 3386 640 3427 Cf.
657 3388 853 3442 Stephan.
879 3390 976 3443 Byz.
1000 3404 1033 3430 s.
1051 3405 1091 3430 v.
1114 3390 1361 3442 Μεσσάπιον;

132 3443 296 3484 Miiller.
319 3445 346 3485 l.
370 3446 397 3486 1.
420 3449 566 3498 Porro,
591 3457 637 3489 ut
653 3451 786 3491 Orion
808 3452 851 3491 in
870 3452 1047 3492 Siciliam
1071 3454 1204 3503 venit,
1227 3454 1365 3510 ibique

130 3505 282 3546 Zanclo
304 3509 386 3560 regi
404 3518 571 3562 portum
588 3513 790 3552 exstruxit
812 3514 1039 3568 ingensque
1061 3515 1253 3556 Pelorum
1270 3532 1365 3572 pro-

134 3568 386 3608 montorium
406 3572 543 3623 posuit
561 3571 575 3627 (
591 3573 759 3613 Hesiod.
779 3588 845 3629 ap.
867 3575 1043 3617 Diodor.
1065 3579 1142 3626 IV,
1161 3578 1212 3619 85
1234 3578 1247 3634 )
1274 3593 1282 3619 :
1308 3582 1365 3620 sic

129 3629 280 3669 >similia
307 3629 358 3670 de
390 3632 581 3685 Gargano
604 3638 892 3689 promontorio
914 3639 1046 3679 Boeoti
1077 3640 1224 3681 accolae
1251 3641 1366 3682 sabu-

134 3691 202 3731 lati
224 3691 390 3733 suerint.
409 3694 506 3734 Haec
523 3695 734 3738 hactenus.
759 3699 951 3740 Ceterum
972 3701 1024 3741 de
1045 3702 1220 3753 ambitu,
1241 3719 1365 3759 quem

133 3755 309 3809 'iapygiae
325 3754 465 3809 Scylax
489 3755 653 3806 tribuit,
671 3757 724 3798 cf.
743 3759 938 3814 Polybius
952 3763 1030 3811 III,
1046 3764 1114 3812 83,
1134 3765 1156 3804 3
1178 3778 1187 3804 :
1210 3760 1254 3816 ἧς
1275 3765 1288 3822 (
1305 3782 1362 3808 sc.

132 3819 201 3867 τῆς
228 3815 455 3872 Ἰαπυγίας)
480 3818 720 3874 ’,διῃρημένης
744 3819 794 3867 εἷς
823 3824 924 3876 τρεῖς
951 3822 1180 3878 ὀνομασίας,
1202 3828 1268 3867 καὶ
1288 3834 1364 3869 τῶν

67 3919 70 3922 ⁴
137 3878 203 3932 μὲν
240 3880 630 3933 προσαγόρευομένων
658 3881 844 3930 Δαυνίων,
887 3886 996 3935 [τῶν
1028 3885 1069 3925 δὲ
1099 3887 1365 3943 Πευκετίων,]

133 3944 212 3980 ’.ὢν
240 3940 280 3980 δὲ
296 3940 544 3981 Μεσσαπίων.
569 3943 586 3995 l}
613 3966 669 3973 —
689 3946 752 3999 τῷ
794 3942 867 3983 'AB
876 3959 896 3998 ρ
912 3944 957 3999 ίᾳ
976 3948 990 3997 ]
1009 3948 1104 3989 Post
1124 3949 1212 3990 haec
1242 3952 1366 3993 verba

135 4002 387 4043 Niebuhrius
411 4003 707 4059 interponenda
733 4014 883 4057 censet,
920 4011 1047 4061 quoeg
1073 4009 1121 4050 15
1142 4011 1362 4065 leguntur:

1418 757 1457 798 ἐν
1474 757 1516 799 δὲ
1530 758 1656 815 τούτῳ
1670 763 1725 815 τῷ
1741 758 1856 800 ἔθνει.
1867 792 1894 800 ..
1916 760 2146 808 Πευκετιεῖς.
2171 762 2186 815 Η
2205 786 2261 814 ,-
2296 762 2380 819 ‘Hp
2394 767 2416 805 ά
2430 783 2451 807 κ
2465 767 2491 807 λ
2503 784 2518 808 ε
2531 785 2570 809 ιο
2581 785 2599 810 ν
2637 774 2651 823 ]

1423 822 1568 862 ceteris
1591 830 1652 862 est
1677 820 1901 877 Ἡράκλεια.
1938 824 2171 876 Similiter§
2203 829 2254 865 66
2288 828 2537 871 Macedoniae
2555 832 2654 873 urbs

1418 898 1510 938 quae
1540 884 1627 924 aliis
1650 885 1860 936 Heraclea,
1882 885 2035 940 Scylaci
2053 886 2298 928 Heracleum
2327 900 2509 933 vocatur.
2540 895 2656 949 Iapy-

1416 946 1490 999 giae
1506 946 1605 987 urbs
1635 946 1802 1002 Olymp.
1826 950 1896 998 84,
1919 950 1960 996 4.
1984 948 2064 996 433
2083 948 2250 990 condita
2272 965 2296 990 a
2318 953 2564 1005 Tarentinis,
2583 959 2654 1010 qui

1416 1009 1515 1049 Siris
1530 1009 1674 1064 oppidi
1697 1009 1852 1050 incola-s
1871 1018 1912 1050 ct
1928 1011 2120 1065 proprios
2136 1010 2304 1053 colonos
2319 1028 2368 1054 eo
2385 1015 2656 1059 traduxerunt

1421 1070 1435 1127 (
1466 1071 1643 1111 Diodor.
1662 1073 1760 1122 XII,
1791 1072 1859 1122 36,
1887 1073 1934 1123 33
1963 1072 2111 1113 Strabo
2131 1075 2208 1124 VI,
2229 1088 2273 1129 p.
2309 1078 2390 1125 264
2416 1075 2448 1132 ).
2470 1079 2655 1120 Herodo-

1417 1142 1483 1174 tus
1502 1133 1648 1190 (VIII,
1681 1134 1759 1191 62)
1783 1136 1891 1176 Sirin
1914 1134 2051 1175 adhuc
2074 1145 2298 1188 memorat3
2316 1139 2518 1182 Heracleae
2540 1157 2652 1184 men·

1419 1197 1575 1237 tionem
1587 1210 1792 1251 nusquam
1804 1196 1949 1253 injicit.
1974 1197 1989 1249 Η
2011 1221 2069 1228 -
2091 1195 2102 1212 ‘
2115 1197 2146 1238 Υ
2159 1199 2180 1238 δ
2195 1214 2214 1254 ρ
2228 1214 2248 1238 ο
2260 1201 2282 1239 ὖ
2296 1202 2338 1252 ς]
2356 1200 2493 1256 Ὕὸρος
2509 1204 2651 1246 codex.

1424 1260 1438 1312 [Ι
1458 1283 1515 1289 -
1555 1258 1635 1300 ἐπὶ
1669 1264 1735 1315 τῷ
1763 1262 1848 1300 τοῦ
1891 1258 2093 1314 Ἀδρίου
2118 1261 2141 1312 ἢ
2169 1266 2224 1317 τῷ
2258 1266 2347 1302 τοῦ
2391 1262 2584 1306 Ἰονίου
2610 1284 2651 1308 κ.

1420 1335 1444 1360 σ
1456 1335 1491 1361 τ.
1515 1324 1529 1374 ]
1554 1319 1753 1362 Adriatici
1784 1323 1909 1362 maris
1944 1323 2170 1363 terminum
2205 1323 2258 1363 ad
2291 1325 2546 1378 Garganum,
2584 1330 2655 1369 ubi

1419 1384 1549 1438 Hyria
1565 1383 1796 1434 111115,,611111
1814 1385 1967 1425 Nostro
1989 1386 2106 1441 ponit
2122 1386 2346 1440 Dionysius
2368 1387 2463 1441 379,
2481 1403 2556 1430 nec
2574 1406 2656 1432 non

1419 1446 1664 1489 Ptolemaeus
1676 1449 1753 1496 III,
1773 1460 1811 1498 1,
1827 1461 1870 1502 p.
1897 1447 1991 1501 175,
2007 1449 2056 1489 18
2069 1448 2208 1490 Wilb.
2232 1451 2481 1490 Letronnius
2497 1455 2658 1494 Poemes

1416 1510 1552 1561 geogr.
1577 1524 1622 1565 p.
1646 1523 1740 1564 197,
1758 1510 1891 1550 nostri
1920 1510 1999 1550 loci
2031 1511 2242 1551 mentione
2261 1511 2388 1562 facta,
2404 1521 2520 1554 notat
2538 1515 2623 1556 haec
2646 1531 2655 1557 :

1420 1571 1495 1612 Cet
1516 1581 1664 1614 auteur
1677 1572 1801 1614 etend
1816 1573 1854 1613 16
1868 1587 1969 1613 nom
1989 1572 2042 1613 de
2065 1588 2149 1613 mer
2175 1573 2600 1631 Adriatiqzcejusqu’a
2622 1580 2658 1620 la

1420 1634 1511 1676 cote
1531 1635 1754 1692 d’Iapygie.
1777 1635 1856 1677 J’ai
1879 1651 1932 1676 eu
1951 1637 2142 1677 occasion
2162 1636 2215 1677 de
2236 1652 2475 1693 remarquer
2494 1641 2656 1682 ailleurs

1422 1696 1438 1754 (
1464 1698 1704 1740 Recherclzes
1718 1713 1792 1740 sur
1809 1698 1968 1740 Dicuil.
1994 1714 2036 1755 p.
2077 1700 2153 1754 173
2181 1713 2271 1755 sqq.
2294 1699 2328 1757 ),
2352 1715 2431 1756 que
2450 1717 2495 1742 ce
2518 1718 2618 1747 nom
2635 1722 2657 1746 a

1420 1762 1484 1801 ete
1503 1763 1828 1816 primitivement
1850 1762 1982 1803 borne
2003 1761 2027 1802 3
2051 1762 2090 1803 13
2117 1764 2248 1817 partie
2281 1766 2595 1818 septentrionale
2619 1777 2658 1809 et

1421 1838 1625 1879 moyenne
1636 1856 1647 1876 ,
1669 1833 1710 1865 et
1725 1839 1805 1880 que
1820 1825 1856 1865 le
1871 1839 1971 1865 nom
1989 1824 2041 1865 dc
2060 1824 2166 1879 golfe
2182 1826 2317 1866 ionien
2339 1826 2551 1868 s’etendait
2568 1830 2658 1884 plus

1420 1901 1474 1927 au
1491 1887 1599 1928 nord
1630 1900 1639 1928 :
1675 1889 1876 1943 Scymnus
1903 1887 1955 1927 de
1974 1888 2079 1928 Chio
2114 1887 2127 1944 (
2158 1889 2253 1939 368,
2286 1889 2358 1929 ubi
2391 1890 2484 1930 vide
2504 1890 2535 1946 ),
2564 1894 2655 1946 qui,

1421 1949 1523 1990 dans
1545 1965 1589 1990 sa
1608 1950 1882 2005 composition
1910 1951 2120 2005 poetique,
2157 1951 2373 2006 reproduit
2407 1953 2658 2007 quelquesois

1421 2011 1492 2052 des
1510 2013 1676 2053 notions
1692 2012 1775 2053 fort
1791 2013 2027 2063 anciennes,
2041 2012 2181 2053 donne
2198 2014 2237 2054 la
2248 2013 2340 2055 cote
2352 2013 2424 2055 des
2440 2016 2658 2058 Ombriens

1420 2089 1527 2130 pour
1546 2076 1676 2116 limite
1690 2074 1710 2116 a
1727 2075 2016 2131 l’Adriatique.
2034 2079 2058 2117 J
2060 2092 2082 2117 e
2098 2078 2268 2132 persiste
2284 2076 2307 2118 a
2321 2078 2454 2118 croire
2468 2093 2548 2134 que
2563 2081 2658 2122 l'ex-

1422 2139 1582 2178 tension
1602 2137 1653 2179 dc
1674 2153 1719 2178 ce
1734 2153 1833 2178 nom
1857 2147 1917 2179 est
1932 2138 2014 2179 due
2033 2137 2056 2179 a
2070 2139 2109 2179 la
2131 2138 2347 2180 fondation
2364 2140 2416 2181 de
2430 2141 2468 2182 la
2483 2145 2658 2185 seconde

1420 2200 1550 2241 Adria
1564 2215 1640 2255 par
1656 2203 1810 2256 Denys.
1832 2202 1872 2241 Si
1895 2200 1932 2240 16
1955 2209 2086 2256 temps
2104 2209 2144 2241 et
2168 2201 2339 2256 l'espace
2356 2204 2469 2244 mele
2483 2217 2657 2259 permet-

1414 2265 1563 2317 ⁴taient,
1576 2263 1619 2318 je
1635 2264 1835 2304 tacherais
1851 2262 2039 2303 d’etablir
2051 2278 2131 2318 que
2145 2264 2183 2304 la
2195 2263 2447 2320 description
2463 2266 2533 2307 des
2548 2269 2657 2311 cotes

1421 2324 1473 2364 de
1502 2325 1645 2365 l'Italie
1659 2325 1762 2365 dans
1785 2333 1903 2365 notre
1921 2325 2082 2379 Periple
2109 2335 2169 2366 est
2190 2341 2248 2366 un
2267 2327 2428 2367 resume
2447 2327 2517 2368 des
2546 2332 2658 2384 prin-

1421 2388 1568 2441 cipaux
1585 2387 1676 2427 faits
1697 2387 2020 2442 geographiques
2040 2388 2254 2440 consignes
2267 2387 2370 2428 dans
2392 2389 2449 2429 les
2469 2390 2657 2432 histoircs

1421 2448 1473 2489 de
1490 2450 1760 2504 Theopompe
1775 2457 1815 2488 et
1862 2449 2084 2503 d'Ephore.
2108 2469 2123 2483 n
2149 2448 2275 2504 Apud
2289 2451 2541 2505 antiquiores
2561 2457 2658 2495 scri-

1420 2519 1560 2566 ptores
1592 2525 1745 2551 nomen
1779 2511 1894 2550 sinus
1926 2511 2056 2550 Ionici
2086 2525 2172 2551 non
2202 2510 2329 2552 modo
2365 2514 2495 2567 magis
2532 2529 2656 2570 quam

1420 2583 1563 2629 postea
1583 2588 1723 2614 versus
1755 2574 2053 2628 septentriones
2073 2573 2321 2628 pertinebat,
2348 2575 2419 2615 sed
2447 2590 2578 2631 usque
2606 2580 2658 2620 ad

1422 2638 1616 2678 intimum
1634 2637 1747 2677 sinus
1765 2650 1985 2686 recessum,
2012 2635 2115 2676 adeo
2133 2645 2180 2676 ut
2211 2645 2321 2677 totus
2344 2638 2458 2680 sinus
2483 2639 2548 2680 illc
2564 2655 2659 2695 pars

1422 2709 1526 2741 esset
1541 2701 1666 2741 maris
1680 2700 1804 2740 Ionii.
1823 2700 1888 2740 Sic
1903 2700 2114 2739 Hecataeus
2137 2701 2265 2740 Istros
2280 2707 2321 2740 ct
2343 2701 2530 2742 Caulicos
2545 2703 2660 2745 hahi-

1422 2769 1526 2802 tasse
1540 2760 1666 2802 refert
1681 2760 1719 2801 ἐν
1736 2765 1791 2816 τῷ
1811 2759 1823 2777 ’
1834 2761 1848 2800 Ι
1859 2776 1879 2800 0
1890 2775 1908 2800 ν
1922 2761 1972 2816 ίῳ
1991 2760 2147 2816 κόλπῳ,
2166 2761 2224 2801 516
2234 2761 2457 2816 Dionysius
2470 2765 2502 2805 A
2513 2796 2521 2803 .
2536 2767 2655 2807 Rom.

1421 2825 1457 2875 I,
1475 2826 1544 2875 28,
1561 2824 1633 2864 11111
1653 2822 1851 2864 Hellanici
1870 2824 2149 2864 narrationem
2166 2822 2338 2864 reddere
2347 2823 2443 2877 jure
2454 2836 2657 2879 censetur,

1422 2886 1524 2927 dicit
1540 2900 1549 2927 :
1570 2886 1632 2928 ἐπὶ
1649 2886 1809 2938 Σπινῆτι
1825 2890 1988 2942 ποταμῷ
2007 2885 2020 2941 (
2037 2885 2089 2926 3(1
2104 2884 2205 2926 Padi
2216 2887 2368 2926 ostium
2383 2888 2657 2947 Spineticum)

1424 2949 1462 2991 ἐν
1500 2954 1554 3005 τῷ
1593 2949 1605 2966 ’
1619 2950 1634 2989 1
1648 2964 1697 2990 ον
1714 2949 1768 3005 ίῳ
1814 2949 1963 3005 κόλπῳ.
2002 2948 2150 2989 Adrias
2173 2948 2286 2988 sinus
2321 2949 2385 2990 his
2407 2954 2660 3007 temporibus

1422 3013 1588 3052 nonnisi
1605 3012 1755 3066 exigua
1774 3011 1962 3066 quaedam
1979 3011 2092 3050 sinus
2110 3011 2241 3050 Ionici
2261 3013 2477 3065 particula,
2500 3029 2590 3069 qua}
2609 3017 2660 3057 ad

1423 3075 1554 3130 ipsam
1576 3074 1749 3116 Adriam
1767 3073 1914 3114 urbem
1931 3073 2187 3126 fluviumque
2203 3072 2426 3126 adjacebat.
2450 3076 2555 3116 Nam
2582 3078 2660 3119 hoc

1423 3152 1546 3178 sensu
1566 3139 1801 3178 Hecataeum
1819 3151 1884 3191 ap.
1908 3136 2048 3190 Steph.
2078 3148 2087 3175 ε
2114 3133 2239 3189 Ἀδρία
2258 3135 2369 3182 πόλις
2388 3136 2451 3176 καὶ
2477 3139 2563 3192 παρ’
2593 3139 2658 3179 αὗ-

1423 3198 1493 3251 τὴν
1523 3200 1666 3247 κόλπος
1693 3199 1836 3254 Ἀδριὰς
1869 3198 1934 3238 καὶ
1962 3197 2132 3252 ποταμὸς
2165 3197 2321 3251 ὁμοίως,
2357 3198 2406 3245 ὡς
2440 3196 2657 3252 Ἑκαταῖος,

1423 3262 1734 3317 intelligendum
1749 3275 1834 3302 esse
1852 3268 1964 3315 patet
1979 3273 2030 3300 ex
2046 3260 2214 3313 reliquis
2230 3261 2405 3300 Hecataei
2423 3260 2659 3316 fragmentis

1423 3325 1551 3366 modo
1570 3325 1714 3374 allatis,
1732 3332 1854 3378 atque
1869 3321 1967 3362 inde
1986 3320 2100 3376 quod
2123 3336 2255 3375 neque
2276 3322 2511 3364 Herodotus
2528 3340 2660 3381 neque

1422 3387 1687 3444 Thucydides
1707 3393 1863 3426 norunt
1894 3384 2033 3423 sinum
2054 3382 2326 3424 Adriaticum.
2361 3385 2534 3440 Scylaeis
2562 3402 2659 3428 vero

1424 3459 1539 3493 aetate
1557 3463 1686 3505 quum
1703 3462 1854 3488 nomen
1871 3447 1952 3487 hoc
1961 3446 2047 3501 jam
2063 3460 2194 3500 usque
2216 3445 2268 3486 ad
2283 3448 2520 3500 Garganum
2538 3452 2660 3505 perti-

1424 3521 1553 3563 neret,
1578 3509 1768 3552 nondum
1797 3518 1934 3550 tamen
1957 3507 2284 3561 distinguebatur
2303 3508 2412 3549 inter
2433 3511 2598 3552 Ionium
2621 3521 2661 3552 ct

1424 3575 1683 3617 Adriaticum
1704 3574 1859 3624 sinum,
1877 3570 1949 3612 sed
1965 3571 2200 3626 promiscue
2221 3579 2401 3626 utroque
2419 3575 2588 3615 nomine
2600 3577 2657 3615 uti

1424 3639 1595 3688 licebat3
1621 3635 1664 3677 id
1694 3636 1807 3676 enim
1839 3642 1880 3676 et
1915 3642 2056 3675 noster
2088 3633 2204 3674 locus
2232 3634 2382 3689 probat
2404 3644 2444 3677 et
2470 3636 2658 3677 disertius

1426 3702 1550 3741 etiam
1581 3702 1604 3752 §
1627 3712 1697 3754 27,
1722 3697 1797 3739 11111
1821 3710 1831 3738 :
1863 3696 1908 3738 τὸ
1932 3696 1973 3738 δὲ
1992 3695 2085 3737 oab-cb
2123 3694 2267 3752 Ἀδρίας
2299 3697 2380 3738 ἐστὶ
2413 3698 2477 3738 καὶ
2504 3697 2653 3746 Ἰόνιος.

1426 3761 1586 3816 Quodsi
1605 3759 1897 3816 Bernhardyus
1919 3758 1972 3800 ad
1992 3760 2118 3800 Dion.
2143 3773 2187 3814 p.
2216 3758 2294 3808 548
2319 3760 2420 3800 nihil
2446 3761 2505 3800 his
2529 3762 2658 3801 inesse

1426 3832 1544 3879 putat
1559 3823 1674 3879 quod
1687 3822 1852 3864 recedat
1862 3837 1887 3864 a
1908 3822 2111 3862 sententia
2125 3821 2336 3862 Strabonis
2357 3821 2371 3877 (
2387 3823 2481 3870 VII,
2498 3836 2537 3875 p.
2559 3823 2580 3861 3
2592 3827 2652 3862 16.

1424 3889 1481 3936 Π,
1495 3901 1536 3941 p.
1555 3886 1650 3942 123)
1670 3886 1928 3940 aliorumque
1941 3885 2233 3940 posteriorum,
2251 3885 2318 3937 qui
2339 3885 2502 3923 Ionium
2521 3885 2654 3925 sinum

1425 3950 1590 3989 nonnisi
1612 3947 1923 3989 meridionalem
1952 3945 2072 4000 hujus
2093 3946 2215 3985 maris
2244 3953 2397 3999 partem
2424 3955 2583 3996 vocant,
2613 3946 2657 3986 id

1427 4011 1540 4053 haud
1551 4012 1768 4067 perspicio.
1783 4035 1839 4041 —
1852 4012 1914 4050 De
1929 4007 2095 4064 paraplo
2110 4007 2284 4062 Iapygiae
2306 4006 2358 4046 cs.
2379 4015 2462 4047 not.
2482 4007 2531 4048 ad
2550 4011 2572 4061 g
2588 4021 2653 4049 12.
