2808 4342
746 86 789 128 Ο

209 178 300 219 212

210 329 221 339 ·
292 272 440 329 νήσους
458 271 545 335 ἔχει
562 275 653 324 ταῖς
672 270 885 320 Κυκλάσιν
904 268 1235 332 ἐμφερεστᾶτας,

289 341 444 388 τούτων
463 341 507 388 δὲ
525 341 599 394 τὰς
619 340 695 402 μὲν
713 337 939 399 λεγομένας
953 336 1195 400 Ἀψυρτίδας

293 410 564 473 Ἦλικτρίδας
582 427 626 455 τε
640 443 655 467 ,
677 406 751 459 τὰς
770 405 814 452 δὲ
834 405 908 452 καὶ
928 404 1189 467 Λιὸυρνίδας.

205 495 268 528 ³7⁶
290 478 376 528 Τὸν
393 478 545 526 κόλπον
567 480 774 538 ἱστοροῦσι
794 472 864 519 τὸν
888 472 1141 536 Ἀδριατικόν

288 550 371 594 τῶν
392 546 616 609 βαρὸἄρων
633 541 790 599 πλῆθός
803 559 845 588 τι
858 545 1079 606 περιοικεῖν
1098 541 1241 606 κύκλῳ

288 617 432 662 ἑκατὸν
449 613 594 675 σχεδὸν
614 611 784 674 μυριάσι
798 610 1055 667 πεντήκοντά
1069 630 1113 659 τε

289 684 431 747 χώραν
452 683 624 744 ἀρίστην
643 679 878 742 νεμομένων
894 682 968 728 καὶ
987 682 1220 746 καρπίμην·

286 754 571 811 διδυμητοκεῑν
585 750 667 813 γάρ
686 769 787 814 φασι
802 749 942 797 καὶτὰ
966 750 1204 816 θρέμματα·

201 838 264 868 sao
287 819 366 882 ἀὴρ
385 819 645 866 διαλλάττων
663 818 705 866 δὲ
721 818 838 883 παρὰ
857 819 926 867 τὸν
951 821 1154 868 Ποντικόν

285 889 393 936 ἐστὶν
415 888 519 952 ὑπὲρ
540 888 685 942 αὐτοὺς
698 925 711 947 ,
728 888 879 952 καίπερ
894 889 1015 943 ὄντας
1040 891 1230 948 πλησίον·

282 961 327 1004 οὔ
348 957 429 1022 γὰρ
448 958 672 1023 νιφετώδης
696 959 783 1006 οὐδ’
802 958 908 1020 ἄγαν
931 958 1158 1023 ἐψυγμένος
1173 995 1186 1019 ,

282 1027 400 1089 ὑγρὸς
419 1027 461 1073 δὲ
478 1027 722 1074 παντάπασι
737 1027 804 1073 διὰ
822 1027 962 1081 τέλους
981 1028 1109 1088 μένει·

282 1096 370 1149 ὀξὺς
392 1096 435 1142 δὲ
453 1096 701 1160 ταραχώδης
720 1116 761 1144 τε
779 1097 880 1161 πρὸς
898 1097 971 1151 τὰς
991 1098 1227 1157 μεταὸολᾶς
1239 1137 1250 1156 ,

196 1183 258 1213 aas
282 1166 466 1225 μάλιστα
481 1170 553 1214 τοῦ
570 1166 710 1230 θέρους
729 1167 771 1213 δὲ
783 1204 796 1227 ,
816 1167 1066 1231 πρηστήρων
1086 1187 1130 1215 τε
1146 1170 1217 1214 καί

284 1235 408 1298 βολὰς
426 1238 638 1300 κεραυνῶν
660 1235 755 1289 τούς
768 1255 814 1283 τε
832 1237 1075 1298 λεγομένους
1093 1236 1180 1299 ἔχει

279 1308 483 1369 τυφῶνας.
508 1306 686 1353 Ἐνετῶν
707 1307 742 1352 δ’
761 1307 842 1353 εἶσὶ
856 1307 1112 1360 πεντήκοντά
1127 1303 1212 1353 που

280 1376 420 1428 πόλεις
443 1377 483 1422 ἐν
509 1377 621 1439 αὐτῷ
639 1376 826 1438 κείμεναι
841 1375 942 1439 πρὸς
959 1379 1019 1440 τῷ
1036 1378 1159 1441 μυχῷ
1172 1414 1183 1432 ,

279 1444 346 1498 οὓς
365 1445 415 1501 δὴ
434 1446 643 1506 μετελθεῖν
657 1464 780 1509 φασιν
802 1449 848 1493 ἐκ
866 1449 940 1502 τῆς
965 1448 1249 1510 Παφλαγόνων

184 1517 259 1562 ’390
279 1513 420 1577 χώρας
438 1515 688 1571 κατοικῆσαί
702 1534 747 1561 τε
763 1515 859 1579 περὶ
878 1515 947 1562 τὸν
963 1515 1140 1578 Ἀδρίαν.

280 1583 461 1629 Ἐνετῶν
483 1582 648 1645 ἔχονται
666 1584 831 1648 Θρᾷκες
849 1581 1007 1647 ’Ίστροι
1026 1585 1257 1646 λεγόμενοι.

278 1650 363 1698 Δύο
382 1650 426 1697 δὲ
445 1653 537 1698 κατ’
554 1652 701 1705 αὐτούς
723 1655 802 1699 εἶσι
816 1656 935 1709 νῆσοι
953 1653 1163 1715 κείμεναι,

278 1721 520 1784 κασσίτερον
538 1721 582 1767 αἳ
601 1724 765 1769 δοκοῦσι
782 1722 1004 1770 κάλλιστον
1021 1724 1172 1788 φέρειν.

199 1822 360 1846 ——3-

191 1898 428 1947 angustum,
457 1898 503 1931 ut
521 1904 572 1931 ex
595 1898 736 1931 monte
754 1890 936 1946 quodam
951 1898 1175 1946 utrumque
1202 1904 1315 1931 mare
1335 1904 1430 1946 pos-

192 1961 254 1995 set
265 1952 465 2008 conspici,
476 1951 604 1994 verbo
616 1953 778 1993 monuit
790 1951 974 1994 Strabol.
991 1951 1019 1993 l.
1034 1952 1222 2008 (Theop.
1237 1951 1290 1994 fr.
1306 1954 1385 2001 140
1396 1955 1429 2006 ).

192 2015 396 2057 Disertius
414 2013 468 2056 de
485 2014 551 2056 his
568 2014 740 2070 exponit
762 2013 1002 2056 Aristoteles
1016 2015 1115 2056 Mir.
1143 2028 1217 2056 111
1240 2027 1251 2056 :
1271 2014 1433 2069 Λέγεται

191 2076 233 2119 δὲ
254 2075 404 2133 μεταξὺ·
418 2078 488 2128 τῆς
510 2075 750 2132 Μεντορικῆς
765 2076 831 2117 καὶ
851 2078 920 2127 τῆς
943 2074 1155 2131 Ἰστριανῆς
1169 2076 1257 2132 ὄρος
1271 2091 1308 2118 τι
1331 2075 1433 2118 εἷναι

190 2139 236 2181 τὸ
258 2138 499 2196 καλούμενον
521 2138 699 2195 Δέλφιον,
729 2137 824 2193 ἔχον
845 2138 967 2193 λόφον
996 2138 1164 2195 ὒψηλόψ
1201 2138 1264 2181 ἐπὶ
1294 2142 1432 2181 τοῦτον

190 2202 258 2244 τὸν
275 2202 397 2258 λόφον
413 2202 506 2243 ὅταν
526 2199 784 2243 ἅναδαίνωσιν
804 2200 843 2242 οἱ
860 2202 1052 2257 Μέντορες
1064 2201 1102 2243 οἶ
1117 2200 1181 2243 ἐπὶ
1200 2204 1270 2243 τοῦ
1290 2200 1433 2258 Ἀδρίου

190 2264 384 2315 οἰκοῦντες
393 2263 750 2321 ἇποθεωροῦσιν,ὧς
758 2262 875 2315 ἔοικε,
887 2263 935 2305 τὰ
944 2263 995 2314 εἰς
1004 2264 1071 2306 τὸν
1078 2265 1230 2307 Πόντον
1241 2264 1435 2308 εἰσπλέον-

189 2342 238 2369 τα
256 2327 393 2370 πλοῖα.
416 2325 533 2369 Εἶναι
547 2326 589 2368 δὲ
610 2326 677 2368 καί
696 2342 782 2368 τινα
800 2326 921 2369 τόπον
946 2326 986 2369 ἐν
1009 2329 1091 2376 τοῖς
1116 2326 1191 2369 ἀνὰ
1215 2328 1330 2384 μέσον
1350 2329 1435 2370 δια-

190 2390 395 2446 στήμασιν,
418 2389 470 2439 εἰς
488 2390 533 2431 ὃν
558 2388 702 2446 ἀγορᾶς
716 2392 847 2442 κοινῆς
871 2390 1079 2446 γινομένης
1096 2390 1313 2433 πωλεῖσθαι
1332 2390 1434 2447 παρὰ

192 2453 259 2509 μὲν
282 2458 358 2494 τῶν
383 2451 425 2494 ἔκ
443 2455 513 2494 τοῦ
534 2451 687 2494 Πόντου
707 2451 886 2508 ἐμπόρων
907 2451 1195 2495 ἅναὸαινόντων
1219 2452 1268 2495 τὰ
1293 2454 1435 2496 Δέσῦια

189 2517 255 2557 καὶ
276 2517 352 2558 Χῖα
373 2515 439 2558 καὶ
463 2515 610 2567 Θάσια,
630 2515 734 2571 παρὰ
751 2515 793 2557 δὲ
810 2520 887 2557 τῶν
911 2515 954 2558 ἐκ
977 2519 1046 2558 τοῦ
1074 2515 1216 2573 Ἀδρίου
1234 2516 1323 2565 τους
1342 2517 1435 2573 Κερ-

190 2579 392 2635 mpii-nob<
429 2578 627 2635 ἀμφορεῖς.
661 2579 884 2621 Postremis
917 2578 981 2621 his
1007 2579 1155 2621 similia
1189 2579 1262 2621 sed
1303 2579 1434 2621 multo

192 2642 319 2696 magis
341 2641 544 2683 mirabilia
559 2648 656 2682 sunt
667 2641 1001 2697 Theopompina.
1016 2643 1059 2683 Is
1077 2642 1188 2683 enim
1210 2641 1239 2682 l.
1260 2640 1289 2683 l.
1307 2656 1434 2683 συντε-

189 2703 351 2758 τρῆσθαι
369 2702 418 2744 τὰ
443 2703 596 2758 πελάγη
620 2701 891 2744 contenderat
923 2702 999 2745 ἀπὸ
1016 2706 1085 2744 τοῦ
1113 2702 1351 2758 εὒρίσκεσθαι
1371 2704 1433 2746 κέ·

190 2779 313 2820 ραμον
345 2764 488 2805 θάσιόν
508 2780 548 2805 τε
568 2765 633 2805 καὶ
654 2766 749 2805 Χῖον
778 2762 817 2805 ἔν
836 2768 893 2820 τῷ
913 2763 1086 2819 Νάρωνι.
1112 2764 1191 2806 Vel
1219 2764 1433 2822 Philippus

191 2826 327 2868 Persei
357 2834 488 2882 pater,
529 2826 783 2867 Macedonia:
806 2840 896 2876 rex,
936 2826 1061 2868 fidem
1096 2826 1234 2868 adhuc
1255 2828 1434 2883 praebuit

190 2889 256 2930 isti
280 2887 332 2929 dc
361 2888 539 2929 marium
576 2889 838 2943 proximitate
877 2889 1081 2943 opinioni,
1124 2888 1329 2944 siquidem
1362 2891 1433 2931 Li-

192 2949 283 2991 vius
298 2949 391 3000 XL,
417 2962 465 2990 21
494 2957 660 2990 narrat:
686 2948 843 3005 Cupido
863 2964 953 2990 eum
981 2959 1142 3006 ceperat
1177 2950 1219 2990 in
1242 2951 1432 2992 verticem

190 3010 332 3052 Hccmt'
349 3009 502 3051 montis
527 3008 789 3059 ascendendi,
817 3009 918 3066 quia
937 3010 1118 3063 vulgaeae
1133 3010 1320 3067 opinioni
1351 3027 1433 3053 cre-

189 3070 370 3122 diderat,
402 3070 621 3113 Ponticum
638 3071 821 3113 simulet
841 3071 1138 3114 Hadriaticum
1162 3086 1272 3113 mare
1296 3082 1334 3113 ee
1355 3074 1434 3115 Hi·

189 3143 323 3176 strum
342 3147 501 3176 amnem
515 3143 555 3175 et
570 3134 700 3191 Alpes
715 3134 901 3192 conspici
909 3149 1047 3192 posse.
1064 3135 1208 3177 Livius
1220 3134 1307 3177 haec
1321 3150 1429 3178 sum·

190 3196 243 3237 sit
260 3210 284 3238 e
301 3195 498 3252 Polybio,
519 3196 581 3237 uti
610 3209 661 3237 ex
683 3195 885 3238 Strabone
903 3197 980 3247 VI,
1001 3210 1046 3252 p.
1079 3197 1159 3239 313
1178 3197 1340 3252 colligo.
1365 3199 1430 3241 Cf.

190 3259 315 3301 etiam
333 3258 483 3301 Florus
500 3259 558 3309 11,
588 3270 654 3300 12.
681 3258 788 3301 Satis
804 3272 856 3300 ex
887 3257 952 3300 bis
974 3258 1181 3315 colligitur
1195 3259 1431 3317 Theopom-

192 3334 292 3376 pum
309 3320 566 3377 superiorem
581 3319 708 3361 maris
724 3327 882 3375 partem
887 3318 1005 3376 justo
1020 3318 1218 3377 majorem
1230 3321 1433 3379 longeque

193 3396 334 3424 versus
344 3390 483 3425 ortum
492 3390 724 3438 porrectam
737 3382 919 3425 finxisse.
930 3382 1048 3426 Idem
1059 3390 1263 3427 testantur
1273 3398 1365 3441 quae
1372 3399 1434 3427 se·

193 3453 380 3499 quuntur
394 3444 447 3487 de
461 3446 757 3501 quinquaginta
773 3446 1032 3488 Henetorum
1046 3445 1212 3504 oppidis
1224 3446 1278 3490 ad
1297 3448 1431 3504 ipsum

126 3555 131 3566 Ι
197 3506 321 3560 μυχὸν
357 3506 460 3555 sitis,
499 3505 633 3562 deque
667 3507 835 3563 Hyllicae
865 3507 1092 3564 peninsula!
1130 3508 1429 3564 magnitudine.

195 3566 359 3620 Quibus
378 3566 484 3607 adde
500 3567 611 3623 quod
629 3583 652 3609 a
672 3569 912 3611 Strabonel.
935 3570 963 3611 1.
986 3569 1179 3622 traditur,
1193 3570 1432 3628 Theopom-

194 3641 297 3684 pum
319 3641 342 3669 a
363 3628 562 3670 Liburnia
580 3630 631 3670 ad
652 3631 878 3673 Ceraunios
904 3641 1066 3675 montes
1090 3631 1178 3675 duo
1203 3632 1328 3676 millia
1352 3640 1432 3676 sta·

194 3689 361 3732 diorum
391 3698 432 3731 et
472 3690 609 3746 paullo
635 3693 810 3748 amplius
835 3703 1094 3751 computasse
1126 3694 1142 3751 (
1160 3694 1273 3752 quod
1288 3709 1311 3738 a
1333 3708 1431 3738 vero

197 3765 282 3794 non
305 3750 482 3793 multum
509 3752 671 3810 abest),
700 3768 842 3796 verum
867 3755 933 3797 τὸν
964 3757 1089 3798 πάντα
1108 3755 1183 3800 ἀπὸ
1211 3761 1280 3800 τοῦ
1304 3761 1431 3814 μυχοῦ

195 3813 319 3856 πλοῦν
343 3812 497 3870 ἡμερῶν
516 3813 556 3863 ἓξ
585 3813 798 3870 εἰρηκέναι,
824 3819 922 3873 πεζῇ
944 3818 983 3860 δὲ
1008 3820 1052 3860 τὸ
1074 3822 1194 3875 μῆκος
1214 3823 1283 3874 τῆς
1303 3818 1431 3863 Ἰλλυ-

197 3876 300 3932 ρίδος
317 3875 383 3917 καὶ
408 3875 683 3932 τριάκοντα
698 3909 708 3919 .
738 3880 787 3919 In
811 3880 962 3934 quibus
985 3896 1053 3922 sex
1082 3881 1245 3926 dierum
1268 3882 1432 3940 naviga·

198 3938 258 3979 tio
281 3938 335 3979 ita
371 3937 634 3994 intelligenda
656 3947 732 3991 est,
767 3948 812 3983 ut
834 3951 972 3984 noctes
994 3958 1160 4000 quoque
1187 3960 1238 3988 eo
1260 3959 1435 3989 numero

198 4000 618 4056 comprehendantur,
656 4002 735 4045 nisi
776 4002 946 4047 sortasse
972 4006 1037 4048 τὀν
1075 4007 1197 4050 πλοῦν
1229 4007 1434 4053 directum

988 167 1277 217 ANONYMI
1311 168 1511 229 (νυιοο
1544 171 1771 220 sevum
1805 174 1962 234 Cfflt)

2593 179 2665 241 (υ,
2675 181 2753 251 ιε.)

1513 279 1667 324 insulas
1685 281 1835 324 habeat
1852 282 2099 339 Cycladibus
2118 284 2344 326 simillimas
2355 316 2365 334 ,

1513 346 1663 392 barum
1679 357 1817 392 autem
1838 349 1936 392 alias
1956 349 2087 393 dictas
2104 352 2345 408 Apsyrtides

1513 415 1821 474 Electa-ideaque
1833 449 1846 469 ‚
1865 418 1964 460 alias
1980 418 2104 461 etiam
2123 420 2383 463 Liburnicas.

1512 484 1659 527 Sinum
1677 483 1935 528 Adriaticum
1957 485 2098 530 serunt
2761 499 2808 530 ἑῆς

1513 552 1787 597 barbarorum
1805 555 2115 599 multitudinem
2132 557 2479 600 circumhabitare
2764 516 2808 620 ᾗ

1512 630 1681 665 centum
1696 621 1781 666 sere
1795 631 1838 666 et
1850 624 2151 681 quinquaginta
2170 625 2424 682 myriadibus
2435 659 2446 678 ,
2782 621 2808 658 W

1512 690 1724 746 regionem
1741 692 1943 748 optimam
1962 691 2188 735 colentium
2209 702 2251 735 et
2274 692 2525 738 fructuosam
2542 713 2553 747 ;

1512 757 1705 814 gemellos
1721 759 1835 802 enim
1857 773 2003 817 parere
2019 762 2143 803 etiam
2165 775 2315 817 pecora
2335 764 2466 806 aiunt.
2805 817 2808 823 Ι

1511 831 1599 872 Aer
1618 837 1757 872 autem
1776 843 1801 872 a
1818 830 1992 872 Pontico
2006 829 2194 875 diversus
2796 825 2808 879 i

1511 897 1623 953 apud
1644 911 1715 939 eos
1736 905 1818 948 est,
1837 898 2027 953 quamvis
2045 899 2170 941 vicini
2187 902 2322 944 Ponto
2342 903 2439 945 sint⁴
2796 891 2808 904 “

1511 967 1609 1008 Non
1626 967 1794 1008 nivosus
1809 966 1922 1008 enim
1938 979 2074 1022 neque
2088 966 2213 1010 nimis
2230 968 2403 1025 frigidus
2414 1004 2426 1023 ,

1511 1034 1585 1076 sed
1607 1033 1807 1076 humidus
1826 1033 2001 1076 omnino
2018 1048 2149 1090 usque
2170 1045 2331 1088 manet;
2389 1050 2396 1057 ·

1510 1103 1673 1144 subitus
1695 1117 1794 1144 -vero
1816 1101 2162 1159 turbulentusque
2178 1103 2230 1145 ad
2250 1107 2496 1149 mutationes
2510 1140 2521 1159 ,

1510 1171 1738 1227 pracsertim
1756 1178 1909 1222 aestate,
1932 1178 2247 1227 presterumque
2262 1181 2303 1214 et

1505 1240 1639 1296 jactus
1654 1239 1877 1282 fulminum
1906 1238 2122 1296 dictosque
2139 1240 2264 1283 habet

1510 1310 1728 1366 typhones.
1749 1310 1979 1351 Enetorum
2003 1323 2100 1351 vero
2121 1309 2420 1366 quinquaginta
2443 1311 2527 1353 {ere

1509 1388 1606 1421 sunt
1629 1379 1753 1421 urbes
1771 1378 1825 1423 ad
1845 1378 1952 1421 illius
1966 1379 2053 1421 sitae
2067 1379 2260 1421 intimum
2277 1385 2480 1423 recessum
2498 1398 2508 1431 ;

1509 1463 1614 1505 quos
1643 1447 1857 1491 advenisse
1872 1448 1989 1489 aiunt
2004 1462 2055 1489 ex
2070 1447 2380 1504 Paphlagonum

1509 1519 1694 1573 regione,
1719 1518 2006 1573 habitasseque
2027 1518 2135 1559 circa
2154 1517 2342 1560 Adriam.

1509 1587 1651 1628 Enetis
1670 1586 1833 1627 finitimi
1856 1594 1954 1627 sunt
1965 1585 2147 1628 Thraces
2170 1586 2264 1626 Istri
2284 1584 2381 1627 dicti
2395 1588 2416 1636 ς’

1506 1655 1658 1711 quibus
1672 1653 1766 1695 dua:
1785 1652 1954 1709 objectae
1970 1661 2065 1694 sunt
2085 1652 2242 1704 insulae,

1506 1737 1599 1779 quae
1617 1731 1810 1763 stannum
1833 1729 2034 1778 putantur
2051 1720 2156 1762 serre
2175 1722 2395 1777 optimum.

1503 1903 1639 1944 neque
1675 1887 2011 1935 κατακολπίζοντα
2041 1885 2124 1927 dici
2153 1887 2408 1940 cogitaveris.
2428 1887 2444 1941 ΙΙ
2472 1909 2529 1918 -
2556 1887 2652 1942 372.
2677 1886 2744 1931 Cf.

1504 1951 1652 1993 Strabo
1692 1952 1775 1991 Vll
1792 1982 1803 2001 ,
1832 1964 1876 2006 p.
1914 1950 2011 2004 307,
2042 1948 2114 1989 ubi
2151 1948 2449 2004 Theopompus
2476 1947 2631 1990 dicitur
2670 1954 2746 1991 τῶν

1507 2014 1635 2067 νήσων
1654 2018 1731 2055 τῶν
1745 2013 1978 2069 Διδυρνίδων
1991 2014 2006 2065 [
2021 2014 2205 2053 τοσοῦτον
2230 2009 2332 2053 εἶναι
2351 2009 2395 2053 τὸ
2414 2011 2601 2067 μέγεθος]
2617 2013 2745 2064 τιθεὶς,

1503 2078 1604 2119 ὥστε
1622 2075 1764 2118 κύκλον
1790 2075 1895 2132 ἔχειν
1923 2074 2088 2117 σταδίων
2105 2074 2170 2116 καὶ
2199 2074 2477 2117 πεντακοσίων.
2496 2074 2560 2116 De
2578 2075 2748 2130 siugulis

1505 2139 1648 2181 insulis
1672 2138 1727 2181 cf.
1752 2138 1911 2195 Scylax.
1933 2140 1956 2191 S
1976 2150 2046 2179 21.
2069 2138 2087 2192 ss
2106 2161 2164 2169 —
2182 2137 2280 2192 378.
2298 2138 2362 2179 De
2379 2136 2454 2179 soli
2476 2135 2681 2179 fertilitate
2701 2152 2742 2180 v.

1504 2201 1652 2244 Strabo
1665 2215 1710 2257 p.
1737 2200 1835 2255 317.
1863 2201 1881 2255 ss
1898 2223 1957 2232 —
1974 2200 2071 2243 380.
2089 2198 2176 2255 περὶ
2189 2199 2273 2251 τὸν,
2290 2213 2390 2241 mox
2407 2198 2503 2241 ὄντα
2519 2207 2561 2242 et
2574 2202 2745 2255 νηφετώ·

1505 2265 1573 2318 δης
1608 2263 1704 2306 cod.
1725 2263 1819 2318 11-
1836 2263 1934 2313 384.
1955 2261 2045 2311 ὀξὺς·
2069 2263 2298 2318 ταραχώδης
2317 2262 2373 2304 ὤν
2407 2277 2449 2304 τε
2476 2260 2570 2319 πρὸς
2587 2262 2743 2316 codem

1504 2326 1587 2376 ὀξύς
1612 2342 1654 2368 τε
1679 2341 1764 2383 ταρ.
1788 2341 1831 2368 τε
1862 2323 1956 2382 πρὸς
1981 2338 2065 2366 em.
2086 2323 2395 2381 Bernhardyus.
2418 2324 2435 2379 ΙΙ
2460 2347 2519 2357 —
2541 2323 2638 2368 385.
2659 2340 2745 2383 πρι·

1506 2389 1657 2446 στήρων
1684 2388 1781 2431 cod.
1818 2390 1836 2445 ΙΙ
1873 2412 1931 2421 -
1962 2388 2059 2431 386.
2084 2386 2319 2443 λεγομένους
2349 2386 2435 2429 ἐκεῖ
2459 2383 2607 2438 codex,
2630 2386 2766 2444 quod,

1505 2452 1678 2503 mutavi,
1716 2451 1814 2507 quia
1844 2450 2065 2492 accusativi
2094 2464 2119 2491 a
2139 2449 2431 2506 praepositione
2468 2447 2562 2505 πρὸς
2593 2462 2634 2492 v,
2662 2445 2746 2501 384Ι

1504 2513 1686 2569 pendere
1701 2514 1770 2570 via
1791 2513 1967 2570 possint,
1991 2519 2271 2569 praetereaque
2292 2508 2478 2554 offendat
2506 2509 2608 2554 illud
2628 2510 2747 2569 λεγο-

1507 2576 1640 2631 μένους
1651 2574 1746 2627 ἔκεΐ,
1764 2588 1895 2631 quum
1906 2578 2077 2630 τυφῶνας
2092 2572 2107 2630 (
2122 2572 2295 2629 τύφωνας
2305 2571 2436 2615 codex
2448 2571 2463 2629 )
2475 2571 2586 2629 apud
2601 2586 2746 2617 omnes

1504 2640 1688 2690 Graeoos,
1709 2651 1795 2680 non
1815 2635 1927 2694 apud
1942 2635 2139 2678 barbaros
2159 2635 2323 2692 Illyriae,
2342 2634 2449 2678 aeria
2469 2634 2654 2678 turbines
2671 2651 2743 2679 vo·

1504 2709 1666 2742 centur.
1693 2701 1834 2753 Quare
1857 2697 2088 2740 Meinekius
2106 2697 2229 2739 scribi
2251 2696 2379 2738 voluit
2391 2697 2619 2752 γινομίνους
2645 2697 2741 2749 ἐκεῖ,

1509 2780 1527 2797 ι
1549 2762 1627 2803 nisi
1644 2760 1750 2802 sorte
1766 2758 1924 2801 editum
1946 2759 2204 2815 interpretari
2217 2757 2332 2800 malis
2352 2770 2362 2799 t
2379 2756 2454 2814 qm·
2467 2757 2564 2801 t'su'c
2577 2773 2662 2802 csse
2678 2759 2744 2804 di-

1502 2832 1667 2865 cuntur.
1688 2842 1706 2860 ι
1728 2820 2022 2878 Bernhardyus
2039 2822 2257 2877 proposuit
2268 2821 2514 2877 νεμομένους,
2532 2820 2741 2879 idemque,

1504 2886 1581 2927 nisi
1615 2884 1778 2928 numeri
1812 2882 2081 2940 displiceant,
2113 2884 2156 2925 in
2185 2890 2342 2925 antece.
2377 2882 2503 2926 scrib.
2546 2885 2744 2942 proponit

1506 2947 1675 3003 μάλιστα
1699 2949 1768 2989 τοῦ
1795 2946 1923 3002 θέρους
1943 2945 2007 2987 διὰ
2026 2945 2254 3003 πρηστήρων
2276 2960 2317 2987 τε
2343 2945 2429 2987 κτλ.
2461 2947 2555 3001 11-
2576 2946 2672 3003 387.
2700 2947 2742 2991 ἓν

1505 3008 1599 3051 ἐτῶν
1636 3009 1671 3050 δ’
1706 3007 1780 3051 εἰσὶ
1807 3007 1954 3051 codex.
1986 3010 2085 3051 Post
2114 3007 2408 3063 digressionem
2441 3005 2496 3050 de
2516 3008 2599 3051 situ
2617 3010 2744 3054 maris
2770 3010 2771 3015 ’
2806 3024 2808 3028 ’

1504 3070 1704 3114 Adriatici
1742 3069 1795 3113 ad
1831 3086 1915 3114 orae
1952 3070 2271 3127 descriptionem
2313 3078 2459 3112 auctor
2489 3069 2614 3122 redit,
2648 3081 2742 3129 post
2779 3070 2795 3115 -ᾗ

1503 3133 1686 3176 Umbros
1709 3133 1913 3176 collocans
1933 3134 2133 3175 Venetos.
2158 3132 2300 3190 Scylax
2325 3133 2434 3175 inter
2447 3139 2645 3189 utrosque
2666 3148 2741 3191 po-
2776 3137 2780 3164 ἱ
2803 3132 2805 3135 ’

1504 3196 1565 3238 nit
1586 3195 1752 3238 brevo-
1775 3204 1951 3238 tractum
1970 3195 2211 3252 Tyrrhenia:
2232 3210 2279 3237 ac
2299 3194 2524 3246 Celtarum,
2541 3195 2613 3251 qui
2634 3196 2743 3240 inter

1503 3257 1604 3300 Padi
1639 3259 1743 3300 ostia
1778 3258 1894 3300 sedes
1913 3258 2101 3300 fixerant.
2128 3260 2144 3312 ΙΙ
2182 3282 2239 3290 -
2261 3258 2358 3313 389.
2391 3259 2454 3299 De
2484 3257 2740 3302 nenetomm
2766 3275 2797 3310 ,2

1503 3319 1661 3375 origine
1679 3320 1764 3361 sive
1779 3319 2079 3376 Paphlagonica
2094 3321 2179 3362 sive
2194 3319 2344 3362 Celtica
2363 3320 2459 3362 satis
2476 3326 2538 3361 est
2556 3317 2747 3378 laudasse
2759 3351 2762 3352 ⁷
2798 3348 2801 3365 ;

1502 3381 1694 3425 Strabon.
1722 3397 1766 3439 p.
1793 3386 1862 3425 61.
1908 3382 2002 3438 195.
2041 3396 2138 3425 212.
2177 3383 2274 3434 543.
2301 3383 2397 3424 552.
2437 3386 2533 3426 600.
2572 3382 2762 3439 Fuga:
2793 3426 2795 3431 ,

1503 3446 1609 3488 Hist.
1631 3453 1735 3488 tom.
1766 3447 1824 3496 11,
1849 3459 1893 3503 p.
1916 3446 2013 3502 337,
2052 3463 2093 3502 9.
2115 3448 2193 3498 111,
2214 3460 2257 3503 p.
2286 3459 2380 3497 122,
2405 3458 2475 3488 22.
2497 3446 2593 3500 596,
2625 3448 2691 3489 12'.
2711 3443 2770 3503 [ζ
2801 3448 2808 3478 ¹

1501 3532 1559 3541 —
1580 3510 1677 3564 391.
1702 3509 1890 3565 θρᾷκις
1914 3508 2124 3567 Ἴστροι]
2150 3509 2305 3552 Eadem
2325 3507 2471 3551 iisdem
2495 3507 2580 3551 sere
2602 3505 2783 3562 verbu,

1501 3571 1744 3628 Apollodor.
1784 3572 1836 3615 sr.
1876 3586 1970 3629 119.
2002 3572 2103 3616 vid.
2129 3573 2236 3616 infra
2269 3580 2358 3615 not.
2378 3570 2431 3615 ad
2466 3585 2506 3614 v.
2534 3564 2804 3637 [ωᾶαθιῇῐ

1499 3634 1729 3677 Thracibus
1743 3635 1934 3690 gentibus
1943 3637 2036 3679 Istri
2053 3644 2395 3687 annumerentur,
2408 3634 2515 3677 ratio
2530 3646 2606 3677 nos
2622 3627 2770 3678 latei&
2793 3630 2805 3678 i

1500 3694 1610 3738 Vide
1623 3698 1831 3740 Mannert.
1855 3699 1933 3750 tx,
1953 3711 1991 3750 1,
2012 3712 2055 3755 p.
2073 3699 2142 3749 43.
2161 3700 2352 3741 Ceterum
2373 3695 2561 3739 hocloco
2592 3717 2610 3733 ··
2632 3717 2703 3731 -ιω

1500 3758 1679 3802 randum
1699 3769 1787 3802 erat
1802 3761 1896 3803 Istri
1913 3761 2129 3803 brachium
2155 3761 2197 3803 in
2218 3760 2474 3805 Adriaticum
2496 3742 2769 3819 excumffj‘?

1506 3822 1523 3875 ΙΙ
1549 3845 1606 3853 -
1624 3822 1721 3877 392.
1747 3824 1850 3865 Duae
1880 3823 1965 3866 istae
1984 3823 2125 3866 insulae
2142 3837 2229 3865 esse
2258 3822 2451 3865 videntur
2477 3816 2784 3924 Αρεςηίδὲἱ

1502 3885 1605 3937 Quae
1617 3884 1668 3926 de
1682 3894 1830 3928 stanno
1846 3886 1887 3928 in
1906 3886 1971 3928 his
1993 3886 2091 3928 locis
2108 3887 2227 3928 sicuti
2243 3885 2296 3928 de
2313 3886 2465 3929 electro
2482 3881 2676 3926 ferebant*
2713 3908 2729 3932 2
2744 3924 2763 3939 .-
2785 3892 2787 3894 “

1505 3946 1717 3990 reserenda
1750 3957 1847 3991 sunt
1869 3948 1922 3991 ad
1953 3949 2223 4001 commercia,
2254 3948 2405 4005 quibus
2434 3946 2498 3990 illa
2529 3942 2582 3989 ad
2616 3952 2736 4002 w

1507 4009 1762 4053 Adriaticum
1784 4011 1993 4069 deportari
2012 4011 2212 4055 solebant.
2594 4015 2597 4017 ’

2778 2835 2797 2885 i.
