2756 4354
370 0 384 12 '
448 0 494 23 V

407 195 586 244 111)ss
617 193 894 241 stNGtJus
925 191 1067 247 QUAE
1100 188 1217 234 HOC
1248 185 1560 235 vomitum-2
1590 185 2012 233 conflamus
2046 185 2391 232 OPUSCULIS.

1076 334 1235 379 niuis-0
1277 332 1707 379 munimntum.

203 499 280 544 28.
304 498 416 554 Qua:
431 497 490 542 de
504 494 822 543 remotissimis
837 489 967 535 orbis
983 497 1208 534 terrarum
1221 487 1372 550 plagis

139 576 427 636 antiquiores
447 573 961 629 Graeci-cognoverunt,
977 578 1140 610 eorum
1166 564 1370 626 plurima

141 667 168 699 a
188 650 511 703 Phoenicibus,
544 646 623 706 qui
649 643 820 689 nullam
859 655 952 686 non
980 640 1214 700 regionem
1243 639 1373 685 lucro

140 726 468 779 admovebant,
513 720 677 766 tradita
709 726 992 780 acceperant.
1035 715 1196 777 ltaque
1235 715 1374 762 sortis

141 800 333 862 quadam
358 797 488 858 quasi
508 795 691 856 justitia
719 793 819 839 fieri
842 793 994 851 dicas,
1016 800 1066 837 ut
1087 792 1164 836 vir
1186 806 1213 836 e
1234 790 1371 835 Phoe·

141 875 292 921 nicum
312 871 470 919 sobole
488 867 714 915 oriundus
730 867 932 930 primum
949 866 1069 911 inter
1087 863 1374 925 geographos

140 949 277 995 nobis
302 957 506 994 servatos
526 945 675 990 locum
701 942 921 988 obtineat.

204 1024 382 1078 llanno,
403 1017 849 1077 Carthaginiensium
867 1016 1137 1077 imperator,
1152 1013 1286 1073 jussu
1304 1027 1375 1058 se·

139 1108 271 1145 natus
295 1097 427 1143 classi
462 1096 647 1140 navium
687 1092 923 1151 sexaginta
952 1099 998 1135 et
1020 1088 1229 1147 trigesies
1250 1087 1375 1132 mille

140 1172 521 1234 Libyphoenicum
540 1168 825 1216 multitudini
839 1166 1096 1230 praesectus,
1113 1180 1196 1226 per
1211 1164 1374 1213 fretum

136 1248 413 1294 Gaditanum
435 1247 482 1291 in
505 1246 735 1291 Oceanum
755 1242 1042 1303 enavigavit,
1066 1250 1118 1287 ut
1150 1240 1199 1285 in
1217 1238 1375 1299 Libyae

138 1339 222 1370 ora
252 1321 443 1368 occidua
476 1322 680 1366 colonias
713 1330 809 1366 tum
844 1331 992 1364 novas
1014 1315 1251 1368 conderet,
1280 1325 1372 1360 tum

137 1399 315 1459 priscas
334 1397 468 1443 novis
486 1396 792 1458 frequentaret
814 1393 995 1439 incolis.
1018 1391 1083 1437 Ac
1105 1390 1303 1453 primum
1325 1390 1373 1435 in

139 1473 424 1519 Mauritaniae
440 1472 574 1518 litore
584 1471 624 1516 'I'
629 1470 950 1531 bymiaterium
967 1466 1191 1522 condidit,
1209 1465 1376 1511 deinde

139 1548 191 1595 in
216 1548 495 1593 fertilissimo
513 1556 673 1602 tractu,
694 1547 773 1606 qui
791 1544 969 1590 medius
984 1552 1053 1589 est
1074 1543 1195 1588 inter
1215 1541 1373 1586 Atlan-

141 1621 201 1667 tis
215 1620 328 1682 juga
349 1630 393 1666 et
415 1636 576 1666 arenas
588 1620 756 1665 deserti
770 1654 783 1675 ,
805 1617 944 1664 urbes
972 1616 1179 1677 quinque
1198 1614 1376 1660 colonis

142 1695 354 1752 adauxit3
402 1695 509 1740 binc
543 1695 756 1740 assumtis
797 1690 1127 1753 interpretibus
1143 1724 1155 1745 ,
1194 1689 1376 1734 Saharae

140 1771 435 1819 solitudinem
461 1780 801 1832 praetervectus,
825 1769 872 1813 in
895 1767 1042 1812 Cerne
1078 1764 1251 1820 insula,
1275 1779 1377 1824 quae

143 1845 404 1893 facilitatem
439 1844 575 1890 simul
603 1853 647 1889 et
663 1843 948 1889 securitatem
973 1840 1234 1887 commercii
1255 1855 1378 1902 prae-

61 1927 64 1929 ’
143 1921 306 1979 bebat,
342 1922 580 1967 constituit
619 1920 896 1981 emporium.
941 1917 1121 1972 Quibus
1154 1917 1373 1978 peractis,

143 2012 271 2043 oram
300 1996 567 2043 ulteriorem
588 1996 636 2041 in
661 1996 837 2040 futuros
867 2009 977 2039 usus
997 1993 1162 2052 viginti
1187 2008 1266 2038 sex
1285 1993 1378 2038 die-

142 2087 245 2118 rum
270 2072 563 2131 navigatione
585 2070 867 2132 exploravit,
895 2069 1041 2114 donec
1076 2067 1270 2113 reditum
1300 2067 1375 2127 ju·

140 2145 303 2194 berent
332 2146 512 2193 itineris
534 2145 779 2192 difficultas
803 2154 846 2189 et
885 2143 1043 2204 inopia
1078 2152 1373 2189 commeatus.

142 2221 371 2270 Reversus
410 2233 558 2269 autem
597 2222 944 2280 Carthaginem,
987 2220 1215 2265 concisam
1230 2254 1243 2275 ,
1277 2235 1379 2279 quae

141 2298 223 2344 nri
235 2298 308 2343 vel
326 2297 469 2358 lapidi
483 2298 769 2351 conveniret,
788 2295 966 2340 itineris
982 2294 1288 2339 narrationem
1303 2304 1379 2340 ta·-

140 2370 262 2417 bulae
283 2372 356 2416 vel
377 2372 603 2417 columnae
634 2371 906 2430 insculptam
929 2369 977 2413 in
1005 2368 1177 2428 templo
1191 2367 1379 2414 Saturni

141 2445 374 2492 dedicasse
412 2446 571 2491 fertur.
616 2446 765 2503 Atque
792 2443 930 2503 hujus
962 2442 1083 2487 tituli
1119 2442 1376 2490 versionem

142 2537 352 2583 graecam,
375 2523 529 2566 nescio
546 2534 571 2565 a
590 2534 787 2580 quonam
813 2519 1063 2563 confectam
1088 2529 1132 2563 et
1156 2534 1247 2577 quo
1271 2534 1378 2563 casu

143 2596 200 2642 ad
230 2612 312 2642 nos
351 2605 667 2656 propagatam,
707 2603 860 2639 noster
890 2591 1076 2637 libellus
1113 2593 1375 2653 profitetur.

143 2670 232 2726 Qui
247 2671 460 2732 quamvis
482 2671 530 2714 in
547 2668 783 2714 nonnullis
799 2668 913 2713 locis
926 2677 1181 2728 temporum
1204 2666 1378 2727 injuria

144 2746 280 2791 laesus
296 2746 355 2791 sit
366 2756 411 2790 et
426 2745 482 2790 dc
498 2755 646 2789 cetera
670 2743 926 2801 integritate
941 2757 1023 2788 sua
1037 2752 1080 2787 et
1101 2741 1189 2787 fide
1202 2743 1377 2788 variam

145 2820 477 2868 dubitationem
497 2819 712 2874 moverit,
735 2816 885 2863 nihilo
898 2817 1047 2863 secius
1067 2820 1185 2862 inter
1204 2819 1375 2874 omnia,

145 2911 247 2958 quoe
266 2896 322 2940 de
341 2895 609 2941 occidentali
635 2892 792 2953 Libyae
815 2908 894 2937 ora
925 2891 1044 2953 apud
1073 2882 1248 2938 veteres
1279 2909 1380 2952 pro·

146 2981 281 3027 stant,
304 2970 545 3015 utilitatem
566 2967 700 3014 habet
724 2970 983 3013 maximam.
1005 2966 1116 3011 Nam
1140 2983 1280 3026 quum
1307 2969 1376 3012 vel

146 3044 318 3108 Ephori
353 3055 480 3090 :etate
518 3043 754 3089 llannonis
777 3042 1011 3100 navigatio
1034 3040 1299 3085 Graecorum
1325 3042 1380 3087 dc

146 3120 277 3168 orbis
297 3123 442 3182 figura
467 3118 794 3182 opinionibus,
829 3118 996 3163 deinde
1020 3133 1130 3162 vero
1155 3117 1379 3177 mytholo-

144 3212 308 3257 gorum
330 3197 601 3243 commentis
625 3195 919 3241 multifariam
954 3193 1206 3238 deformata
1236 3204 1376 3249 essct,

145 3283 191 3318 et
223 3273 521 3335 ineptissimae
547 3271 711 3318 fabulae
736 3270 974 3317 Hannone-i
1001 3270 1202 3315 nominis
1223 3280 1378 3315 aucto-

146 3348 280 3394 ritate
301 3349 659 3395 divendere-ntur
684 3365 694 3392 :
722 3357 890 3394 nostrae
907 3347 1095 3409 pagellae
1113 3347 1151 3392 si
1183 3362 1274 3391 non
1305 3347 1379 3391 in·

1432 498 1629 549 tegram,
1677 499 1899 548 attamen,
1945 501 1995 537 ut
2035 490 2273 552 jejunam,
2312 489 2380 535 sic
2419 490 2670 548 genuinam
2718 472 2734 498 ³*

1432 563 1674 611 historiam
1710 566 1890 613 tradere
1933 567 2164 613 videntur.
2198 591 2261 600 —-
2286 564 2477 624 Singula
2516 580 2670 611 rerum
2713 592 2726 633 5

1433 650 1664 686 momenta
1682 640 1916 688 diductius
1938 656 2180 704 exponam.

1498 732 1575 776 29.
1617 714 1721 771 Quo
1755 726 1963 779 tempore
1998 717 2133 779 Tyrii
2170 714 2432 777 Hispaniam
2475 715 2672 762 coloniis
2716 718 2729 738 ·’

1436 788 1721 850 distinguere
1754 801 2011 854 coeperant,
2042 790 2343 851 Gadibusque
2369 800 2598 850 tamquam
2618 790 2670 836 in
2709 783 2719 849 ἦ

1433 879 1541 911 arce
1559 867 1940 913 commerciorum
1965 867 2423 927 consederant(circa
2445 882 2521 912 an.
2554 882 2570 911 ι
2587 880 2675 911 too
2712 886 2715 889 Δ

1434 954 1475 983 a.
1490 939 1604 986 Chr.
1619 940 1651 1001 ),
1668 942 1768 988 fieri
1782 958 1874 989 non
1886 944 2037 1005 potuit
2054 945 2168 1005 quin
2186 942 2546 1004 Libycumlitus‚
2558 957 2672 987 ocu·
2716 949 2740 988 ἢ·

1432 1014 1491 1059 lis
1519 1030 1679 1060 eorum
1706 1014 1938 1075 objectum
1962 1017 2183 1078 omnique
2208 1017 2477 1064 divitiarum
2505 1032 2673 1078 genere
2722 1008 2742 1063 ῑζῑ

1437 1090 1685 1148 etiamnum
1721 1089 2037 1136 beatissimum
2061 1089 2130 1151 (⁴⁵),
2167 1090 2465 1150 negligerent.
2494 1091 2671 1147 Quodsi

1434 1164 1574 1223 igitur
1584 1165 1815 1226 Hiempsal
1831 1166 1879 1211 in
1894 1164 2033 1211 libris
2041 1165 2258 1225 Punicis(
2273 1180 2348 1227 ap.
2365 1165 2550 1214 Sallust.
2559 1166 2667 1227 Jug.

1434 1255 1476 1286 c.
1497 1241 1566 1299 18)
1579 1240 1785 1301 prodidit
1797 1241 2065 1299 exercitum,
2082 1256 2216 1300 quem
2234 1256 2291 1285 ex
2303 1239 2516 1286 Asiaticis
2529 1252 2676 1302 popu·

1435 1314 1511 1370 lis,
1526 1314 1697 1374 Persis,
1718 1315 1881 1374 Medis,
1899 1316 2149 1371 Armeniis,
2166 1315 2383 1360 Hercules
2396 1314 2672 1374 collegisset,
2710 1301 2749 1353 „2²³

1435 1399 1539 1451 post
1556 1388 1734 1436 obitum
1755 1390 1887 1435 ducis
1909 1405 1966 1436 ex
2005 1389 2227 1451 Hispania
2246 1390 2295 1435 in
2320 1388 2512 1450 Libyam
2533 1388 2675 1450 traje-
2712 1393 2734 1449 ζῖ·

1434 1464 1551 1510 cisse
1565 1500 1578 1521 ‚
1623 1465 1832 1525 aliosque
1859 1464 1915 1510 ad
1954 1465 2184 1510 internum
2224 1478 2372 1520 mare,
2410 1473 2587 1525 partem
2618 1464 2673 1510 ad
2720 1459 2732 1523 J

1437 1554 1657 1586 oceanum
1683 1540 1812 1586 sedes
1837 1540 2018 1586 fixisse:
2039 1539 2265 1585 neminem
2282 1539 2423 1585 latent
2445 1538 2531 1585 sub
2549 1538 2676 1585 sabu·

1437 1615 1490 1660 1ae
1514 1616 1770 1662 involucris
1787 1615 2029 1661 Phoenices
2050 1615 2323 1675 conscriptis
2343 1630 2432 1676 pro
2448 1629 2576 1674 more
2590 1629 2676 1661 un·
2733 1621 2740 1628 ⁴

1437 1692 1578 1754 dique
1592 1693 1769 1739 colonis
1785 1708 1911 1738 oram
1925 1691 2142 1753 Libycam
2163 1690 2675 1753 st·equentantes.Quam
2727 1683 2742 1726 'f

1438 1770 1639 1831 antiquae
1658 1770 1894 1816 nonnullae
1912 1770 2070 1815 saltem
2089 1769 2249 1815 harum
2271 1769 2554 1815 coloniarum
2581 1767 2676 1814 fue-

1438 1846 1554 1902 rint,
1587 1860 1645 1891 ex
1674 1861 1729 1891 eo
1756 1845 2031 1905 intelligitur
2065 1844 2187 1904 quod
2214 1843 2424 1890 Herculis
2454 1842 2673 1906 templum

1437 1935 1583 1982 prope
1616 1919 1806 1977 Lixum,
1838 1920 2122 1965 phoeniciam
2159 1918 2447 1966 Mauritaniae
2480 1917 2676 1974 urbem,

1437 1996 1636 2057 positum
1649 1996 1747 2057 ipso
1756 1995 1984 2042 Gaditano
1994 1996 2230 2056 antiquius
2239 2010 2337 2040 esse
2349 1993 2677 2057 ferebaturf').

1439 2069 1778 2117 Multitudinem
1813 2081 1961 2116 autem
1998 2070 2277 2132 oppidorum
2310 2079 2532 2115 testantur
2553 2069 2681 2131 apud

1438 2145 1708 2191 Strabonem
1729 2145 2072 2200 Eratosthenes,
2095 2146 2175 2205 qui
2194 2146 2445 2204 παμπόλλας
2468 2143 2524 2189 ad
2543 2158 2677 2190 ocea-
2752 2142 2756 2171 ⁷

1442 2235 1548 2265 num
1577 2221 1715 2267 fuisse
1727 2221 1838 2267 dicit
1859 2219 1998 2272 πόλεις
2022 2219 2287 2276 ψοινικικᾶς,
2311 2229 2355 2264 et
2370 2218 2570 2281 Ophelas
2585 2218 2675 2280 Cy·
2754 2271 2756 2274 Α

1438 2312 1616 2343 renaeus
1641 2297 1780 2358 (ejus
1818 2296 2049 2358 periplum
2083 2310 2140 2341 ex
2180 2294 2478 2341 Eratosthene
2510 2294 2678 2341 Strabo

1438 2373 1582 2418 citare
1615 2371 1850 2432 videtur),
1887 2372 1969 2431 qui
1999 2371 2048 2416 in
2083 2386 2165 2416 ora
2208 2370 2267 2415 ab
2301 2370 2550 2432 Emporico
2571 2371 2679 2418 sinu

1440 2445 1678 2490 meridiem
1698 2460 1858 2490 versus
1881 2454 2151 2490 excurrente
2167 2454 2389 2491 trecentas
2408 2444 2517 2491 olim
2541 2443 2677 2492 Phoe-

1439 2522 1593 2567 nicum
1607 2521 1812 2566 colonias
1827 2521 2055 2566 exstitisse
2075 2520 2248 2576 retulit,
2264 2536 2386 2566 nunc
2402 2535 2516 2567 vero
2524 2519 2682 2582 jacere

1439 2596 1614 2642 dirutas
1638 2611 1665 2641 a
1697 2595 1936 2641 Pharusiis
1969 2605 2013 2639 et
2034 2593 2250 2653 Nigritis,
2281 2593 2336 2640 ad
2365 2609 2483 2656 quos
2502 2594 2591 2642 iter
2616 2596 2678 2644 sit

1438 2673 1615 2718 dierum
1647 2672 1836 2731 triginta
1854 2672 1983 2732 (⁸¹⁴⁴).
2008 2671 2336 2716 Pertinuerunt
2362 2669 2507 2731 igitur
2534 2685 2681 2733 usque

1439 2748 1494 2794 ad
1518 2747 1775 2803 desertum,
1801 2746 1933 2808 cujus
1960 2746 2147 2792 initium
2168 2762 2194 2791 a
2218 2745 2335 2792 Lixo
2357 2744 2474 2793 urbe
2491 2745 2680 2806 triginta

1439 2824 1617 2870 dierum
1643 2824 1809 2869 itinere
1831 2822 1993 2880 distat,
2023 2822 2062 2867 si
2086 2838 2188 2867 cum
2216 2820 2446 2867 llerodoto
2469 2835 2563 2868 που
2584 2820 2679 2868 sere

1439 2900 1584 2945 stadia
1606 2899 1656 2944 in
1680 2898 1887 2958 singulos
1915 2897 2015 2943 dies
2040 2896 2398 2959 computaveris.
2426 2894 2675 2943 Numerum
2754 2907 2756 2923 ²

1441 2973 1719 3035 oppidorum
1734 3007 1747 3030 ,
1787 2988 1921 3033 quem
1963 2972 2162 3034 Ophelas
2186 2971 2351 3028 tradit,
2374 2986 2467 3017 non
2490 2984 2676 3033 premo,

1440 3064 1715 3109 quamquam
1733 3063 1948 3107 magnum
1971 3049 2110 3094 fuisse
2132 3047 2248 3094 nihil
2265 3056 2332 3092 est
2348 3061 2432 3093 cur
2443 3059 2676 3106 negemus,

1443 3139 1582 3181 quum
1598 3124 1645 3168 in
1666 3123 1885 3184 llispania
1909 3139 2047 3183 supra
2072 3122 2267 3168 ducenta
2292 3120 2462 3182 oppida
2484 3119 2684 3177 Phoeni÷

1443 3213 1516 3241 ces
1562 3197 1819 3258 possedisse
1858 3198 2075 3251 serantur,
2105 3207 2149 3241 ct
2181 3196 2228 3240 in
2275 3205 2467 3254 angusto
2508 3193 2682 3241 veteris

1443 3271 1735 3329 Carthaginis
1779 3282 1924 3316 tractu
1963 3271 2156 3315 ducenta
2197 3269 2368 3330 ceperit
2409 3267 2678 3327 Agathocles

1442 3349 1457 3406 (
1478 3345 1612 3390 Diod.
1635 3344 1731 3401 XX,
1758 3363 1809 3402 ¹7
1827 3345 1857 3406 ),
1883 3356 1925 3390 et
1944 3345 1989 3390 in
2005 3345 2192 3404 regione
2205 3343 2259 3389 ad
2276 3341 2472 3389 'fuscam
2484 3341 2677 3390 fluvium
2749 3392 2756 3426 ἐ

193 3458 245 3505 Γ)
267 3459 315 3496 V.
336 3458 502 3506 Graberg
519 3459 555 3495 di
579 3460 717 3497 nemso
739 3460 821 3497 Das
844 3456 1099 3496 Bauer-reich
1118 3466 1153 3494 v.
1174 3454 1367 3494 Marokka
1386 3455 1509 3503 (vers.
1536 3466 1654 3503 germ.
1673 3456 1702 3501 ),
1724 3452 1829 3499 ¹83³.
1846 3460 1953 3503 p.·to
1975 3465 2076 3503 ὅσης
2100 3453 2241 3493 Jakson
2269 3456 2326 3492 An
2349 3455 2525 3492 account
2541 3452 2597 3503 a!
2613 3451 2682 3493 tlte

253 3524 299 3553 re
330 3513 379 3562 ο]
399 3514 592 3554 Mar-akko
613 3524 649 3563 p.
680 3519 742 3562 155
765 3515 870 3552 ttoest
890 3512 1163 3552 a‘achrtcmen
1185 3522 1259 3550 von
1288 3510 1482 3551 nar-akko
1505 3520 1547 3550 u.
1568 3512 1642 3549 Fe:
1662 3521 1699 3558 p.
1730 3513 1802 3548 272
1825 3521 1926 3560 sqq.;
1955 3512 2104 3549 Movers
2124 3512 2207 3549 Das
2241 3507 2525 3549 Phoentzesehe
2541 3507 2678 3549 Alter-
2748 3558 2753 3565 ,

143 3516 264 3608 aa

116 3595 118 3597 >
269 3597 278 3606 .
299 3569 348 3614 tt,
370 3579 406 3617 p.
432 3574 515 3607 tm.

116 3623 131 3675 ᾗ
194 3621 268 3672 θ’)
287 3623 430 3662 Plinius
450 3624 550 3669 ΧΙΧ.
572 3628 617 3662 22
635 3635 644 3661 :
665 3622 741 3662 Sed
758 3625 798 3661 e!
814 3622 938 3661 arbor
950 3625 1010 3661 ese
1030 3622 1170 3661 malva
1194 3625 1234 3660 ιη
1265 3623 1526 3661 Mauritania
1549 3621 1642 3659 mxi
1658 3619 1796 3668 oppidi
1814 3622 2028 3666 oestuare'o,
2047 3619 2116 3658 ubi
2136 3618 2402 3669 Hesperidum
2418 3614 2679 3667 horltsume

139 3676 384 3730 produntur
400 3680 467 3718 CC
481 3688 587 3727 pass.
610 3678 663 3718 ab
681 3688 843 3724 oceano,
852 3677 981 3726 Juxta
1000 3676 1217 3716 delubrum
1244 3676 1447 3723 ner-culn,
1467 3677 1682 3724 antequem
1713 3673 1918 3713 Gaditano
1931 3702 1942 3722 ,
1966 3673 2185 3721 uisci-unt.
2750 3718 2753 3722 ⁴

193 3732 288 3784 (Μ’)
309 3733 446 3773 strabo
462 3735 583 3778 xvu.
605 3745 639 3782 p.
662 3737 733 3773 829
751 3748 760 3771 ε
783 3733 1037 3782 Ἀρτεμίδωρος
1055 3733 1086 3771 δ’
1104 3732 1353 3782 Ἐρατοσθένη
1380 3732 1446 3781 μὶν
1466 3731 1641 3778 ἀντιλέγω
1661 3729 1751 3767 διότι
1776 3729 1884 3774 Λίξον
1903 3729 1985 3767 τινά
2000 3742 2088 3779 φησι
2104 3730 2208 3768 πόλιν
2223 3730 2366 3780 περὶτὰ
2381 3729 2478 3779 ἄκρα
2490 3731 2555 3774 τῆς
2570 3727 2677 3767 Μαυ-

145 3787 297 3840 ρουσίας
310 3789 358 3828 τὰ
376 3790 530 3838 ἑσπέρια
552 3789 631 3827 ἀντὶ
651 3788 811 3837 Λυγγὸς.
841 3789 1057 3833 Φοινικιιάς
1079 3788 1117 3826 δὲ
1150 3788 1274 3831 πόλεις
1306 3787 1610 3836 κατεσκαμμένας
1630 3785 1847 3832 παμπόλλας
1871 3785 1984 3831 τινὰς,
2005 3785 2060 3824 ὤν’
2079 3786 2182 3825 οὐδὲν
2198 3787 2285 3825 ἰδεῖν
2314 3786 2414 3825 ἐστιν
2425 3784 2543 3834 ἰχνος·
2565 3779 2672 3821 168111

144 3853 187 3893 p.
201 3846 281 3884 ΒΝ
301 3857 314 3883 τ
332 3843 496 3883 ultima
511 3844 550 3882 δὲ
568 3843 771 3892 πλάσματα
785 3847 830 3892 τῇ
849 3843 995 3891 Aconas]
1011 3839 1173 3892 παραλίᾳ
1195 3847 1239 3891 τῇ
1256 3843 1360 3886 ἐκτὸς
1379 3841 1679 3893 προσιψιύσαντο
1698 3845 1732 3879 οἱ
1755 3845 1973 3892 συγγραφεῖς
1986 3868 1996 3888 ,
2013 3841 2203 3891 ἀρξάμενοι
2220 3842 2370 3881 ἀπὸτοῦ
2383 3837 2515 3887 Ὀφίλα
2530 3834 2678 3885 (Ἆπιλ·

145 3899 211 3943 ης
227 3898 250 3938 ὁ
263 3899 469 3950 Κυρηναῖος
478 3909 539 3948 sp.
561 3899 738 3938 marcian.
764 3909 801 3947 p.
822 3904 870 3938 0³
898 3898 1017 3937 lluds.
1041 3901 1053 3944 )
1071 3898 1313 3947 πιρὶπ).ου....
1339 3896 1471 3946 Ἐγγὺς
1489 3898 1528 3935 δὲ
1546 3897 1666 3946 τούτῳ
1682 3898 1695 3945 (
1711 3901 1763 3945 τῷ
1778 3897 1990 3948 Ἐμπορικῷ
2017 3897 2174 3948 κόλπῳ)
2194 3897 2232 3935 ἐν
2247 3899 2323 3940 τοῖς
2337 3895 2417 3941 ἑξῆς
2435 3892 2586 3936 κόλποις
2608 3904 2675 3930 m·

144 3954 286 3998 τοικίας
301 3953 471 3999 λέγεσθαι
491 3954 630 4003 (φασὶ)
646 3954 805 3997 παλαιὰς
817 3953 976 4002 Τυρίων,
994 3953 1035 3997 ἃς
1050 3953 1202 4002 ἐρήμους
1218 3953 1310 3991 εἶναι
1330 3957 1408 3998 νῦν,
1428 3953 1497 3991 οὐκ
1518 3952 1718 3990 ἐλαττόνων
1746 3954 1768 3996 ἢ
1798 3953 2021 4001 τριακοσίων
2036 3953 2195 4000 πόλεων,
2212 3950 2254 3995 ἃς
2269 3950 2304 3989 οἱ
2324 3946 2528 3997 clamosos
2548 3946 2611 3983 καὶ
2638 3946 2681 3983 οἱ,

146 4007 316 4058 nuptm
332 4008 592 4059 ίξεπὸρθησα·
604 4008 739 4059 &nstv
753 4009 791 4047 ἃ
803 4007 953 4052 τούτους
972 4012 1036 4054 τῆς
1051 4008 1193 4057 Λυγγός
1214 4021 1321 4058 φασιν
1347 4010 1492 4057 ἡμιρῶν
1507 4007 1702 4057 τριάκοντα
1720 4008 1818 4045 ὁδὸν.

1304 4092 1427 4126 xvnt
