2756 4354
965 207 1051 270 pe
1071 176 1329 255 Ι15100110
1364 213 1744 263 CHARACENO.

95 321 175 365 τῶν
198 318 333 369 Ἀσίας
354 316 424 363 καὶ
461 313 613 376 Συρίας
640 312 840 375 βασιλέων
860 315 939 357 τῶν
978 312 1084 372 μετὰ
1104 313 1170 358 τὸν
1193 314 1321 375 μέγαν

97 394 355 455 Ἀλέξανδρον
381 392 393 453 (
415 406 461 436 v.
507 389 738 451 Porphyr.
788 389 842 432 fr.
878 388 926 432 in
954 387 1025 434 Fr.
1068 389 1123 434 H.
1157 398 1189 432 t.
1225 389 1320 446 111,

95 487 143 532 p.
178 472 264 527 716
289 466 321 530 ),
347 481 541 527 quorum
561 465 740 526 priores
764 473 978 524 quattuor
1004 474 1109 508 sunt
1125 465 1319 523 Antigo-

82 560 205 600 nus,
249 540 523 596 Demetrius,
560 539 775 584 Seleucus
814 537 1016 593 Nicator,
1069 538 1324 584 Antiochus

95 618 238 667 Soter.
264 615 338 660 Sic
357 630 383 659 a
402 614 593 675 Spasine
608 628 753 672 usque
777 612 833 657 ad
856 612 1086 657 Isidorum
1104 614 1324 672 temporis

93 692 287 753 spatium
309 690 568 736 obtinemus
584 704 809 733 annorum
828 689 1010 733 circiter
1020 688 1322 733 ducentorum

91 778 135 812 et
154 767 485 828 quinquaginta
499 802 511 822 ,
539 766 647 811 satis
664 765 863 825 amplum
882 764 998 809 illud
1015 764 1137 825 quod
1157 779 1321 809 novem

90 843 243 903 regnis
265 852 308 888 et
330 841 644 904 compluribus
663 842 798 887 etiam
822 841 1035 887 sufficiat.

158 921 259 965 133.
282 919 537 964 Marcianus
556 918 868 964 Heracleensis
889 935 935 977 p.
959 918 1067 973 566,
1087 926 1320 978 postquam

89 995 320 1040 Isidorum
354 995 667 1039 Characenum
695 994 817 1037 inter
855 993 969 1037 alios
1005 993 1318 1052 geographos,

88 1070 430 1115 Timosthenem
444 1104 456 1125 ,
483 1068 826 1113 Eratosthenem
845 1101 856 1122 ,
877 1066 1124 1127 Pytheam,
1148 1067 1321 1112 Sosan-

89 1147 246 1203 drum,
282 1147 552 1206 Simmeam,
571 1145 804 1206 Apellam,
827 1143 1179 1203 Euthymanem,
1204 1144 1319 1188 Phi-

87 1223 222 1278 leam,
245 1223 626 1276 Androsthenem,
646 1220 877 1274 Cleonem,
897 1219 1182 1273 Hannonem,
1207 1219 1321 1278 Scy-

89 1299 252 1353 lacem,
270 1298 520 1352 recensuit,
543 1296 693 1356 pergit
715 1312 725 1339 ε
748 1293 867 1340 Μετὰ
891 1294 940 1348 δὴ
963 1293 1160 1338 τούτων
1203 1293 1321 1346 τοὺς

86 1373 149 1417 πλ
166 1373 358 1424 είστους
378 1371 707 1433 Ἀρτεμίδωρος..
731 1369 802 1414 καὶ
827 1368 1029 1430 Στράὸων
1057 1369 1319 1432 γεωγραφίαν

85 1446 156 1493 καὶ
181 1447 399 1509 περίπλουν
423 1446 718 1496 συντεθεικότες
733 1447 826 1490 κτλ.
853 1460 863 1491 :
890 1446 1002 1490 adeo
1038 1456 1092 1490 ut
1112 1461 1231 1491 unus
1253 1447 1320 1490 al-

85 1533 210 1570 terve
220 1523 403 1569 illorum
414 1523 689 1584 scriptorum
705 1521 994 1567 Artemidoro
1007 1520 1170 1582 junior
1181 1522 1320 1568 fuisse

75 1598 260 1645 debeat.
286 1599 335 1643 ld
359 1614 472 1660 vero
500 1598 618 1643 cadit
641 1598 690 1642 in
713 1596 962 1652 Isidorum,
992 1606 1038 1640 et
1059 1597 1245 1642 fortasse
1268 1598 1317 1642 in

85 1683 225 1720 unum
251 1675 502 1731 Isidorum3
526 1684 644 1719 certe
670 1674 838 1733 reliqui
857 1688 1014 1718 omnes
1030 1689 1146 1732 quos
1171 1674 1317 1719 aliun-

82 1749 139 1795 de
162 1750 374 1795 novimus
395 1784 408 1806 ,
431 1748 721 1794 Artemidoro
746 1749 928 1792 fuerunt
952 1748 1252 1807 antiquiores.

150 1825 252 1876 134.
275 1828 381 1868 Haec
405 1824 496 1868 fere
513 1834 618 1868 sunt
634 1839 734 1884 quae
754 1823 810 1868 ad
827 1833 1001 1867 aetatem
1023 1822 1192 1867 Isidori
1214 1823 1318 1868 defi-

82 1899 293 1943 niendam
322 1898 623 1954 ex'Luciano,
652 1897 884 1942 Marciano
914 1897 1121 1957 ipsisque
1159 1913 1313 1942 excer-

79 1975 171 2035 ptis
180 1975 389 2019 adhiberi
400 1975 592 2036 poQ'it.
605 1974 811 2019 Probant
827 1974 1095 2033 scriptorem
1110 1984 1312 2019 nostrum

81 2051 275 2109 Augusti
309 2049 596 2112 temporibus
637 2051 804 2095 debere
845 2050 984 2094 fuisse
1024 2051 1310 2109 proximum,

80 2126 196 2170 nihil
225 2141 334 2170 vero
374 2126 666 2186 suppeditant
688 2124 812 2184 quod
837 2134 1050 2182 coarguat
1081 2124 1312 2182 Augusteo

66 2211 174 2244 >aevo
201 2201 338 2245 fuisse
362 2201 664 2245 recentiorem
681 2211 816 2261 atque
833 2200 1031 2243 alienum
1055 2198 1111 2243 ab
1135 2199 1192 2243 iis
1213 2215 1313 2258 quae

79 2276 136 2319 de
165 2275 424 2321 Characeno
442 2278 700 2335 geographo
723 2277 861 2319 refert
885 2275 1064 2318 Plinius
1079 2274 1149 2334 (Ἴ.

147 2349 256 2395 135..
278 2350 467 2394 semu
489 2349 684 2395 Is‘1uon1.
703 2352 853 2408 Opera
874 2348 1040 2393 Isidori
1059 2348 1312 2406 distingui-

80 2439 180 2468 mus
200 2424 291 2467 duo
305 2458 317 2478 ,
355 2424 707 2483 descriptionem
738 2423 865 2467 o'rbis
887 2433 1111 2467 terrarum
1135 2434 1179 2467 et
1200 2423 1310 2467 Par-

77 2499 188 2543 thici
214 2500 342 2556 regni
374 2499 647 2558 periegesin.
683 2498 719 2541 E
750 2499 908 2558 priore
947 2499 1061 2543 nihil
1100 2499 1191 2543 fere
1217 2500 1306 2543 nisi

78 2590 299 2619 mensurae
319 2584 541 2620 terrarum
567 2575 809 2619 traduntur
837 2593 846 2618 ε

82 2666 122 2693 1.
159 2649 313 2693 Terrae
330 2649 571 2708 longitudo
593 2649 650 2693 ab
668 2651 745 2694 In-

59 2762 85 2786 ,
139 2725 216 2770 dia
231 2725 285 2769 ad
299 2725 464 2770 Gades.
786 2741 844 2768 m.
870 2726 1007 2784 9818,
1028 2735 1081 2770 st.
1109 2725 1275 2781 78544.

77 2816 121 2844 2.
158 2800 371 2844 Latitudo
416 2799 473 2844 ab
521 2799 751 2858 AEthiopia

139 2873 194 2918 ad
212 2873 404 2918 Thulen.
866 2874 1004 2930 5740,
1108 2874 1276 2931 48920.

46 2996 50 3003 .
79 2949 120 2997 3.
157 2949 262 2994 Asia
275 2948 582 3008 cumAEgypto
595 2948 650 2992 ad
660 2948 748 2992 Ta-

1 3074 6 3078 ἢ
140 3025 264 3071 nain.
867 3022 1006 3078 6375,
1109 3021 1274 3066 51000.

80 3111 119 3151 4.
155 3099 265 3147 Eur.
293 3114 319 3142 a
343 3098 488 3142 Tanai
506 3098 562 3142 ad
583 3097 746 3142 Gades.
868 3099 1007 3153 8214,
1108 3096 1277 3152 65712.

60 3184 61 3188 ’
83 3174 126 3220 5.
165 3174 320 3218 Africa
338 3189 364 3217 a
379 3173 518 3231 Tingi
531 3173 586 3223 ad
606 3172 750 3221 Cano-

142 3247 269 3295 bum.
865 3248 1003 3307 3599,
1107 3248 1276 3304 28792.

82 3322 125 3368 6.
162 3323 197 3365 A
246 3322 529 3368 Chalcedone
584 3322 640 3368 ad
685 3321 752 3368 Si-

148 3410 292 3453 geum.
902 3397 1009 3453 322,
1144 3396 1279 3453 2576.

85 3486 126 3526 7.
170 3469 238 3514 Ab
262 3462 537 3518 Alexandria
553 3475 610 3532 ad
628 3473 748 3518 Rho-

146 3546 271 3592 dum.
422 3563 425 3566 ·
902 3549 1011 3604 583,
1145 3550 1280 3601 4664.

86 3623 128 3666 8.
167 3622 310 3681 Cypri
333 3624 542 3670 ambitus.
898 3626 1006 3680 375,
1142 3626 1278 3668 3000.

83 3716 128 3756 9.
169 3697 307 3741 Sami.
908 3716 1010 3757 100,
1175 3701 1279 3743 800.

87 3789 157 3817 10.
183 3772 300 3818 Chii.
908 3777 1017 3830 134,
1054 3822 1056 3825 ,
1151 3791 1283 3831 1072.

2455 256 2607 289 Lxxxv

1400 335 1472 364 11.
1495 321 1648 367 Lesbi.
2216 338 2316 390 168,
2451 347 2579 399 1344,

1399 409 1470 437 12.
1497 395 1817 456 Peloponnesi.
2215 407 2319 463 563,
2448 418 2579 470 5004.

1400 469 1470 510 13.
1498 468 1757 516 Britanniae.
2183 480 2319 535 4375,
2419 489 2579 544 39000.

1456 543 1541 587 His
1564 544 1678 588 adde
1703 562 1836 604 quem
1861 548 1911 591 in
1933 549 2195 607 fragmentis
2212 556 2448 602 omisimus
2467 562 2612 609 locum

1393 617 1535 662 Plinii
1565 619 1617 674 V,
1649 623 1705 666 33
1742 638 1751 665 :
1785 625 1856 666 Ex
1894 629 2007 667 Asia
2052 631 2263 671 interiisse
2301 644 2448 688 gentes
2487 642 2618 682 tradit

1393 694 1703 737 Eratosthenes
1747 697 2037 752 solymorum,
2107 704 2331 759 Lelegum,
2381 710 2616 766 Bebrycum

1396 767 1773 823 comannorum,
1807 773 2113 829 Trepsedorum
2124 792 2141 828 ,·
2161 779 2355 821 Isidorus
2370 785 2553 834 Λνὶηιοε,
2578 798 2620 829 et

1396 845 1610 901 Capretas
1643 844 1948 904 (Caproeata5‚
2001 849 2260 907 CapreataS,
2307 856 2608 914 Camipantas,

1395 920 1639 976 Campatas
1675 934 1771 964 var.
1795 920 1896 966 lect.
1918 922 1950 978 ),
1991 925 2064 966 ubi
2091 929 2152 967 sit
2172 931 2364 983 Apamia
2393 935 2567 976 condita
2590 951 2619 976 a

1391 994 1572 1038 Seleuco
1594 1010 1697 1052 rege
1714 1000 1830 1039 inter
1848 997 2081 1050 Ciliciam,
2105 1001 2456 1058 Cappadociam,
2483 1008 2619 1050 Cata-

1392 1075 1567 1123 oniam,
1595 1074 1854 1114 Armeniam
1866 1088 1883 1124 ;
1915 1082 1958 1114 et
1979 1077 2182 1129 quoniam
2192 1074 2495 1130 ferocissimas
2515 1098 2618 1140 gen·-

1394 1154 1456 1187 tes
1472 1149 1732 1205 domuisset,
1748 1150 1868 1189 initio
1883 1149 2100 1190 Dameam
2127 1161 2347 1198 vocatam.
2373 1154 2438 1198 De
2461 1155 2617 1215 Capre-

1395 1219 1451 1262 tis
1471 1220 1544 1263 vel
1569 1219 1802 1279 Capreatis
1821 1220 1914 1266 illis
1937 1222 2122 1267 aliunde
2145 1240 2237 1268 non
2258 1238 2453 1285 constat,
2473 1246 2618 1290 neque

1391 1294 1591 1352 Apamea
1613 1295 1699 1339 ista
1722 1294 1835 1339 alibi
1865 1307 2157 1342 memoratur.
2185 1302 2494 1347 Ferocissimas
2510 1323 2618 1365 gen-

1392 1369 1752 1428 tesDroysenius
1777 1373 1950 1417 Hellen.
1976 1371 2038 1427 II,
2070 1390 2118 1431 p.
2158 1375 2246 1419 663
2279 1392 2389 1420 non·
2408 1378 2618 1438 Capretas

1390 1444 1588 1503 intelligi
1613 1446 1736 1501 vult,
1771 1446 1849 1491 sed
1869 1446 2076 1504 Galatas,
2103 1450 2183 1509 qui
2213 1450 2447 1512 hucusque
2465 1466 2620 1499 contra

1389 1513 1706 1591 Syriaci-egem
1737 1525 1966 1582 progressi
2004 1525 2111 1581 sint,
2138 1527 2367 1585 regionem
2402 1544 2534 1589 vero,
2571 1531 2618 1575 in

1390 1611 1480 1655 qua
1517 1596 1612 1642 haec
1642 1599 1841 1658 Apamea
1875 1599 1959 1643 sita
1992 1611 2110 1655 erat,
2156 1616 2181 1644 a
2211 1601 2432 1647 Strabone
2465 1606 2616 1650 vocari

1392 1672 1698 1718 Καππαδοκίαν
1721 1672 1792 1728 τὴν
1818 1675 2059 1720 Σελευκίδα.

1456 1749 1559 1793 136.
1589 1749 1721 1802 Quod
1756 1765 1989 1794 mensuras
2016 1751 2173 1795 attinet
2196 1768 2297 1796 cum
2331 1755 2613 1801 Artemidoro

1387 1821 1595 1867 Isidorus
1621 1824 1727 1868 facit
1747 1825 1795 1869 in
1827 1824 1879 1870 N.
1905 1826 1927 1868 3
1953 1835 1996 1869 et
2021 1834 2076 1880 43
2105 1826 2266 1871 Africae
2287 1828 2612 1886 longitudinem

1388 1897 1545 1954 paullo
1576 1898 1797 1958 majorem
1833 1915 1968 1959 quam
1991 1901 2307 1947 Artemidorus
2340 1905 2519 1960 statuit3
2559 1906 2614 1949 dc

1386 1970 1628 2016 latitudine
1655 1982 1784 2017 terrae
1817 1976 1872 2018 ab
1901 1975 2189 2020 Artemidoro
2213 1991 2266 2021 eo
2304 1977 2455 2021 differt
2492 1981 2612 2037 quod

1387 2046 1648 2092 distantiam
1672 2064 1698 2092 a
1737 2048 1880 2094 Tanai
1912 2051 1967 2094 ad
2005 2037 2187 2095 Thulen
2220 2053 2518 2112 pertinentem
2564 2054 2611 2098 in

1386 2133 1645 2182 computum
1672 2128 1840 2184 recepit
1859 2142 1914 2170 ex
1942 2127 2032 2172 fide
2051 2127 2256 2186 Pytheae,
2283 2127 2412 2187 cujus
2461 2140 2610 2173 aucto-

1385 2197 1561 2241 ritatem
1594 2199 1782 2257 majoris
1829 2200 1987 2244 fecisse
2024 2201 2157 2245 debet
2190 2218 2323 2261 quam
2359 2203 2607 2262 Polybius,

1384 2273 1714 2328 Artemidorus,
1742 2274 1918 2319 Strabo.
1943 2276 2009 2318 De
2031 2276 2277 2320 Britanniae
2301 2278 2609 2334 magnitudine

1384 2347 1490 2391 item
1516 2349 1723 2407 sequitur
1751 2349 1986 2407 Pytheam.
2017 2351 2275 2395 Insularum
2303 2353 2440 2395 maris
2471 2353 2606 2410 AEgaei

1384 2421 1605 2466 ambitum
1639 2423 1907 2481 plerumque
1942 2424 2195 2467 accuratius
2238 2439 2372 2482 quam
2425 2426 2605 2483 priores

1382 2497 1632 2541 constituit.
1671 2498 1738 2541 De
1765 2500 1913 2556 Cypro
1938 2508 1981 2541 et
2020 2498 2153 2542 Samo
2191 2499 2369 2553 insulis,
2395 2500 2511 2543 sicut
2550 2500 2604 2543 de

1380 2571 1642 2625 Britannia,
1675 2587 1776 2615 cum
1809 2571 1988 2615 Isidoro
2028 2572 2134 2615 facit
2169 2573 2436 2631 Anonymus
2471 2589 2601 2632 quem

1381 2646 1588 2690 Millerus
1609 2647 1752 2690 edidit
1771 2647 1825 2691 ad
1845 2648 2008 2691 calcem
2031 2647 2250 2691 Marciani
2267 2664 2311 2707 p.
2343 2650 2425 2691 321
2439 2682 2448 2690 .

1450 2722 1552 2775 137.
1579 2721 1782 2765 Alterum
1815 2737 1930 2781 opus
1964 2721 2225 2765 continebat
2255 2721 2604 2781 descriptionem

1378 2796 1577 2840 Parthiae
1601 2797 1696 2840 sive
1730 2797 1989 2854 regionum,
2025 2812 2125 2855 quae
2161 2812 2187 2840 a
2218 2797 2331 2840 mari
2361 2796 2514 2840 Rubro
2551 2799 2605 2842 ad

1379 2873 1594 2932 Caspium
1609 2881 1652 2915 et
1668 2870 1724 2915 ab
1738 2871 1966 2931 Euphrate
1985 2886 2129 2930 usque
2148 2871 2202 2914 ad
2219 2874 2318 2915 loca
2333 2870 2446 2914 Indo
2466 2871 2605 2915 fluvio

1379 2946 1595 3008 proxima
1610 2947 1881 2991 Parthorum
1898 2947 2094 3006 imperio
2116 2956 2221 2990 tunc
2239 2945 2442 3004 subjecta
2461 2958 2602 2990 erant.

1380 3024 1518 3085 Apud
1541 3024 1807 3068 Athenaeum
1830 3023 1988 3067 titulus
2018 3023 2170 3082 operis
2189 3021 2398 3070 laudatur
2423 3022 2606 3083 Παρθίας

1380 3097 1651 3161 περιήγῆσιςς
1677 3109 1890 3160 excerpta
1905 3109 2058 3144 nostra
2081 3097 2396 3143 inscribuntur
2420 3097 2603 3152 Σταθμοὶ

1382 3173 1598 3235 Παρθικοί,
1619 3190 1720 3233 quae
1737 3174 1920 3233 quidem
1941 3174 2179 3232 inscriptio
2197 3172 2380 3216 nonnisi
2402 3172 2455 3214 ad
2473 3187 2603 3229 argu-

1380 3261 1580 3294 mentum
1605 3251 1836 3310 pertinere
1853 3250 2061 3293 videatur
2080 3264 2234 3292 eorum
2254 3264 2353 3307 quae
2372 3258 2605 3306 excerptor

1378 3326 1452 3370 vel
1478 3341 1534 3370 ex
1570 3326 1855 3385 periegeseos
1880 3314 2023 3384 opere⁶
2036 3323 2266 3381 collegerit
2300 3323 2371 3366 vel
2411 3323 2459 3366 in
2483 3333 2604 3366 certo

1380 3399 1577 3460 quodam
1602 3400 1700 3458 ejus
1724 3399 1876 3458 operis
1905 3400 2049 3457 capite
2076 3397 2132 3440 ab
2156 3398 2256 3456 ipso
2276 3396 2455 3440 Isidoro
2479 3412 2604 3440 com-

1379 3472 1542 3536 posita
1557 3474 1793 3532 repererit.
1815 3472 1954 3517 Caute
1979 3482 2125 3515 tamen
2150 3471 2204 3515 de
2227 3471 2299 3514 his
2323 3470 2604 3514 statuendum

1380 3561 1463 3595 est.
1495 3549 1608 3593 Nam
1630 3551 1834 3607 Amyntae
1859 3546 2043 3604 Σταθμοὶ
2063 3544 2199 3594 Ἀσίας
2217 3556 2261 3589 et
2285 3546 2480 3589 Baetonis
2500 3546 2606 3589 Στα-

1380 3623 1472 3681 θμοὶ
1497 3627 1566 3677 τ’ῆς
1591 3621 1853 3682 Ἀλεξάνδρου
1879 3621 2042 3681 πορείας
2069 3620 2144 3678 ('v.
2169 3618 2333 3679 Script.
2357 3633 2446 3663 rer.
2473 3619 2602 3665 Alex,

1380 3715 1424 3758 p.
1451 3699 1535 3750 134
1560 3698 1687 3757 sqq.)
1715 3712 1806 3740 non
1832 3693 2141 3740 subsistebant
2163 3694 2211 3737 in
2234 3693 2445 3737 notandis
2471 3708 2604 3737 man—

1381 3775 1590 3819 sionibus
1610 3788 1855 3832 earumque
1875 3771 2116 3828 distantiis,
2147 3769 2224 3814 sed
2245 3769 2499 3827 regionum,
2523 3782 2604 3827 per

133 3871 179 3914 (Ἴ
202 3868 419 3906 Dodwellus
451 3868 503 3906 ita
525 3868 656 3906 statuit
677 3879 714 3916 p.
736 3873 780 3907 67
800 3884 809 3907 :
830 3885 848 3903 «
864 3870 1063 3918 ScripserIt
1081 3869 1247 3908 isidorus
1266 3870 1352 3919 post
1375 3869 1526 3907 initium
1552 3868 1729 3906 Hadriani
1749 3870 1785 3905 et
1801 3870 1926 3904 tamen
1948 3866 2109 3903 Lucieno
2134 3865 2240 3900 tanto
2263 3862 2449 3909 antiquior
2477 3861 2601 3906 fuerit,

82 3927 124 3962 ut
142 3924 189 3961 ab
208 3934 251 3961 eo
271 3924 436 3972 potuerit
456 3923 502 3961 ad
527 3926 652 3972 partes
669 3924 868 3971 advocari,
886 3936 1022 3973 nempe
1043 3926 1206 3964 Luciauo
1225 3925 1374 3973 propior
1402 3934 1515 3973 quam
1546 3924 1677 3962 Plini0.
1703 3939 1720 3956 »
1748 3925 1869 3971 Atque
1893 3923 1973 3959 haec
1998 3921 2149 3969 quidem
2172 3918 2217 3955 de
2234 3918 2413 3955 Parthicae
2436 3916 2602 3964 periege-

82 3988 167 4016 seos
185 3980 352 4023 auctore,
373 3988 396 4015 a
413 3989 492 4027 quo
510 3979 757 4027 antiquiorem
782 3980 979 4027 distinguit
1010 3981 1195 4020 isidorum
1222 3982 1287 4029 qui
1317 3981 1446 4018 orbem
1469 3984 1649 4018 terrarum
1678 3980 1887 4026 descripsit.
1920 3974 2196 4023 Argumentatio
2212 3983 2284 4019 qua
2307 3973 2384 4009 liaec
2417 3971 2602 4016 nituntur,

81 4043 193 4082 quam
211 4034 259 4073 sit
277 4034 422 4083 inepta,
440 4034 585 4074 monuit
601 4034 878 4083 sainte-croix3
899 4046 966 4083 ego
985 4036 1024 4074 in
1044 4037 1276 4085 exponendis
1295 4036 1580 4084 refellendisque
1600 4034 1769 4072 ludibriis
1798 4038 1943 4079 tempus
1960 4034 2078 4068 terere
2094 4028 2195 4065 nefas
2211 4026 2313 4063 duxi.
