2808 4342
87 154 245 216 (ιι-ν.)

10 244 14 251 .
42 281 46 283 “
86 275 160 312 της
180 257 226 303 τὸ
242 255 391 315 στόμα·
409 253 599 317 ἑτέρωθεν
620 254 698 318 γὰρ
718 257 791 302 οὒκ
807 255 856 301 ἄν
873 277 934 310 τις
957 258 1261 306 ἐκπλεύσειεν’
1239 279 1322 306 απο

86 329 158 380 τῆς
177 325 257 371 ἔσω
273 323 480 379 θαλάσσης
498 325 554 376 εἷς
571 323 638 369 τὸν
659 324 838 372 ὠκεανὸν
857 326 966 382 πλὴν
983 327 1048 373 διὰ
1065 333 1136 374 τοῦ
1155 329 1320 390 εἷρημέ«

8 385 15 443 ’,
39 399 41 403 ”
86 411 155 439 νου
176 391 376 455 Ἧρακ)’
341 410 423 437 ειου
440 387 641 452 πορθμοῦ.
711 392 966 440 Ἐκτείνετᾰι
986 395 1027 441 δὲ
1053 399 1079 452 ἠ
1099 397 1189 443 καθ’
1209 400 1322 457 ἡμᾶς

8 463 11 480 ‘
51 475 53 477 “
87 460 192 517 αυτη
217 460 408 506 θάλασσα
431 460 501 506 καὶ
526 461 648 523 μέχρι
667 465 740 518 τῆς
765 463 1003 524 Αἰγύπτου,
1032 463 1120 520 ἥτις
1151 466 1319 512 ὑπόκει-

7 603 39 646 ·,³
83 598 130 644 τὸ
149 598 243 644 καθ’
259 603 370 659 ἡμᾶς
393 599 644 658 καλούμενον
671 598 898 660 Αἰγύπτιον
931 599 1107 662 πέλαγος
1123 638 1135 661 ,
1153 603 1236 648 καὶ
1258 604 1319 665 γί-

82 673 221 713 νεσθαι
242 667 372 729 μέγαν
382 667 545 751 Νἰσθμὸν
567 666 641 722 τὴν
681 667 833 727 μεταξυ
857 672 933 729 γῆν
967 673 1038 716 τοῦ
1060 689 1105 716 τε
1128 671 1319 734 Ἀραδίου

8 731 10 786 ζ
46 755 50 763 ²
82 736 236 782 κόλπου
263 736 334 781 καὶ
357 753 430 792 της
449 736 541 808 καθ’
562 739 674 792 ἡμᾶς
693 735 802 781 κατὰ
821 741 939 783 τοῦτο
961 738 1007 784 τὸ
1029 738 1149 801 μέρος
1167 740 1319 786 θαλάσ-

2 795 9 810 ⁴
44 796 46 800 ,
84 804 452 888 σης.’1ὸνΗμὲν
442 809 510 850 οὖν
517 804 749 866 περίπλουν
770 825 842 862 της
858 807 1063 865 θαλάττης
1083 809 1231 867 ταύτης
1252 811 1318 856 διὰ

0 894 53 934 3·
81 890 154 927 της
177 874 376 933 ἐπιτομης
396 876 477 918 τῶν
501 873 554 918 ια’
586 873 756 936 βιὸλίων
782 875 1080 940 Ἀρτεμιδώρου
1107 883 1179 924 τοῦ
1203 898 1318 939 γεω-

34 974 38 983 .
76 939 239 1003 γράφου
272 960 384 1005 σαφη
418 943 761 1004 κατεστήσαμεν,
794 947 848 997 ὣς
880 946 1135 1032 προείρηται·
1171 951 1250 994 τῶν
1277 949 1318 995 δὲ

80 1008 158 1062 ἔξω
173 1011 438 1057 θαλασσων”
411 1030 502 1068 ητοι
524 1013 716 1058 ὠκεανῶν
739 1013 840 1077 ἑῴου
859 1016 930 1060 καὶ
950 1011 1153 1079 ἑσπερίου,
1172 1019 1316 1064 οἰκεῖον

81 1079 328 1133 ὑποστάντες
345 1079 490 1140 πόνον,
508 1081 579 1127 τὸν
605 1082 827 1145 περίπλουν
863 1085 1099 1148 ἀναγράψαι
1129 1087 1318 1149 προειλό-

80 1151 203 1207 μεθα.
796 1211 800 1214 ι

31 1213 46 1219 ”
141 1234 177 1263 4.
217 1218 516 1281 Ἐρατοσθένης
540 1219 614 1280 μὲν
638 1223 659 1265 ὃ
683 1224 916 1283 Κυρηναῖος
933 1220 1008 1278 τὴν
1026 1222 1226 1282 μεγίστην
1244 1243 1315 1269 πε-

19 1353 48 1414 γ’
71 1354 186 1415 -δίους
205 1358 266 1403 Μ.
290 1356 349 1401 κε’
383 1358 453 1402 καὶ
491 1362 555 1420 ,θσ
572 1392 585 1405 .
655 1357 779 1405 Οὕτω
801 1358 843 1404 δὲ
876 1359 946 1404 καὶ
968 1360 1177 1412 Διονύσιος
1202 1363 1223 1405 ὃ
1247 1365 1316 1406 τοῦ

7 1419 41 1474 ’ΪῘ
77 1424 289 1487 Διογένους
303 1426 659 1512 ἀναμεμέτρηκεν.
729 1430 994 1489 Πτολομαῖος
1012 1428 1053 1474 δὲ
1070 1428 1316 1488 δθειότατος,

77 1498 127 1557 τῇ
149 1495 222 1556 μὲν
245 1495 369 1559 πείρα
388 1496 459 1541 καὶ
485 1498 628 1552 ἀληθεῖ
659 1495 871 1542 παιδεύσει
903 1497 1200 1562 πρεσὸύτερος,
1234 1502 1317 1552 τοῖς

78 1564 120 1609 δὲ
141 1564 300 1627 χρόνοις
319 1564 637 1638 Ερατοσθένους
655 1565 862 1627 νεώτερος,
883 1566 1058 1614 σταδίων
1078 1571 1141 1615 Μ.
1163 1568 1217 1623 ιη’
1242 1568 1316 1624 τὴν

16 1627 153 1694 4“·γην
188 1634 394 1687 ἀπέδειξεν
430 1626 558 1691 εἶναι,
598 1654 670 1680 και
693 1653 762 1679 του
799 1633 872 1693 μὲν
896 1635 1073 1687 πλάτους
1109 1628 1215 1681 εἶναι
1245 1657 1315 1693 της

77 1721 151 1762 γης
175 1702 423 1760 συνέστηκεν
448 1704 492 1749 π’
518 1704 662 1765 μοίρας
684 1703 981 1765 μεσημὸρινὰς,
1003 1710 1074 1751 τοῦ
1096 1704 1137 1751 δὲ
1161 1724 1316 1764 μηκους

40 1771 45 1775 “
78 1771 164 1832 ρπ’.
234 1772 307 1819 Ἔν
330 1773 462 1834 τούτῳ
484 1773 527 1817 δὲ
543 1775 602 1833 τῷ
626 1771 764 1833 μέτρῳ
792 1772 1030 1833 περιέχεται
1052 1776 1078 1827 ἡ
1098 1774 1314 1833 οἰκουμένη

77 1842 135 1891 εἷς
155 1847 264 1901 τρεῖς
287 1840 535 1900 διαιρεθεῖσα
562 1839 693 1898 τομὰς
714 1839 916 1900 ἠπείρων,
947 1859 1002 1892 εις
1020 1859 1064 1886 τε
1085 1841 1222 1887 Ἀσίαν
1245 1843 1315 1888 καὶ

11 1901 47 1967 „2
75 1907 236 1964 Λιὸύην
256 1927 327 1954 και
344 1907 578 1971 Εὐρώπην,
598 1907 740 1970 ωσπερ
770 1907 927 1954 ἅπασιν
949 1908 1163 1970 ἔγνωσται.
1227 1910 1314 1966 Τὴν

76 1977 150 2036 μὲν
187 1981 255 2022 οὖν
293 1977 500 2040 Εὐρώπην
536 1976 617 2022 ἀπο
645 1997 717 2034 της
739 1977 897 2034 Aia-q<
932 1979 1094 2041 διορίζει
1128 1981 1174 2026 τὸ
1207 1982 1314 2026 κατὰ

8 2063 51 2092 .·
74 2046 253 2107 Ῑάδειρα
277 2045 425 2135 στόμαῗ
430 2050 501 2092 τοῦ
521 2047 727 2104 ὠκεανοῦ,
753 2047 852 2133 ὅπερ
873 2047 1118 2111 Ἡράκλειον
1142 2051 1314 2095 καλουσι

14 2133 49 2179 ’,Γ
75 2114 280 2177 πορθμον,
305 2115 356 2159 δι’
379 2119 424 2160 ου
448 2114 523 2171 τὴν
547 2115 707 2178 εἷσροὴν
728 2135 796 2161 τον
821 2117 1000 2162 ὠκεανον
1024 2118 1079 2169 εἷς
1110 2116 1184 2172 τὴν
1212 2121 1314 2177 ἡμε-

75 2183 195 2248 τέραν
229 2186 432 2230 ποιεῖσθαι
466 2185 678 2230 θάλασσαν
713 2185 978 2248 προείπομεν·
1022 2186 1093 2231 καὶ
1132 2186 1256 2231 πάλιν
1292 2189 1312 2230 ὁ

15 2261 20 2264 “
46 2287 49 2293 ι
77 2255 116 2300 Τ
119 2254 235 2306 άναϊς
258 2254 442 2314 ποταμὸς
459 2253 627 2315 (ὅστις)
648 2253 720 2310 τὴν
743 2254 949 2316 Εὐρώπην
974 2254 1055 2299 ἀπὸ
1087 2258 1158 2310 τῆς
1178 2253 1313 2306 Ἀσίας

71 2321 225 2381 ὁμοίως
247 2320 355 2367 κατὰ
374 2322 419 2367 τὸ
445 2324 628 2385 ἀρκτῷον
654 2322 815 2384 διορίζει
838 2322 956 2382 μέρος
970 2358 981 2378 ,
1007 2326 1062 2375 εἷς
1082 2322 1154 2378 τὴν
1172 2325 1312 2368 Μαιῶ-

78 2525 141 2565 Cf.
188 2534 274 2566 not.
307 2487 360 2566 ad
386 2525 539 2581 Scylac.
575 2529 597 2579 ς
621 2540 637 2566 1
677 2541 720 2580 p.
748 2530 812 2568 16.
839 2527 854 2579 ll
888 2550 941 2556 —
963 2540 1027 2567 10.
1069 2527 1318 2581 γαιωγράφου

74 2588 209 2641 00(1.Η
229 2612 285 2619 -
302 2601 368 2629 12.
391 2587 509 2629 ἓώτου
529 2589 594 2629 καὶ
616 2588 728 2628 cod.-
718 2588 848 2645 ,ἓώου
872 2605 914 2630 τε
935 2605 999 2630 και
1017 2588 1135 2631 editt.

8 2650 48 2705 '550
132 2653 154 2702 §
169 2653 211 2691 4.
232 2648 507 2704 Ἐρατοσθένης
522 2650 588 2706 μὲν
605 2656 672 2690 οὖν
685 2651 825 2692 malim
837 2665 932 2691 cum
948 2651 1138 2692 Piccoloo
1152 2659 1311 2691 nostro.

80 2712 157 2765 ΙΙ-
174 2725 237 2766 17.
258 2712 470 2753 Liter‘aM
459 2727 502 2752 ln
518 2711 660 2753 codice
672 2720 870 2753 notantu1
884 2713 1058 2767 μυριάδες
1069 2712 1312 2756 stadiorum.

13 2715 49 2810 ¹}
75 2774 196 2814 Cetei
197 2788 269 2814 um
288 2774 625 2830 locupletioribus
641 2775 811 2815 testibus
833 2774 999 2815 abunde
1017 2783 1176 2815 constat
1196 2783 1314 2815 terrae

16 2832 49 2903 ’ξ
74 2849 135 2875 cu
137 2837 294 2877 cultum
331 2851 394 2877 ex
409 2845 607 2892 computo
649 2837 931 2878 Enatosthenis
966 2852 1051 2877 esse
1087 2837 1312 2878 stadiorum

16 2908 39 2937 Ξ,
75 2899 258 2949 252000,
276 2914 361 2940 non
380 2915 494 2950 vero,
513 2909 560 2941 ut
573 2902 722 2941 Nostm
737 2902 808 2950 ait,
830 2901 1009 2954 259200.
1030 2903 1096 2943 An
1114 2902 1262 2957 igitur
1269 2901 1316 2940 θσ

13 2938 46 3122 «Ξ
75 2969 214 3001 ortum
236 2976 284 3002 cx
301 2962 523 3016 δισ[χιλίων
543 2963 587 3017 ]?
607 2965 841 3004 Letronnus
863 2965 898 3019 ,θ
915 2972 1053 3004 ortum
1073 2978 1122 3003 ex
1141 2964 1198 3019 Ιβ,
1221 2971 1261 3003 et
1280 2963 1316 3003 o'

14 3055 15 3058 η
38 3058 41 3059 ⁷
75 3031 214 3064 ortum
247 3038 298 3064 ex
317 3024 422 3064 male
441 3025 612 3079 repetita
649 3025 748 3065 olim
766 3040 865 3066 voce
888 3026 1060 3072 σταδίους
1084 3033 1202 3080 putat
1230 3024 1258 3066 l.
1283 3025 1311 3066 l.

32 3091 51 3134 ,τ’
74 3099 117 3141 p.
132 3099 230 3140 277.
247 3087 528 3127 Eratosthenis
547 3101 769 3129 numerum
785 3089 981 3128 verumin
993 3095 1150 3128 textum
1160 3087 1313 3128 intule-

21 3135 43 3209 {f
73 3156 172 3188 runt
207 3148 433 3191 Hudsonus
465 3157 507 3189 et
533 3149 827 3191 Hoffinannus.
859 3152 985 3191 Caute
1007 3159 1143 3190 tamen
1173 3150 1224 3190 de
1250 3150 1314 3190 his

23 3201 354 3280 {Statuenduim
387 3225 518 3265 quum
539 3212 771 3267 peliculum
791 3213 844 3252 sit
874 3227 926 3252 ne
948 3214 1083 3267 ipsum
1102 3220 1246 3252 auctor
1247 3227 1312 3253 em

22 3250 43 3346 ⁷}
74 3272 344 3324 coirigamus,
383 3280 506 3326 atque
529 3273 672 3313 critica
702 3275 746 3315 in
780 3274 981 3329 pueiilem
1013 3274 1130 3315 abeat
1158 3274 1310 3318 lusum.

23 3327 139 3391 {Sic
160 3340 303 3372 nostro
317 3333 409 3372 loco
423 3341 559 3388 potest
576 3333 680 3384 fieii,
706 3344 752 3375 ut
770 3336 925 3377 alienus
952 3335 1119 3390 quidem
1140 3336 1192 3376 ab
1213 3338 1314 3376 E1a-

28 3420 42 3440 <
73 3394 276 3445 tosthene,
302 3403 481 3439 attamen
504 3397 707 3449 genuinus
728 3411 928 3440 numerus
945 3399 1010 3448 sit,
1036 3399 1311 3452 suspicionem

24 3446 46 3494 ξ
75 3466 265 3498 movente
287 3459 446 3499 ratione
475 3459 640 3498 numeri
666 3457 717 3498 ad
736 3459 1063 3513 computandum
1081 3474 1310 3501 accommo-

26 3521 40 3559 ’ἱ
73 3517 297 3571 (latissima,
333 3520 386 3561 de
418 3534 500 3574 qua
518 3519 756 3561 Gosselinus
790 3521 948 3573 (Beck.
986 3535 1036 3561 3.’
1060 3521 1087 3561 l.
1116 3524 1251 3573 geogr.
1273 3525 1308 3572 I,

73 3596 115 3637 p.
145 3582 225 3639 14)
254 3596 264 3624 :
293 3602 309 3618 α
333 3582 499 3637 259200
522 3582 670 3631 stades,
700 3583 849 3637 inquit,
885 3583 1036 3623 etaient
1065 3597 1147 3655 720
1177 3584 1311 3624 stades

12 3647 23 3686 ‘J'
73 3656 149 3698 par
166 3642 305 3697 degte,
341 3643 473 3684 douze
502 3658 578 3699 par
599 3644 780 3694 minute,
813 3652 852 3684 et
876 3658 934 3684 un
971 3643 1204 3698 cinquieme
1234 3660 1311 3700 pai

73 3704 274 3745 seconde·
265 3720 338 3756 ‚ce
352 3708 423 3761 qui
439 3706 664 3761 simplifiait
680 3706 897 3761 beaucoup
915 3715 1008 3746 tous
1022 3706 1079 3746 les
1094 3706 1240 3749 ealculs
1257 3707 1310 3748 de

12 3768 26 3809 i
74 3759 286 3818 lon'gitude
300 3775 340 3807 et
357 3767 605 3809 delatitude.
631 3788 647 3804 ι»
675 3769 690 3822 Η
712 3793 767 3799 -—-
785 3782 851 3822 17.
869 3768 1047 3816 Διόνυσος
1062 3768 1207 3809 codex.
1226 3769 1309 3810 Pli-

74 3827 168 3867 nius
189 3830 246 3878 II,
272 3843 349 3869 112
366 3833 387 3882 5
405 3833 484 3879 248
506 3829 573 3870 cd.
596 3830 721 3883 Sillig.
731 3861 740 3880 ,
765 3839 981 3885 postquam
1001 3830 1052 3870 de
1073 3832 1308 3872 Eiatosthe-

77 3889 140 3928 nis
154 3898 194 3929 et
215 3891 437 3946 Hipparchi
460 3901 658 3946 computu
669 3891 794 3932 diret
797 3901 852 3940 at
870 3891 1068 3946 subjicit:
1091 3893 1194 3933 Alia
1210 3893 1310 3934 Dio-

34 3954 38 3965 ”
76 3965 119 4004 u)
123 3951 240 3991 sodm
243 3967 272 3992 ο
277 3954 319 4007 s
317 3953 411 4000 des
403 3968 547 4008 umque
562 3953 666 3993 enim
686 3953 929 4008 suptraham
949 3969 1000 3993 ea·
1001 3969 1089 4009 emp
1067 3954 1173 3994 ηΙιιηι
1189 3955 1310 3995 zani-

11 4052 29 4068 2.
77 4013 182 4054 tatis
205 4017 356 4056 Graece
379 4030 632 4056 maxummn.
664 4014 816 4056 Melias
841 4015 908 4055 liic
919 4015 1030 4068 ficit,
1060 4016 1311 4068 eff-comenicae

753 123 757 126 ’
817 154 1112 203 PERIPLUS
1146 157 1338 209 MAssls
1372 158 1830 213 EXTERI.L113ER
1865 167 1902 211 1.

3 525 5 529 ’
85 549 153 576 ται
180 532 231 592 τῇ
253 528 491 593 μεσημὸρίᾳ
509 564 521 586 ,
546 532 600 582 ὡς
624 533 874 576 ἀντικεῖσθαι
897 535 955 593 τῷ
974 532 1154 596 Ἀραὸίῳ
1176 534 1334 597 κόλπῳᾷ

83 1286 287 1348 ριφέρειαν
306 1292 377 1344 τῆς
398 1290 683 1351 (ἐγνωσμένης)
706 1291 869 1348 ἁπάσης
884 1295 958 1351 γῆς
975 1284 1078 1337 εἶναι
1093 1291 1201 1353 λέγει
1218 1311 1332 1343 στα·,

2530 197 2620 237 519

1396 269 1459 309 via
1490 283 1540 310 ex
1572 271 1737 313 interno
1759 275 1863 315 mari
1886 260 2098 317 Oceanum
2120 278 2280 333 ingredi
2307 280 2416 333 licet,
2440 284 2519 325 nisi
2554 298 2628 340 per

1392 349 1551 391 dictum
1566 352 1667 393 illud
1683 355 1870 396 Herculis
1890 355 2056 399 fretum.
2116 361 2366 406 Extenditur
2384 373 2520 408 autem
2545 365 2627 409 hoc

1392 439 1580 472 nostrum
1602 447 1714 474 mare
1734 449 1866 490 usque
1888 436 1939 477 ad
1967 438 2210 495 AEgyptum‚
2247 457 2338 498 quae
2362 460 2503 488 versus
2533 462 2626 490 me.

1391 509 1538 551 ridiem
1569 511 1691 566 jacet,
1723 515 1779 555 ita
1802 524 1848 556 ut
1873 531 1986 558 mare
2014 519 2116 561 illud
2137 522 2251 576 quod
2284 539 2359 567 nos
2387 527 2627 582 AEgyptium

1391 607 1598 645 vocamuS,
1627 595 1805 637 Arabico
1824 598 1932 639 sinui
1962 601 2012 641 sit
2028 603 2265 656 oppositum
2279 636 2291 655 ,
2322 615 2363 648 et
2390 616 2499 650 terra
2517 610 2626 653 inter

1390 672 1615 714 Arabicum
1639 676 1775 716 sinum
1796 686 1837 718 et
1867 678 1975 720 illam
1996 684 2122 722 nostri
2157 685 2282 725 maris
2312 695 2470 740 partem
2497 689 2624 732 inter-

1384 751 1524 807 jacens
1546 769 1740 809 magnum
1766 757 1965 799 isthmum
1999 760 2161 803 efficiat.
2222 767 2357 820 Atque
2379 767 2501 822 hujus
2534 772 2625 825 qui·
2658 784 2662 788 ’

1388 819 1483 861 dem
1508 823 1631 863 maris
1663 823 1865 866 ambitum
1888 828 2066 882 epitome
2096 830 2163 871 ina
2196 832 2389 875 undecim
2422 835 2623 879 librorum

1388 904 1640 946 Artemidori
1663 908 1883 962 geographi
1906 909 2143 962 clarissime,
2166 922 2212 953 ut
2227 929 2351 970 supra
2369 915 2527 960 dictum
2545 929 2622 970 est,

1387 985 1575 1039 exposuit
1589 1001 1601 1035 ;
1631 988 1759 1027 exteri
1787 996 1925 1029 autem
1950 991 2073 1031 maris
2093 993 2177 1033 sive
2199 995 2352 1038 Oceani
2375 1005 2457 1046 tam
2487 1001 2621 1040 orien-

1388 1067 1477 1107 talis
1499 1083 1622 1122 quam
1653 1071 1914 1113 occidentalis
1936 1064 2328 1134 ambitum-proprio
2359 1096 2451 1123 mco
2483 1068 2622 1126 lahore

1388 1151 1618 1195 describere
1633 1156 1775 1197 malui.

1443 1239 1484 1284 4.
1514 1239 1648 1292 Atque
1665 1240 1952 1282 Etatosthenes
1975 1243 2142 1297 quidem
2166 1247 2382 1301 Cytenaeus
2401 1253 2622 1296 maximam

1387 1307 1566 1346 universi
1590 1317 1790 1357 terrarum
1807 1311 1918 1351 orbis
1937 1327 1995 1353 cn
1997 1315 2154 1355 cumfe1
2155 1319 2306 1359 entiam
2327 1321 2490 1375 259200
2509 1326 2526 1378 (
2541 1340 2623 1367 esse

1386 1377 1476 1418 cleb.
1503 1378 1666 1422 252000
1683 1381 1697 1436 )
1712 1381 1939 1423 stadiorum
1957 1384 2167 1439 prodidit,
2186 1396 2308 1443 atque
2330 1391 2385 1432 ita
2401 1394 2623 1449 Dionysius

1387 1463 1569 1505 quoque,
1590 1453 1784 1505 Diogenis
1809 1453 1932 1505 filius,
1955 1455 2167 1498 dimensus
2190 1468 2264 1501 est.
2286 1463 2463 1505 Divinus
2485 1475 2624 1510 autem

1387 1524 1452 1564 ille
1474 1525 1736 1576 Ptolomaeus,
1761 1529 2013 1582 experientia
2031 1539 2072 1570 et
2092 1546 2186 1573 vera
2209 1533 2439 1578 eruditione
2469 1541 2621 1591 senior,

1387 1598 1572 1650 quamvis
1608 1606 1792 1653 tempore
1821 1599 1965 1654 junior
2002 1603 2290 1657 Eratosthene,
2323 1607 2624 1666 ‘demonstravit

1387 1676 1537 1709 terram
1588 1671 1747 1711 180000
1783 1671 2012 1713 stadiorum
2062 1674 2147 1714 e'sse
2162 1707 2172 1724 ,
2224 1661 2346 1732 atque
2388 1680 2615 1725 latitudinis

1387 1748 1504 1780 terrae
1528 1742 1580 1781 80
1602 1741 1819 1782 meridiani
1847 1743 1986 1784 circuli
2020 1754 2154 1799 partes
2188 1762 2273 1788 esse
2300 1752 2455 1802 statuit,
2493 1753 2624 1808 longi-

1386 1811 1542 1851 tudinis
1562 1814 1655 1853 180.
1679 1813 1767 1853 Hac
1785 1822 1922 1855 autem
1944 1821 2389 1869 mensura'continetur
2407 1814 2622 1869 univ'ersus

1387 1884 1513 1934 orbis,
1539 1885 1582 1924 in
1602 1893 1700 1935 tres,
1724 1894 1770 1926 ut
1786 1887 1891 1927 inter
1914 1902 2057 1929 omnes
2076 1900 2249 1943 constat,
2274 1894 2474 1937 dissectus
2490 1901 2622 1940 conti-

1386 1966 1530 1997 nentes
1544 1990 1555 2007 ,
1595 1959 1734 1999 Asiam
1747 1990 1758 2009 ‚
1790 1960 1972 2001 Africam
1991 1971 2031 2003 et
2048 1956 2275 2019 Europam.
2335 1969 2545 2024 Europam
2569 1972 2623 2012 ab

1386 2029 1526 2070 Africa
1565 2039 1725 2086 separat
1760 2033 1911 2073 ostium
1948 2037 2101 2076 Oceani
2138 2051 2269 2092 prope
2316 2040 2467 2090 Gades,
2508 2044 2620 2096 quod

1385 2103 1634 2145 Herculeum
1663 2105 1812 2147 fretum
1848 2108 2075 2162 appellant,
2115 2124 2199 2164 quo
2234 2112 2444 2154 Oceanum
2475 2116 2518 2156 in
2547 2131 2622 2157 no-

1385 2186 1516 2216 strum
1549 2190 1662 2217 mare
1679 2178 1857 2219 ‘influere
1894 2194 2017 2235 supra
2041 2181 2250 2233 diximus;
2277 2185 2328 2226 ab
2350 2189 2446 2232 Asia
2469 2197 2640 2240 autem,.

1384 2261 1466 2300 qua
1494 2255 1608 2301 parte
1630 2247 1696 2288 illa
1722 2247 1880 2302 objacet
1898 2253 2184 2304 septentrioni,
2207 2255 2355 2296 Tanais
2386 2258 2535 2299 fluvius
2557 2261 2620 2302 di-

1383 2324 1511 2373 rimit,
1530 2324 1573 2364 in
1601 2325 1835 2370 Maeotidem
1852 2326 2046 2381 paludem
2077 2343 2119 2368 se
2144 2344 2392 2382 exoneranS,
2416 2348 2508 2388 quae
2533 2337 2621 2391 ipsa

1389 2526 1564 2567 scientia
1585 2527 1752 2568 nobilis.
1777 2533 1952 2570 Senecta
1959 2530 2065 2571 diem
2100 2524 2244 2573 obiit
2228 2547 2270 2573 ιη
2284 2535 2449 2589 patria.
2477 2540 2620 2580 Funus

1388 2587 1539 2628 eluxere
1574 2589 1611 2629 ei
1633 2590 1880 2658 propinquae
1913 2592 1971 2632 ad
1996 2608 2098 2647 qaas
2127 2594 2363 2649 pertinebat
2397 2598 2615 2641 hereditas.

1388 2652 1466 2689 Hoe
1485 2665 1575 2690 cam
1589 2651 1742 2691 secatis
1759 2652 1902 2693 diebus
1915 2663 2038 2708 Justa
2054 2666 2308 2710 peragerent,
2332 2658 2532 2702 invenisse
2552 2662 2616 2703 di·

1388 2721 1538 2752 cantar
1560 2712 1602 2753 in
1628 2714 1812 2783 sepulcro
1840 2715 2059 2771 epistulam
2089 2717 2362 2772 Dionysodori
2390 2722 2549 2764 nomine
2563 2724 2622 2764 acl

1386 2788 1554 2830 superos
1588 2775 1834 2831 scriptam:
1854 2778 2089 2833 pervenisse
2121 2795 2209 2821 eum
2230 2782 2284 2822 ab
2313 2784 2524 2839 sepulchro
2563 2787 2622 2826 ad

1390 2835 1568 2890 infimam
1602 2846 1776 2889 terram3
1809 2854 1891 2880 esse
1924 2856 1967 2881 eo
1983 2841 2213 2883 stadiorum
2242 2844 2368 2898 quad!
2370 2845 2521 2897 aginta
2539 2847 2618 2888 duo

1380 2898 1522 2938 milia.
1547 2902 1633 2940 Nec
1659 2900 1820 2954 defuere
1838 2913 2047 2954 geometra.=
2075 2904 2149 2960 qui
2173 2904 2538 2962 interpretarentur
2558 2910 2617 2950 si-

1384 2960 1579 3015 gnifi'care
1615 2963 1836 3018 epistulam
1862 2980 1890 3005 a
1920 2966 2051 3007 medio
2085 2975 2282 3008 terraram
2308 2970 2400 3010 orbe
2429 2970 2612 3020 missam,

1386 3037 1465 3077 qao
1484 3022 1670 3065 deorsum
1702 3026 1755 3065 ab
1785 3041 1942 3067 summo
1965 3027 2059 3079 long
2036 3027 2244 3068 vissimum
2277 3039 2379 3069 esset
2412 3031 2611 3085 spatium.

1386 3086 1458 3125 Ex
1485 3099 1528 3125 eo
1570 3096 1783 3128 consecuta
1817 3089 2072 3144 computatio
2106 3099 2167 3130 est
2200 3099 2246 3130 ut
2279 3090 2496 3132 cit-cuicum
2533 3107 2616 3134 esse

1390 3151 1539 3190 CCLII
1575 3150 1679 3191 mill.
1717 3150 1946 3200 stadiorum
1975 3151 2309 3207 pronuntiarent.
2349 3154 2472 3194 Hunc
2514 3156 2614 3195 Dio-

1385 3212 1655 3267 nysiodorum
1683 3211 1852 3253 fortasse
1879 3227 1965 3259 non
2005 3212 2212 3253 diversum
2245 3228 2331 3254 esse
2358 3229 2385 3255 a.
2414 3216 2614 3270 Dionysio

1384 3274 1583 3315 Marciani
1604 3275 1797 3329 opinatur
1821 3274 2113 3315 Hoffmannus.
2145 3276 2160 3328 ΙΙ
2183 3299 2240 3307 --
2262 3289 2328 3329 19.
2349 3278 2613 3330 πρεσὸύτε-

1387 3351 1466 3391 ρος
1486 3345 1563 3377 etc.
1588 3338 1602 3391 ]
1621 3337 1788 3377 Insulsae
1808 3336 1976 3377 facetiae.
2002 3338 2017 3390 Η
2046 3361 2102 3367 -
2135 3350 2203 3378 20.
2236 3338 2291 3378 Μ.
2313 3339 2327 3392 ]
2349 3338 2392 3378 h.
2414 3338 2440 3379 l.
2466 3339 2613 3393 sigium

1385 3397 1618 3453 myriadum
1633 3399 1675 3438 in
1689 3398 1781 3438 cod.
1797 3399 1896 3439 abiit
1907 3400 1948 3439 in
1964 3398 2046 3453 μὲν.
2061 3401 2122 3438 De
2137 3413 2181 3438 re
2194 3414 2231 3438 v.
2255 3400 2426 3440 Ptolem.
2444 3402 2541 3451 VH,
2560 3405 2583 3450 4
2601 3416 2610 3443 :

1385 3460 1468 3507 ὥς..
1490 3463 1556 3511 τῆς
1572 3460 1664 3512 ὅλης
1683 3463 1754 3514 γῆς
1773 3460 1996 3515 περίμετρον
2027 3462 2217 3515 μυριάδων
2254 3460 2319 3513 ιη’.
2347 3462 2362 3515 l}
2382 3486 2438 3493 —
2455 3475 2523 3503 22.
2542 3463 2610 3519 π’]

1388 3521 1425 3576 β’
1446 3522 1557 3572 cod.;
1580 3537 1661 3563 em.
1684 3521 1884 3563 Dodweli.
1905 3524 1960 3563 V.
1984 3523 2156 3563 Ptolem.
2174 3525 2210 3573 Ι,
2237 3537 2287 3565 10
2308 3537 2355 3565 t..
2380 3526 2479 3565 ὥστε
2501 3527 2613 3566 συνά-

1384 3586 1519 3639 γεσθαι
1541 3585 1584 3624 τὶ)
1604 3586 1677 3625 πᾶν
1696 3583 1840 3631 πλάτος
1868 3583 2188 3640 ὁλοσχερέστερον
2208 3590 2350 3641 μοιρῶν
2376 3585 2441 3641 μὲν
2463 3587 2536 3636 οθ’,
2555 3587 2609 3642 γ’,

1387 3646 1466 3700 ιβ’(
1482 3661 1533 3700 79
1560 3649 1629 3689 ⁵s.,
1648 3645 1661 3700 )
1684 3646 1706 3697 ἢ
1726 3647 1828 3686 ὅλων
1854 3646 2112 3701 ὀγδοήκοντα,
2131 3649 2295 3692 σταδίων
2315 3648 2356 3690 δὲ
2371 3663 2612 3704 τετρακιςμυ-

1386 3708 1491 3763 ρίων.
1515 3708 1680 3762 11-23.
1700 3706 1762 3762 ρπ’
1776 3710 1790 3760 ]
1806 3707 2048 3749 Ptolemaeus
2062 3711 2158 3760 VH,
2183 3709 2222 3759 5,
2242 3712 2264 3762 5
2282 3710 2330 3751 15
2351 3724 2360 3751 ε
2382 3712 2478 3750 ὥστε
2499 3712 2612 3751 συνά-

1383 3771 1517 3825 γεσθαι
1536 3769 1580 3810 τὸ
1602 3767 1843 3824 ἐγνωσμένον
1870 3769 1985 3822 αὐτῆς
2015 3773 2135 3826 μῆκος
2154 3771 2333 3820 σταδίων,
2365 3769 2425 3811 ἐπὶ
2454 3769 2520 3825 μὲν
2543 3774 2611 3811 τοῦ

1383 3832 1479 3872 κατὰ
1501 3832 1566 3872 τὸν
1590 3830 1807 3886 ἰσημερινὸν
1831 3833 2045 3888 τμήματος,
2070 3832 2365 3887 ἐννακισμυρίων
2385 3833 2401 3884 (
2425 3845 2611 3885 9oooo=

1387 3897 1464 3936 180
1487 3900 1526 3937 Χ
1549 3894 1629 3937 500
1647 3897 1678 3948 ).
1704 3895 1719 3948 ΙΙ
1739 3919 1796 3926 -
1811 3896 1878 3937 30.
1898 3897 1999 3943 ὅστις
2016 3894 2276 3950 ejiciendum.
2306 3896 2321 3949 ss
2337 3919 2394 3926 —
2410 3894 2477 3935 31.
2497 3895 2611 3935 Μεώ-

1383 3972 1451 4008 την
1472 3956 1566 3997 cod.
