2782 4348
516 0 567 32 v
832 32 835 33 γ

731 68 776 111 0

170 177 228 216 52
547 209 593 253 ·

227 287 287 320 σί.
323 273 642 321 Mamaeum.
668 270 768 318 ’Aah
792 269 836 315 δί
871 271 1050 323 Πηνειοῦ
1074 270 1263 327 ποταμοῦ
1286 268 1401 315 Μα-

164 342 325 395 κεδόνες
353 341 457 388 εἰσὶν
490 342 625 398 ἔθνος,
659 339 732 385 καὶ
760 338 911 388 κόλπος
945 338 1175 396 Θερμαῖος.
1243 335 1400 399 Πρώτη

163 411 283 464 πόλις
303 410 564 462 Μακεδονίας
582 408 827 470 Ἡράκλειον
839 424 849 435 ·
871 410 990 461 Δῖον,
1008 405 1152 451 Πύδνα
1166 405 1286 460 πόλις
1301 406 1400 455 Ἑλ·

167 480 307 540 ληνὶς,
343 480 522 534 Μεθώνη
559 478 678 528 πόλις
716 474 909 529 Ἑλληνὶς
944 473 1017 520 καὶ
1053 473 1289 537 Ἁλιάκμων
1321 495 1400 524 πο-

166 550 327 609 ταμὸς,
366 547 541 608 Ἄλωρὸς
578 545 696 595 πόλις
717 543 788 589 καὶ
820 541 1009 603 ποταμὸς
1041 542 1222 602 Λυδίας,
1255 544 1399 592 Πέλλα

162 618 280 668 πόλις
313 617 383 662 καὶ
410 615 617 676 βασίλειον
641 614 683 658 ἐν
711 613 817 674 αὐτῇ
842 611 914 658 καὶ
947 611 1159 667 ἀνάπλους
1188 616 1245 667 εἰς
1267 614 1399 671 αὐτὴν

162 687 240 733 ἀνὰ
265 685 329 730 τὸν
354 683 526 731 Λυδίαν·
547 679 679 735 Ἄξιος
701 681 889 742 ποταμὸς
903 717 919 740 ,
936 683 1172 746 Ἐχὲδωρος
1193 683 1396 744 ποταμὸς,

160 755 310 816 Θέρμη
334 754 474 808 πόλις,
495 750 639 799 Αἴνεια
656 749 871 807 Ἑλληνὶς,
898 751 1102 808 Παλλήνη
1124 754 1234 815 ἄκρα
1250 752 1394 816 μακρὰ

162 826 217 875 εἷς
253 823 299 868 τὸ
334 822 513 881 πέλαγος
549 820 841 878 ἀνατείνουσα,
872 820 945 867 καὶ
977 821 1116 874 πόλεις
1151 819 1242 868 αἵδε
1276 824 1319 868 ἐν
1348 825 1400 884 τῇ

161 892 364 954 Παλλήνῃ
413 889 671 947 Ἑλληνίδες·
721 890 927 939 Ποτίδαια
975 892 1018 937 ἐν
1067 894 1127 954 τῷ
1175 890 1291 952 μέσῳ
1331 891 1400 945 τὸν

160 962 303 1022 ἰσθμὸν
342 960 656 1024 ἐμφράττουσα,
699 960 871 1021 Μένδη,
914 959 1104 1024 'As-punc,
1146 958 1401 1024 Θραμὸηῒς,

163 1142 395 1199 Ἀμβρακίας
418 1142 519 1185 εἶναι
542 1144 656 1184 δοκεῖ
671 1143 841 1199 μάλιστα
865 1143 1041 1199 συνεχής·
1077 1143 1123 1184 τὸ
1155 1143 1268 1198 πέρας
1286 1140 1402 1194 αὗτῆς

156 1207 190 1247 δ’
224 1206 378 1262 ἔρχεται
408 1206 470 1249 ἐπὶ
487 1206 555 1248 τὀν
584 1206 760 1262 ποταμὸν
787 1206 970 1259 Πηνειὸν,
990 1206 1042 1255 ὡς
1066 1206 1210 1254 Φιλέας
1245 1206 1396 1262 γράφει,

156 1270 244 1325 ὄρος
257 1285 296 1311 τε
316 1270 541 1326 Μαγνήτων
565 1269 741 1325 Ὁμόλην
765 1269 1004 1324 κεκλημένον
1028 1268 1116 1325 (Cf.
1134 1268 1240 1325 Scyl.
1264 1270 1351 1322 §33
1364 1271 1393 1325 ).

154 1333 262 1382 Τινὲς
279 1334 320 1376 δὲ
342 1332 412 1386 τὴν
428 1334 660 1390 Μαγνησίαν
679 1336 747 1385 τῆς
773 1331 964 1380 Ἑλλάδος
977 1332 1158 1388 λέγουσιν
1184 1330 1304 1382 εἶναι,
1330 1333 1396 1374 τὸν

156 1395 198 1438 δὲ
225 1396 374 1439 Φιλίαν
407 1396 565 1453 ἇγνοεῖν
586 1395 903 1451 ἆποχωρίσαντα,
935 1398 1051 1437 τοῦτο
1073 1396 1107 1436 δ’
1134 1393 1236 1437 εἶναι
1256 1411 1400 1451 συμφα-

156 1458 216 1508 νὲς
235 1462 318 1509 τοῖς
330 1460 568 1516 ,φιλομαθεῖν
585 1459 754 1516 μάλιστα
772 1458 1121 1516 φιλοτιμουμένοις.
1146 1460 1210 1500 Ex
1232 1459 1296 1500 his
1325 1474 1399 1500 no-

157 1529 241 1563 stra
262 1521 602 1579 explicandaoese
622 1523 710 1579 ipse
723 1523 847 1564 etiam
863 1522 1021 1565 Gailius
1044 1523 1087 1563 in
1107 1530 1196 1563 not.
1222 1520 1275 1563 ad
1298 1523 1398 1563 Dio-

156 1599 248 1641 nys.
268 1586 465 1628 intellexit
486 1585 501 1642 (
519 1594 622 1627 tom.
640 1588 696 1637 Π,
713 1600 756 1642 p.
779 1589 856 1640 149
875 1594 916 1627 et
938 1588 1069 1639 200),
1094 1585 1166 1627 ubi
1186 1584 1313 1626 modo
1328 1600 1399 1642 ap·

156 1649 332 1703 positam
354 1650 598 1691 sententiam
619 1657 826 1691 retractat.
848 1650 980 1703 Igitur
998 1647 1137 1690 dicere
1155 1649 1305 1689 Noster
1325 1647 1399 1690 de-

155 1711 279 1753 bebat
299 1712 503 1754 Graeciam
523 1713 730 1768 pertinere
752 1726 882 1767 usque
900 1710 953 1753 ad
972 1711 1178 1753 Homolen
1194 1719 1395 1761 montem,

157 1774 236 1823 vel,
261 1783 307 1816 ut
329 1789 452 1831 supra
467 1775 611 1831 Scylax
629 1774 751 1826 dixit,
772 1790 903 1831 usque
921 1774 972 1816 ad
994 1773 1249 1830 adjacentem
1267 1776 1397 1815 monti

158 1836 303 1879 urbem
322 1837 579 1879 Homolium.
600 1838 831 1879 Nonnullos
847 1846 985 1879 tamen
1018 1836 1237 1878 excludere
1261 1836 1400 1878 litora-

154 1898 238 1941 lem
265 1900 485 1955 Magnesiae
501 1908 694 1942 tractum.
722 1899 802 1943 Sed
834 1900 1090 1956 probabilius
1109 1900 1217 1941 hanc
1232 1913 1399 1955 quoque

157 1975 274 2004 oram
301 1963 535 2005 universam
557 1963 716 2005 Helladi
746 1962 1044 2005 accensendam
1073 1977 1175 2004 esse.
1204 1963 1398 2005 Ceterum

156 2026 263 2068 mira
280 2025 368 2068 haec
383 2028 600 2069 sententia.
621 2027 686 2070 Cf.
713 2027 764 2069 fr.
790 2027 939 2069 Phileae
961 2035 1001 2068 et
1022 2026 1268 2068 Dicaearchi.

212 2092 316 2145 §67-
338 2088 386 2131 ‘ll
399 2105 421 2146 ρ
434 2090 573 2132 άκλει
584 2106 636 2132 ον
652 2092 667 2147 ]
686 2091 929 2133 Heracleum
944 2091 1068 2132 etiam
1089 2091 1231 2132 Livius
1242 2091 1396 2139 XLIV,

157 2153 209 2203 83
243 2152 444 2194 Hemclea
468 2153 625 2195 Plinius
646 2154 724 2204 IV,
761 2167 826 2208 17.
851 2154 938 2195 Sita
958 2152 1059 2194 urbs
1092 2151 1145 2194 ad
1179 2152 1328 2208 Aspilae
1354 2152 1396 2192 n.

156 2215 324 2263 ostium,
347 2230 460 2258 nunc
481 2216 745 2257 Platamona.
769 2223 854 2266 Ι-
871 2215 907 2256 Π
919 2215 940 2256 ύ
952 2216 974 2255 δ
987 2216 1072 2271 να]
1093 2215 1252 2256 Urbem
1268 2214 1400 2258 rebel·

155 2276 234 2318 lem
254 2278 430 2333 subegit,
452 2293 538 2320 non
561 2287 699 2321 tamen
722 2278 852 2320 diruit
873 2278 1088 2334 Philippus
1109 2278 1277 2334 Olymp.
1303 2278 1397 2329 105,

157 2341 198 2381 3.
238 2341 334 2384 358.
367 2342 511 2384 Paullo
545 2350 638 2397 post
672 2341 855 2384 Potidaea
879 2350 1013 2398 capta.
1040 2344 1056 2397 ΙΙ
1087 2366 1145 2373 -
1182 2341 1398 2394 Μεθώνη

162 2401 424 2461 Ἑλληνὶς]
458 2404 523 2446 Ab
553 2405 726 2445 Eretriis
758 2402 926 2446 condita
959 2419 1041 2446 sec.
1078 2403 1287 2445 Plutarch.
1312 2406 1398 2457 Qu.

156 2480 217 2518 gr.
238 2481 275 2506 c.
316 2479 359 2507 11
380 2482 392 2516 ;
412 2481 436 2507 a
463 2465 656 2522 Philippo
688 2466 775 2508 solo
802 2475 961 2522 aequata
989 2466 1056 2509 Ol.
1083 2470 1176 2517 106,
1213 2469 1254 2515 4.
1292 2467 1398 2516 353;

156 2537 296 2582 postea
343 2528 513 2570 fortasse
552 2537 795 2580 restaurata,
838 2545 970 2586 quum
1009 2531 1117 2571 inter
1148 2529 1402 2571 Macedoniae

158 2590 280 2631 urbes
310 2592 549 2633 nominetur
570 2606 637 2647 ap.
672 2592 865 2633 strabon.
890 2594 988 2642 VII,
1013 2606 1056 2647 p.
1081 2592 1176 2632 330.
1202 2592 1324 2632 Nunc
1344 2591 1400 2632 ibi

158 2651 538 2694 Eleuthero-Kleori.
564 2654 619 2693 V.
653 2653 788 2694 Leakc
813 2656 873 2697 Ν.
893 2656 967 2695 Gr.
1002 2654 1079 2702 111,
1100 2667 1142 2707 p.
1181 2653 1277 2702 435.
1304 2653 1320 2704 ll
1345 2677 1403 2685 —

164 2712 400 2770 Ἄλωρὸς]
442 2713 598 2770 Ἀλωρὶς
620 2714 767 2756 codex.
798 2715 863 2757 Cf.
898 2715 1047 2757 Strabo
1080 2717 1179 2765 VII,
1213 2729 1255 2770 p.
1294 2716 1397 2765 303;

158 2776 265 2817 Mela
299 2778 355 2826 11,
374 2778 414 2826 3,
458 2791 506 2828 1;
535 2778 692 2819 Plinius
724 2780 801 2828 IV,
838 2791 915 2833 ¹73
947 2779 1006 2819 St.
1032 2779 1128 2833 Byr..
1152 2792 1186 2819 s.
1209 2792 1249 2819 v.
1281 2778 1402 2819 Nunc

159 2838 412 2879 Pali-olcham
447 2852 578 2895 prope
608 2840 867 2895 Kapsoklmri
889 2855 971 2881 sec.
997 2839 1132 2881 Leake
1170 2839 1197 2880 l.
1235 2838 1262 2880 l.
1305 2841 1320 2893 ΙΙ
1346 2864 1403 2872 -

159 2901 368 2956 Λυδίας]
406 2901 556 2957 Lydias
597 2901 726 2955 (hod.
764 2902 996 2942 Kar-asmak
1034 2901 1096 2942 vel
1124 2903 1399 2954 Maumncm)

159 2977 243 3005 sec.
288 2962 548 3005 Herodotum
586 2965 685 3014 vn,
729 2977 805 3018 127
837 2965 879 3005 in
924 2964 1231 3005 Haliacmonem
1268 2966 1284 3016 (
1299 2963 1399 3005 hod.

163 3025 388 3079 Viseriza)
425 3025 585 3067 incidit.
627 3027 722 3067 Non
752 3027 806 3067 ita
826 3027 1012 3067 statuisse
1042 3024 1204 3066 videtur
1234 3026 1400 3081 Scylax,

161 3089 233 3145 qui
267 3088 414 3130 fluvios
438 3089 480 3130 in
510 3088 611 3130 alios
643 3102 687 3130 se
711 3089 858 3130 fluvios
893 3087 1155 3130 effundentes
1186 3102 1399 3144 nunquam

161 3159 381 3193 memorat:
414 3152 536 3193 Nunc
568 3150 720 3208 Lydias
755 3165 850 3193 cum
885 3150 1151 3193 Haliacmone
1183 3165 1267 3192 non
1305 3166 1402 3193 con-

161 3212 362 3269 greditur,
395 3213 467 3256 sed
490 3215 643 3256 ostium
662 3212 750 3269 ejus
775 3212 1048 3255 confunditur
1063 3227 1158 3255 cum
1175 3215 1282 3255 ostio
1309 3216 1402 3256 Axii

160 3277 293 3318 fluvii.
318 3278 460 3330 Quare
478 3275 716 3319 Herodotus
733 3278 887 3319 Axium
906 3290 1001 3318 cum
1018 3275 1286 3318 Haliacmone
1306 3291 1405 3318 con·

164 3338 317 3381 fudisse
331 3348 521 3382 censetur
547 3341 621 3394 (V.
646 3339 859 3395 Forbiger.
885 3342 1028 3393 Geogr.
1050 3340 1128 3390 111,
1157 3353 1200 3395 p.
1238 3339 1360 3395 1055)
1391 3353 1400 3380 z

165 3400 290 3455 idque
304 3401 517 3457 probabile
528 3417 627 3445 sane
640 3411 716 3445 est.
735 3404 1017 3458 Quamquam,
1035 3415 1166 3458 quum
1178 3409 1330 3443 terram
1351 3400 1405 3462 ⁸5¹

164 3463 267 3504 ostia
287 3463 435 3506 horum
453 3465 671 3507 fluminum
692 3474 895 3520 aggestam
911 3479 998 3507 oese
1015 3471 1190 3515 constet,
1210 3464 1406 3520 regioque

163 3524 378 3581 paludosa,
400 3526 575 3583 ideoque
598 3528 807 3570 alveorum
835 3529 1011 3570 mutatio
1038 3526 1242 3583 perfacilis
1264 3526 1403 3578 fuerit,

164 3585 371 3629 lubricum
404 3590 527 3630 etiam
559 3589 612 3631 de
634 3591 697 3631 his
729 3590 852 3632 rebus
881 3599 941 3632 est
966 3589 1188 3645 judicium.
1213 3589 1404 3631 Ceterum

165 3662 260 3706 quae
279 3650 390 3707 apud
423 3651 614 3693 Strabon.
640 3655 738 3703 vn,
762 3653 811 3694 fr.
837 3666 892 3695 20
905 3652 958 3694 ‹le
974 3652 1239 3694 Haliacmone
1263 3651 1405 3707 legun·

167 3721 252 3764 tur,
269 3721 408 3769 aperte
423 3713 519 3755 falsa
534 3723 645 3765 sunt,
671 3716 748 3756 nisi
769 3715 872 3757 forte
886 3714 992 3756 duos
1008 3715 1295 3757 Haliacmona
1309 3728 1406 3757 cum

166 3776 363 3819 Passovio
384 3775 513 3830 (Ind.
530 3777 660 3818 schol.
685 3779 866 3819 univers.
902 3778 1071 3819 Vratisl.
1103 3781 1205 3828 1824
1227 3780 1243 3832 )
1262 3776 1408 3819 distin·

167 3837 457 3893 guendosesse
478 3848 614 3896 putes.
638 3839 738 3881 Vid.
761 3841 987 3896 Cousincry
1020 3843 1064 3882 V
1061 3855 1182 3895 oyage
1204 3855 1251 3881 m
1270 3842 1408 3883 Mace·

167 3899 289 3943 dnicae
305 3902 342 3952 I,
359 3916 403 3959 p.
425 3905 505 3953 623
524 3901 660 3944 Iaeake
673 3904 732 3943 Ν.
755 3905 829 3945 Gr.
850 3904 927 3954 111,
945 3917 988 3959 p.
1007 3916 1111 3957 27ος
1127 3903 1241 3945 Tafcl
1265 3904 1329 3945 De
1343 3902 1409 3944 via

170 3964 342 4019 Egnatia
366 3978 409 4022 p.
446 3966 514 4007 51.
551 3966 620 4021 57.
650 3966 667 4019 ΙΙ
694 3989 752 3998 -
779 3965 944 4007 Πέλλα
982 3966 1165 4023 πόλις]
1204 3964 1410 4023 πολάγιλις

174 4025 327 4079 codex,
351 4042 434 4070 em.
458 4027 690 4071 Salmasius.
715 4027 781 4071 Cf.
802 4028 948 4071 Strabo
980 4029 1078 4081 vn,
1100 4028 1152 4071 fr.
1174 4041 1229 4072 20
1248 4043 1291 4086 p.
1326 4040 1408 4084 277

1049 163 1342 212 scrucis
1374 134 1836 218 cannuensis

2612 171 2706 235 (a.)
2738 256 2742 257 f

1527 280 1598 320 66.
1627 279 1906 322 Mac-nom.
1946 281 2042 322 Post
2075 281 2256 322 Peneum
2301 280 2474 321 nuvium
2517 280 2691 325 Macedo

1470 357 1574 388 num
1588 354 1780 402 μαῖαι,
1798 355 1841 388 ot
1857 347 1972 389 sinus
1987 348 2244 390 Thermaeus.
2305 349 2442 389 Prima
2457 347 2713 403 Macedonio,
2781 365 2782 368 ’

1470 412 1571 455 urbs
1598 422 1661 457 eat
1701 414 1962 466 nex-aelium
1994 414 2147 457 deinde
2187 417 2339 467 Dium,
2380 416 2522 472 Pydna
2567 417 2709 462 civitas
2743 430 2782 467 3

1470 481 1613 524 Grac-
1630 513 1643 533 ,
1666 482 1864 525 Methone
1890 482 1991 525 urbs
2009 484 2176 535 Graeoa,
2199 492 2242 526 et
2268 484 2510 527 Haliacmon
2534 486 2708 539 fluvius,
2749 484 2754 522 ᾉ
2765 489 2782 522 21.

1470 548 1622 591 Alorus
1636 549 1736 591 urbs
1748 558 1790 592 et
1811 551 1962 592 fluvius
1974 550 2140 614 Lydias,
2161 552 2270 595 Pella
2285 552 2384 595 urbs
2398 561 2438 594 et
2454 554 2563 607 regia
2583 554 2625 595 in
2644 567 2708 604 ea,
2753 534 2782 619 ’Ξ

1469 620 1766 676 navigaturque
1781 621 1824 662 in
1845 635 1936 663 eam
1962 634 2037 678 per
2057 621 2256 679 Lydiam3
2282 631 2370 665 tum
2390 624 2519 665 Axius
2542 624 2709 674 fluvius,
2776 616 2782 663 ἑ

1468 688 1711 731 Echedorua
1733 690 1899 742 fluvius,
1913 691 2096 733 Therma
2110 692 2226 743 urbs,
2244 693 2370 735 AEnea
2385 694 2527 735 civitas
2548 695 2709 745 Cum,

1469 755 1632 798 Pallene
1661 759 1998 813 promontorium
2028 759 2149 815 longe
2181 762 2223 803 in
2257 775 2371 803 mare
2401 763 2642 818 prominens
2670 771 2711 804 et

1470 825 1625 868 Graece
1648 827 1692 867 in
1710 827 1873 869 Pallene
1898 829 2084 871 civitates
2105 829 2168 872 ha!
2194 843 2204 871 :
2239 830 2420 874 Potidoea
2441 832 2638 874 isthmum
2667 834 2709 874 in

1473 893 1612 936 medio
1623 894 1858 947 obstruens,
1870 897 2040 949 Mende,
2059 898 2250 955 Aphytis,
2268 900 2528 952 Thrambeis,
2547 902 2709 953 Scione,

1473 962 1755 1004 Canastraeum
1779 978 1942 1006 sacrum
1967 964 2150 1007 Pallene·
2173 970 2524 1021 promontorium.
2584 971 2712 1012 Extra

2635 1083 2692 1090 --a

1473 1140 1540 1183 ed.
1561 1141 1689 1183 Didot
1712 1156 1721 1183 :
1755 1141 1800 1183 Ὅ
1816 1142 1856 1184 δὲ
1875 1144 2036 1193 Λουδίας
2050 1147 2066 1199 (
2082 1146 2141 1186 sic
2156 1160 2265 1187 unus
2288 1148 2466 1204 Strabo)
2487 1149 2537 1199 εἰς
2556 1150 2712 1194 Πέλλαν

1474 1204 1671 1247 ἀνάπλουν
1697 1204 1800 1261 ἔχων
1822 1207 1986 1248 σταδίων
2007 1207 2142 1250 ἑκατὸν
2166 1209 2231 1250 καὶ
2253 1208 2388 1252 εἴκοσι.
2413 1212 2587 1254 Vossius
2617 1227 2715 1256 con·

1470 1267 1571 1323 jecit
1595 1268 1706 1317 πόλις
1738 1268 1867 1325 Αἰγαί,
1905 1269 1956 1311 ad
1984 1285 2108 1327 quam
2132 1273 2267 1314 nullus
2300 1282 2361 1316 cst
2383 1273 2588 1324 ἀνάπλους.
2622 1278 2639 1331 ΙΙ
2659 1299 2715 1309 -

1473 1331 1622 1385 βασίλ
1637 1333 1775 1388 ειον]
1808 1352 1824 1368 ι
1851 1334 1942 1374 Hoc
1978 1335 2145 1390 respicit
2171 1334 2223 1376 ad
2245 1344 2405 1378 aetatem
2425 1337 2617 1394 Philippo
2639 1351 2713 1394 po-

1471 1396 1704 1446 steriorem,
1729 1410 1859 1451 quum
1883 1396 1935 1438 ab
1955 1396 2024 1438 illo
2049 1397 2244 1452 βασίλειον
2277 1399 2385 1441 Pella
2403 1399 2507 1442 facta
2532 1400 2669 1442 fuerit.
2693 1421 2710 1437 ι·

1470 1459 1596 1500 Gur..
1631 1462 1647 1513 ΙΙ
1673 1482 1731 1490 -
1753 1457 2056 1516 Ἐχέδωρος]
2082 1462 2208 1517 Δῶρος
2229 1461 2386 1514 codex;
2411 1477 2493 1504 em.
2525 1464 2712 1505 Vossius.

1470 1522 1525 1562 V.
1555 1520 1759 1563 Herodot.
1794 1523 1893 1573 VII,
1921 1526 1995 1573 124
2020 1523 2125 1577 (ubi
2149 1524 2314 1580 plurimi
2339 1524 2464 1567 codd.
2500 1526 2713 1582 Χείδωρος,

1470 1584 1590 1639 pauci
1617 1582 1850 1640 Ἐχείδωρος
1865 1587 1898 1639 );
1917 1585 2159 1627 Ptolemaeus
2175 1589 2252 1637 111,
2273 1588 2319 1628 13
2336 1603 2347 1637 ;
2366 1589 2503 1644 Etym.
2523 1590 2581 1629 M.
2600 1603 2634 1630 s.
2654 1604 2713 1640 ν.;

1471 1645 1716 1702 Apollodor.
1734 1649 1791 1699 11,
1815 1648 1854 1697 5,
1879 1661 1893 1689 1
1907 1662 1942 1689 1.
1961 1649 2083 1690 Nunc
2098 1649 2274 1691 Gallico.
2297 1649 2431 1691 Lcake
2450 1653 2527 1701 111,
2548 1666 2590 1707 p.
2614 1653 2710 1708 439.
2744 1700 2748 1704 ,

1471 1708 1701 1765 Cousinery
1722 1711 1758 1760 1,
1780 1723 1823 1765 p.
1847 1710 1915 1751 38.
1942 1710 1958 1763 ΙΙ
1977 1734 2034 1742 -
2050 1710 2214 1767 Θέρμη
2233 1712 2266 1767 ],
2285 1726 2308 1753 a
2330 1712 2562 1755 Cassandro
2582 1714 2714 1756 Thes·

1471 1770 1650 1813 salonica
1671 1771 1954 1823 denominata,
1976 1774 2037 1814 uti
2054 1782 2230 1815 constat.
2254 1778 2270 1829 Η
2297 1799 2353 1806 -
2380 1776 2409 1815 Α
2423 1774 2466 1815 ἴν
2481 1790 2557 1817 εια
2573 1777 2588 1832 ]
2607 1777 2717 1819 ἅνεια

1470 1848 1612 1890 apogr.
1631 1836 1823 1877 Vatioan.
1845 1835 1909 1877 Cf.
1931 1837 2133 1892 Scymnus
2149 1839 2245 1879 628.
2267 1837 2424 1879 Urbem
2446 1838 2499 1879 ab
2517 1839 2643 1882 AEnea
2658 1839 2716 1882 ibi

1472 1905 1640 1938 mortuo
1662 1912 1814 1939 nomen
1839 1907 2000 1940 nactam
2021 1898 2123 1940 dicit
2140 1900 2287 1941 Theon
2311 1914 2379 1956 ap.
2397 1901 2538 1957 Steph.
2557 1903 2654 1958 Byz.
2672 1918 2712 1946 v.

1471 1957 1618 2001 Αἴνεια.
1656 1962 1899 2002 Mannertus
1935 1963 2040 2012 VII,
2074 1966 2155 2011 466
2187 1978 2211 2004 a
2241 1962 2468 2005 Corinthiis
2504 1965 2716 2008 conditam

1472 2021 1631 2075 dicens,
1650 2023 1817 2067 laudato
1828 2026 2008 2082 Scymno
2022 2025 2050 2067 l.
2075 2025 2122 2076 1.,
2139 2040 2231 2082 quae
2248 2025 2302 2067 de
2316 2025 2498 2068 Potidoea
2515 2028 2717 2084 Scymnus

1472 2087 1623 2139 habet,
1646 2086 1701 2130 ad
1731 2088 1894 2130 AEniam
1918 2088 2141 2130 transtulit.
2174 2090 2190 2142 ΙΙ
2221 2112 2278 2121 -
2296 2089 2576 2147 Ποτίδαια]
2606 2093 2717 2135 Urbs

1472 2150 1560 2191 solo
1580 2159 1755 2207 mquam,
1780 2165 1958 2207 agerque
1987 2150 2196 2207 Olynthiis
2216 2150 2338 2193 datus
2357 2151 2524 2209 Olymp.
2552 2155 2644 2206 105,
2672 2158 2714 2206 4.

1475 2214 1572 2268 357.
1597 2215 1653 2255 V.
1677 2214 1948 2256 Demosthen.
1968 2228 2012 2270 p.
2031 2228 2072 2269 7.
2097 2227 2162 2269 ¹9·
2182 2228 2252 2269 70.
2271 2215 2379 2267 6563
2399 2214 2575 2258 Diodor.
2597 2218 2715 2272 XVI,

1475 2278 1516 2327 8,
1543 2279 1592 2326 4;
1611 2275 1760 2317 Strabo
1777 2278 1875 2328 VII,
1900 2275 1952 2318 fr.
1978 2276 2048 2318 25.
2073 2276 2089 2329 ΙΙ
2110 2300 2168 2309 -
2185 2276 2383 2334 Μένδη]
2406 2277 2534 2321 Μίνδυ
2555 2279 2715 2333 oodex;

1472 2353 1554 2380 cm.
1577 2339 1848 2381 Hoeschclius.
1870 2339 2001 2393 Μένδη
2018 2340 2141 2381 etiam
2158 2339 2360 2382 Herodot.
2375 2341 2473 2391 vn,
2496 2342 2590 2394 123,
2602 2343 2719 2386 ‘rbu-

1473 2400 1567 2457 cyd.
1603 2403 1681 2454 IV,
1707 2417 1748 2457 7,
1789 2402 1966 2444 Diodor.
2006 2403 2105 2453 XII,
2130 2415 2200 2457 72,
2237 2402 2386 2445 Strabo
2413 2404 2511 2455 vn,
2545 2403 2598 2447 fr.
2637 2418 2716 2462 273

1472 2464 1669 2519 stephan.
1694 2478 1728 2505 s.
1765 2478 1824 2516 v.;
1856 2464 1996 2513 Μένδις
2025 2463 2268 2520 Apollodor.
2293 2479 2360 2521 ap.
2398 2466 2460 2509 St.
2489 2466 2586 2523 Byz.
2616 2466 2644 2509 1.
2669 2467 2716 2520 1.,

1475 2527 1616 2567 Livius
1634 2528 1794 2578 XXXI,
1818 2527 1894 2578 l,5;
1931 2528 2079 2569 Μένδαι
2111 2541 2178 2583 ap.
2208 2529 2383 2570 Pausan.
2408 2530 2465 2579 V,
2493 2542 2559 2580 10,
2583 2542 2653 2585 27,
2676 2539 2718 2573 et

1475 2588 1581 2629 Plin.
1607 2590 1685 2640 IV,
1716 2603 1786 2644 27.
1821 2590 1907 2631 Sita
1928 2588 2028 2630 urbs
2063 2589 2105 2629 in
2138 2603 2211 2630 ora
2230 2588 2473 2632 occidentali
2504 2590 2715 2644 Pallenes,

1474 2649 1586 2691 haud
1614 2650 1735 2705 longe
1753 2665 1777 2692 a
1804 2664 1941 2706 prom.
1966 2650 2150 2692 Posidio.
2186 2652 2241 2692 V.
2278 2650 2413 2693 Leake
2434 2652 2511 2702 111,
2542 2666 2583 2708 p.
2621 2654 2714 2696 156.

1478 2715 1494 2766 ΙΙ
1516 2736 1574 2743 -
1594 2712 1666 2768 ”Ap
1683 2714 1809 2769 υτις]
1834 2713 2006 2768 Ἄφυστις
2022 2711 2177 2762 codex3
2196 2727 2277 2753 em.
2298 2712 2502 2755 Hoeschcl.
2516 2715 2583 2756 Sic
2593 2716 2717 2758 ctiam

1473 2773 1704 2826 Herodot.;
1734 2774 1927 2831 Thucyd.
1962 2777 1998 2827 1,
2030 2778 2105 2825 64;
2129 2774 2276 2816 Strabo
2304 2776 2401 2827 VII,
2427 2774 2478 2817 fr.
2504 2789 2580 2832 275
2610 2779 2717 2821 Pau·
2780 2827 2782 2831 f

1474 2850 1561 2877 san.
1584 2839 1660 2888 111,
1691 2840 1756 2887 18,
1779 2837 1826 2887 3;
1859 2836 2067 2879 Plutarch.
2093 2838 2190 2892 Lys.
2219 2850 2296 2887 20;
2317 2838 2375 2878 St.
2401 2838 2497 2894 Byz.
2534 2851 2545 2880 ε
2582 2837 2716 2895 Ἄφῦτη
2775 2886 2782 2901 ³

1474 2899 1497 2950 ἢ
1518 2898 1663 2954 Ἄφυτις
1682 2900 1706 2952 ἢ
1728 2900 1898 2955 Ἄφυτος.
1919 2899 1984 2941 Cf.
2003 2898 2172 2941 Eckhel.
2194 2902 2246 2941 D.
2273 2901 2324 2941 N.
2344 2901 2378 2950 Ι,
2397 2913 2422 2941 2
2437 2914 2480 2956 p.
2507 2903 2576 2944 68.
2597 2902 2719 2947 Nunc

1475 2961 1633 3016 Athy-10
1664 2976 1745 3003 sec.
1781 2961 1915 3003 Leake
1934 2963 2011 3012 111,
2036 2975 2079 3018 p.
2110 2963 2203 3003 156.
2240 2962 2366 3015 Quod
2382 2963 2415 3003 si
2449 2971 2559 3005 recte
2577 2963 2716 3018 habet,
2762 3010 2764 3014 ,

1475 3023 1651 3079 Aphytis
1684 3033 1779 3066 ante
1815 3022 2010 3066 Mcndam
2042 3022 2295 3066 nominanda
2324 3033 2439 3076 erat,
2468 3026 2589 3068 sicuti
2619 3041 2717 3072 mox

1474 3086 1596 3126 etiam
1626 3087 1773 3128 Scione
1789 3094 1884 3127 ante
1900 3085 2129 3127 Trambum
2170 3085 2365 3141 ponenda
2393 3085 2517 3130 fuisse
2537 3087 2714 3134 videtur.
2758 3096 2760 3103 “

1475 3146 1555 3188 Alii
1578 3147 1760 3204 Aphytin
1778 3149 1818 3189 in
1835 3162 1907 3189 ora
1942 3145 2127 3187 orientali
2164 3147 2345 3191 Pallenes
2362 3148 2578 3203 collocant,
2603 3151 2719 3209 quod
2757 3181 2760 3184 ·

1477 3210 1573 3250 item
1600 3224 1622 3251 a
1652 3211 1756 3252 serie
1779 3211 2013 3261 nominum,
2048 3224 2172 3265 quam
2192 3211 2378 3267 Periplus
2400 3210 2540 3264 habet,
2564 3211 2718 3258 discm-
2754 3262 2759 3270 ἶ

1476 3281 1559 3327 pat.
1590 3275 1681 3325 11-
1709 3273 1984 3329 θραμὸηίς]
2017 3274 2196 3329 θράμὸος
2222 3274 2298 3330 legi
2324 3274 2455 3317 voluit
2483 3276 2656 3319 Vossius
2691 3291 2718 3320 e

1475 3335 1683 3391 Stephano
1708 3349 1717 3377 :
1737 3337 1930 3392 θράμὸος,
1955 3336 2194 3393 ἀκρωτήριον
2219 3337 2471 3386 Μακεδονίας·
2492 3338 2537 3380 τὸ
2559 3338 2716 3383 τοπικδν
2756 3351 2757 3354 ’

1476 3397 1754 3454 θραμὸοόσιος.
1791 3400 2058 3456 Lycophron.
2096 3399 2201 3450 1405
2236 3412 2246 3441 :
2271 3399 2540 3456 θραμὸοόσιον
2570 3399 2714 3459 ὃιίραν.
2747 3426 2751 3427 ’

1476 3460 1712 3503 Herodotus
1736 3463 1833 3513 VII,
1863 3464 1939 3504 123
1963 3462 2156 3518 empse»
2174 3461 2319 3504 urbem
2353 3462 2535 3506 Pallenoe
2560 3477 2717 3509 memo·

1476 3532 1554 3566 rat.
1577 3525 1728 3566 Nostro
1746 3540 1911 3581 quoque
1925 3525 2018 3568 loco
2038 3525 2182 3568 cadem
2206 3524 2307 3567 urbs
2325 3526 2587 3582 intelligenda
2607 3526 2718 3572 vide·
2755 3522 2778 3584 μμ

1476 3595 1561 3638 tur,
1584 3601 1833 3643 quamquam
1871 3589 1957 3629 lieri
1987 3588 2110 3630 etiam
2141 3595 2291 3644 potest,
2322 3595 2368 3630 ut
2389 3587 2588 3645 θραμὸηὶς
2620 3589 2717 3647 ἄκρα
2766 3606 2782 3645 ⁷.

1475 3650 1530 3692 sit
1562 3649 1853 3706 supplendum.
1891 3650 2094 3702 Leakius,
2139 3649 2388 3705 Forbigerus
2421 3659 2462 3693 et
2496 3652 2716 3710 Kiepertus

1478 3711 1623 3754 urbem
1640 3713 1842 3755 collocant
1861 3712 1912 3755 ad
1929 3714 2209 3755 Canastraeum
2225 3714 2558 3768 promontorium
2573 3729 2586 3766 ς
2602 3713 2715 3771 quod

1478 3789 1608 3832 quum
1638 3777 1679 3817 in
1699 3777 1966 3832 sequentibus
1984 3777 2071 3832 ipse
2097 3776 2220 3818 etiam
2240 3774 2382 3831 Scylax
2400 3784 2711 3827 commemoret.
2754 3812 2760 3820 .

1479 3839 1718 3895 interposita
1742 3841 1889 3882 Scione
1908 3838 2028 3890 urbe,
2048 3837 2210 3880 admitti
2233 3837 2321 3879 hoec
2335 3839 2536 3880 sententia
2553 3838 2620 3880 vix
2641 3846 2715 3894 ροὲ

1478 3910 1571 3944 test.
1598 3904 1731 3943 Immo
1755 3902 1861 3944 ordo
1880 3900 2178 3957 geographicus
2209 3899 2387 3957 postulat
2410 3908 2457 3943 ut
2481 3895 2715 3943 Thr-mbas

1478 3964 1731 4007 occidentale
1742 3967 1793 4006 sit
1808 3964 1990 4007 Pallenes
2004 3964 2353 4020 promontorium,
2369 3959 2680 4018 idemquequod
2690 3975 2714 4004 a

1479 4027 1633 4084 templo
1660 4028 1859 4085 Neptuni,
1880 4035 1927 4069 ut
1945 4024 2123 4076 videtur,
2146 4024 2412 4082 Thucydide·
2429 4025 2506 4076 tv,
2533 4034 2610 4078 129
2629 4021 2710 4065 Πο-
