2808 4342
0 0 39 275 ἐ
85 149 250 244 (ιν-με’.)

35 571 56 601 5
79 558 202 621 φέρει.

83 285 154 331 καὶ
173 286 396 348 κάθυγρος,
420 283 571 346 ἔχουσα
594 282 805 342 ποταμοὺς
826 285 866 328 ἐν
896 287 1002 347 αὑτῇ
1027 285 1097 330 καὶ
1116 287 1316 347 κροκοδεί·

83 355 176 406 λους
195 354 264 399 καὶ
281 353 440 414 ἐχίδνας
459 351 655 402 πλείστας
672 350 743 396 καὶ
757 352 910 414 σαύρας
928 354 1239 415 ὑπερμεγέθεις,
1259 348 1315 399 ὧν

82 422 127 468 τὸ
152 423 273 484 κρέας
301 420 478 466 ἐσθίουσι
501 420 545 465 τὸ
565 419 607 464 δὲ
631 418 747 471 λίπος
770 419 940 476 τήκουσι
963 423 1035 467 καὶ
1066 425 1153 468 ἀντ’
1177 423 1314 468 ἐλαίου

39 498 42 501 ’
81 494 274 554 χρῶνται·
292 488 448 550 καρπὸν
469 487 511 533 δὲ
534 488 625 547 οὔτε
646 488 830 548 ἀμπέλου
853 489 945 535 οὔτε
969 491 1122 537 σιτικὸν
1146 495 1172 547 ἡ
1197 496 1316 548 νῆσος

269 558 323 603 Οἱ
343 557 377 602 δ’
395 559 640 608 ἐνοικοῦντες
656 557 783 613 αὐτὴν
802 558 930 618 ὀλίγοι
946 559 1055 605 κατὰ
1073 560 1170 620 μίαν
1189 562 1314 606 πλευ-

79 625 151 690 ρὰν
164 629 235 681 τῆς
250 625 372 681 νήσου
387 625 461 682 τὴν
474 626 574 689 πρὸς
590 627 825 689 ἀπαρκτίαν
845 630 1017 686 οἰκοῦσι,
1037 629 1127 675 καθ’
1151 629 1172 675 ὃ
1194 630 1315 692 μέρος

37 713 43 720 ·
78 694 306 740 ἀποὸλέπει
328 694 401 751 τὴν
425 695 606 758 ἤπειρον·
631 695 711 740 εἷσὶ
739 695 781 741 δὲ
808 697 982 750 ἐπίξενοι
1007 698 1079 744 καὶ
1104 698 1314 759 ἐπίμικτοι

73 762 261 826 Ἀράὸων
293 783 336 809 τε
372 763 442 810 καὶ
465 764 606 811 Ἰνδῶν
642 764 713 815 καὶ
749 764 810 810 ἔτι
847 765 1058 823 Ἑλλήνων
1096 770 1176 812 τῶν
1213 767 1316 832 πρὸς

78 834 275 897 ἐργασίαν
300 832 570 880 ἐκπλεόντων.
640 833 772 897 Φέρει
790 834 832 880 δὲ
854 840 880 890 ἡ
901 839 1020 891 νῆσος
1035 836 1219 899 χελώνην
1238 837 1314 894 τήν

15 921 54 952 io
76 921 119 948 τε
144 902 338 959 ἀληθινὴν
362 902 432 947 καὶ
448 901 649 964 χερσαίαν
673 904 744 948 καὶ
760 902 834 959 τὴν
853 903 1026 961 λευκὴν,
1048 905 1244 962 πλείστην
1268 922 1314 956 τε

76 971 147 1016 καὶ
180 971 370 1033 διάφορον
403 978 484 1023 τοῖς
512 971 726 1034 ὀστράκοις
755 972 937 1032 μείζοσι,
964 974 1038 1029 τήν
1074 994 1117 1020 τε
1153 976 1312 1037 ὀρειψὴν

48 1089 53 1094 ,
76 1041 335 1103 ὑπερμεγέθη
356 1040 426 1086 καὶ
449 1041 688 1103 παχύτατον
723 1042 922 1105 ὄστρακον
951 1043 1152 1105 ἔχουσαν,
1180 1038 1228 1090 οἷ
1257 1044 1310 1091 τὰ

74 1109 188 1172 παρὰ
221 1109 296 1165 τὴν
325 1109 482 1156 κοιλίαν
519 1110 623 1173 μέρη
667 1111 740 1171 μὲν
776 1113 909 1173 τομὴν
941 1115 1014 1158 οὐκ
1045 1114 1310 1175 ἐπιδέχεται,

75 1179 223 1240 καίπερ
249 1178 492 1242 στερρότερα
515 1178 628 1225 ὄντα·
651 1181 848 1233 ὃλοτελῶς
869 1180 909 1226 δὲ
930 1181 982 1226 τὰ
1002 1183 1310 1244 εὖχρηστοῧντα

10 1267 47 1296 15
75 1251 131 1300 εἷς
155 1250 431 1309 γλωσσόκομα
455 1248 526 1293 καὶ
549 1249 759 1295 πινακίδια
777 1250 847 1295 καὶ
871 1251 1044 1312 μαγίδια
1063 1251 1135 1296 καὶ
1159 1252 1299 1297 τοιαύ-

74 1336 148 1372 την
171 1318 263 1363 τινὰ
296 1318 447 1380 γρύτην
483 1318 801 1378 κατατέμνεται.
867 1319 1032 1366 Γίνεται
1063 1319 1168 1365 δὲέν
1204 1323 1308 1382 αὐτῇ

69 1387 145 1432 καὶ
183 1387 399 1448 κιννοίὸαρι
436 1386 482 1432 τὸ
505 1387 723 1448 λεγόμενον
758 1389 954 1447 Ἰνδικὸν,
991 1388 1071 1434 ἀπὸ
1107 1393 1188 1435 τῶν
1219 1390 1309 1435 δέν-

73 1457 177 1517 δρων
202 1458 254 1507 ὡς
275 1456 403 1518 δάκρυ
429 1456 720 1517 συναγόμενον.

130 1541 190 1570 31.
227 1524 478 1572 εΥποπίπτει
520 1524 594 1584 μὲν
631 1518 723 1582 οὖν,
745 1525 877 1589 ὥςπερ
919 1531 944 1582 ἡ
970 1526 1132 1580 Ἀζανία
1172 1530 1307 1589 Χαρι-

8 1579 50 1641 ao
74 1592 199 1650 ὅαῆλι
223 1593 293 1639 καὶ
316 1597 374 1654 τῷ
395 1592 648 1656 Μαφαρείτῃ
680 1594 866 1657 τυράννῳ
881 1629 894 1651 ,
921 1595 992 1641 καὶ
1013 1599 1038 1651 ἡ
1056 1599 1177 1650 νῆσος
1196 1599 1308 1658 αὐτῷ

70 1665 129 1725 τῷ
170 1664 335 1724 βασιλεῖ
371 1667 445 1717 τῆς
484 1662 832 1725 λιὸανωτοφόρου.
900 1664 1218 1725 Συνεχρήσαντο
1265 1666 1307 1710 δὲ

71 1733 176 1794 αὐτῇ
208 1731 277 1777 καὶ
302 1732 383 1777 ἀπὸ
409 1731 554 1784 Μούζα
591 1731 696 1783 τινὲς
730 1732 800 1777 καὶ
834 1735 914 1777 τῶν
946 1733 1200 1777 ἐκπλεόντων
1225 1733 1308 1780 ἀπὸ

69 1803 301 1862 Λιμυρικῆς
323 1803 392 1845 καὶ
417 1802 670 1863 Βαρυγοίζων
693 1801 780 1846 ὅσοι
804 1801 911 1846 κατὰ
942 1801 1071 1863 τύχην
1101 1805 1154 1853 εἷς
1179 1803 1307 1857 αὐτὴν

70 1870 360 1921 ἐπιὸάλλοντες
383 1869 530 1931 ὅρυζάν
554 1889 597 1916 τε
621 1870 692 1915 καὶ
723 1877 832 1916 σῖτον
857 1870 928 1915 καὶ
955 1871 1098 1926 ὀθόνην
1125 1872 1306 1926 Ἰνδικὴν

68 2079 173 2118 inest
201 2078 436 2118 Sabaeorum
470 2078 598 2129 νήσοις
618 2077 846 2133 εὐδαίμοσι,
883 2079 925 2118 in
959 2093 1060 2132 quas
1098 2095 1147 2119 ex
1187 2081 1307 2120 India

70 2155 194 2181 naves
208 2140 409 2195 appellere
428 2140 601 2180 tradidit
615 2140 938 2193 Agatharchides
953 2144 973 2192 S
994 2143 1087 2190 103,
1104 2142 1175 2181 ubi
1198 2143 1304 2182 vide.

43 2227 47 2230 >
68 2204 260 2244 Ceterum
277 2202 397 2242 adeas
414 2201 711 2244 Wellstedium
727 2233 737 2251 ,
763 2203 843 2242 lee
864 2202 1004 2241 island
1020 2203 1248 2255 ofSocotra
1263 2206 1306 2243 in

70 2266 215 2306 Asiat.
237 2267 381 2305 Ioum.
403 2263 632 2317 ofBengal.
651 2271 682 2303 t.
697 2265 774 2313 IV,
787 2278 832 2318 p.
852 2264 929 2304 138
947 2278 1057 2318 sqq.;
1079 2265 1249 2306 Travels
1266 2275 1307 2305 to

71 2328 136 2367 the
154 2327 240 2381 city
252 2325 307 2380 of
322 2326 386 2366 the
407 2325 574 2381 Caliphs
588 2333 621 2366 t.
641 2327 699 2375 H,
721 2339 764 2380 p.
790 2327 870 2366 288
901 2333 942 2365 et
969 2326 1148 2366 Memoir
1164 2341 1214 2366 on
1239 2328 1304 2367 tlte

71 2388 138 2429 isl.
173 2388 227 2441 Of
245 2392 412 2429 Socotra
434 2388 478 2427 in
505 2387 682 2428 Journal
707 2386 761 2440 of
782 2387 847 2427 the
866 2386 1033 2428 London
1059 2397 1196 2440 geogr.
1220 2404 1303 2430 soc.

73 2451 196 2500 1835,
215 2458 246 2490 t.
271 2451 327 2500 V,
345 2464 388 2505 p.
422 2451 516 2503 198.
541 2450 557 2503 ΙΙ
571 2473 629 2479 --
646 2462 684 2488 1.
701 2464 722 2488 κ
737 2450 877 2503 ροκοδ
892 2464 908 2489 ε
924 2449 1030 2489 ίλου
1044 2451 1090 2506 ς]
1113 2451 1307 2491 Similiter

68 2514 112 2553 in
127 2511 395 2553 Menuthiade
413 2510 642 2552 crocodilos
657 2525 743 2551 esse
758 2519 903 2552 auctor
912 2512 1051 2552 nescio
1074 2527 1159 2567 quo
1168 2527 1307 2554 errore

67 2575 173 2615 dixit
199 2578 220 2627 S
258 2575 326 2616 30.
361 2575 377 2628 ΙΙ
411 2597 468 2606 -—
492 2576 534 2622 4.
568 2572 592 2612 ἀ
608 2573 820 2628 μπέλου]
856 2573 1029 2629 ἄμπελον
1068 2574 1182 2625 cod.;
1221 2590 1304 2618 em.

67 2636 280 2687 Stuckius‚
315 2637 386 2691 qui
408 2634 559 2676 deinde
577 2643 726 2690 praeter
748 2637 1032 2677 necessitatem
1054 2638 1219 2692 scripsit
1242 2638 1300 2678 σί-

68 2715 149 2741 του.
191 2700 206 2754 Η
228 2723 286 2730 -
318 2713 359 2753 7.
394 2697 644 2752 ἐπίμικτοι
687 2696 830 2752 Ἀράδ
845 2700 936 2754 ων]
961 2700 1059 2753 Leg.
1084 2698 1171 2740 vid.
1198 2699 1302 2756 ἐπιμ.

69 2761 106 2809 ἐξ
126 2760 306 2816 Ἀράῧων.
332 2760 348 2813 Η
383 2782 437 2791 ——
469 2761 509 2800 8.
527 2759 605 2799 καὶ
636 2758 708 2799 ἔτι
744 2758 1035 2815 εΕλλήνων]
1067 2761 1142 2802 sic.
1167 2761 1303 2811 editt.;

67 2825 132 2865 καί
149 2838 235 2864 τινα
258 2821 461 2874 Ἑλλήνων
486 2821 615 2862 codex
632 2853 642 2871 ‚
666 2822 736 2876 qui
752 2821 865 2862 haud
879 2823 964 2863 scio
981 2838 1033 2864 an
1049 2822 1226 2864 voluerit
1243 2826 1308 2865 καί

67 2903 104 2928 τι
146 2885 220 2943 μὴν
263 2884 484 2936 Ἑλλήνων.
535 2902 550 2923 »
591 2887 927 2927 BERNHARDYUS.
965 2888 1027 2927 De
1065 2887 1220 2931 Graecis
1262 2888 1307 2928 in

6 2941 11 2945 ⁸
67 2951 236 2991 Socotra
265 2947 318 2989 cf.
344 2949 513 2989 Cosmas
532 2946 698 3002 Indopl.
719 2962 764 3002 p.
794 2950 870 3002 178
891 2961 901 2989 :
927 2945 1095 3003 Ὁμοίως
1113 2948 1180 2989 καὶ
1199 2948 1236 2990 ἐν
1257 2952 1307 3006 τῇ·

70 3012 174 3068 νήσῳ
202 3013 251 3067 τῇ
273 3011 492 3066 καλουμένῃ
522 3008 786 3065 Διοσκορίδους
820 3009 918 3051 κατὰ
936 3010 981 3051 τὶ)
1014 3010 1106 3051 αὐτὸ
1141 3010 1303 3053 Ἰνδικὸν

67 3075 232 3129 πέλαγος
266 3075 354 3127 (sc.
384 3074 619 3127 Χριστιανῶν
645 3072 828 3124 ἐκκλησία
856 3072 1012 3129 ἐστίν),
1051 3072 1142 3114 ἔνθα
1172 3074 1238 3114 καὶ
1267 3075 1304 3115 οἵ

68 3139 336 3191 παροικοῦντες
365 3134 593 3187 Ἑλληνιστὶ
620 3134 800 3184 λαλοῦσι,
841 3136 1017 3190 πάροικοι
1046 3141 1122 3177 τῶν
1156 3136 1323 3177 Hwks?

72 3199 193 3253 μαίων
220 3202 295 3238 τῶν
316 3197 411 3252 μετὰ
438 3197 680 3252 Ἀλέξανδρον
698 3197 764 3238 τὸν
797 3197 1004 3239 Μακεδόνα
1029 3198 1300 3254 ἐπαρχόντων,

71 3260 136 3302 καὶ
153 3260 328 3316 κληρικοί
344 3260 437 3302 εἰσιν
467 3261 507 3302 ἐκ
525 3261 708 3315 Περσίδος
726 3262 1065 3317 χειροτονούμενοι
1080 3262 1145 3303 καὶ
1160 3264 1305 3318 πεμπό-

75 3337 183 3378 μενοι
199 3322 236 3364 ἐν
252 3325 334 3370 τοῖς
351 3322 498 3364 αὖτόθι.
520 3323 583 3364 Cf.
607 3322 793 3363 Edrisius
811 3326 846 3374 I,
867 3338 910 3379 p.
935 3326 1004 3374 48,
1030 3325 1101 3378 qui
1126 3324 1304 3366 fabulam

72 3385 124 3425 de
144 3384 377 3425 Alexandro
402 3385 534 3425 thuris
563 3399 684 3425 causa
703 3385 855 3425 Arabia
876 3387 1009 3440 potito
1037 3386 1231 3427 transfert
1251 3387 1304 3428 ad

75 3449 313 3487 Socotoram
328 3477 339 3496 ,
358 3461 481 3500 quam
495 3455 665 3501 propter
675 3448 953 3500 provenientis
967 3448 1023 3488 ibi
1036 3449 1143 3489 aloes
1154 3449 1304 3504 *plantae

72 3507 348 3562 praestantiam
370 3507 617 3557 Alexander,
639 3521 764 3547 suasu
786 3509 1014 3549 Aristotelis
1027 3541 1037 3558 ‚
1063 3511 1217 3551 Graecis
1235 3526 1304 3552 co-

73 3568 178 3608 lonis
196 3566 504 3620 frequentasset,
526 3567 604 3608 alio
623 3567 819 3607 traductis
833 3568 1051 3622 indigenis.
1071 3572 1227 3611 Mirum
1246 3580 1306 3612 est

74 3630 182 3671 aloes
200 3628 451 3668 mentionem
467 3628 577 3683 apud
591 3630 788 3669 Nostrum
804 3628 1042 3671 desiderari.
1059 3633 1219 3673 Locum
1237 3635 1303 3674 in-

74 3691 170 3733 sulae
179 3691 468 3744 cognominem
477 3690 867 3732 habetPtolemaeus.
886 3692 903 3747 ΙΙ
915 3716 972 3723 -
983 3706 1049 3734 10.
1065 3693 1152 3735 πλε
1164 3695 1175 3734 ί
1182 3710 1235 3737 στ
1245 3712 1268 3749 η
1283 3712 1301 3738 ν

74 3755 152 3809 τε]
169 3753 237 3795 πλ.
259 3752 300 3793 δὲ
318 3751 413 3793 cod.
436 3753 453 3807 ss
475 3766 611 3794 —11.
635 3754 748 3801 τοῖς
763 3752 1055 3810 ὀστράκοις]
1073 3756 1301 3810 siccodex3

74 3815 139 3856 καὶ
167 3817 248 3863 τοῖς
262 3814 460 3870 ὀστράκοις
476 3814 614 3868 vulgo.
634 3815 924 3872 Bernhardyus
938 3817 1029 3872 ejici
1048 3819 1134 3860 vult
1158 3835 1198 3862 v.
1223 3823 1305 3877 μεί-

75 3880 173 3926 ζοσι.
197 3879 213 3932 ll
239 3902 295 3909 —
316 3890 382 3918 12.
405 3876 546 3918 Codex
561 3877 618 3918 ita
633 3877 756 3918 habet
778 3891 788 3918 :
807 3874 852 3918 οῧ
872 3878 920 3920 τὰ
949 3879 1050 3936 παρὰ
1067 3879 1138 3933 τὴν
1155 3884 1304 3925 κοιλίαν

76 3942 167 3996 μέρη
188 3940 253 3996 μὲν
271 3941 288 3994 (
305 3939 371 3997 μὲν
394 3939 513 3981 editt.
528 3938 638 3996 om.)
659 3939 707 3981 τὰ
726 3939 824 3996 (ἐγ)
840 3956 870 3996 χ
873 3941 1038 3997 ρήζοντα
1059 3943 1073 4001 (
1091 3948 1305 4001 expunctis

74 4004 152 4045 litt.
172 4003 215 4061 ἐγ
235 4005 252 4058 )
284 4000 407 4060 τομὴν
431 4002 500 4044 οὖν.
530 4000 744 4058 ἐπιδέχεται
762 4002 828 4045 καὶ
853 4005 1062 4062 πυρρότερα
1081 4007 1186 4049 ὄντα·
1218 4009 1307 4050 ὁλο-

886 181 1180 230 PERlPLUS
1221 186 1412 233 MARis
1446 189 1806 239 EiiYTHRAEi„

2523 217 2606 257 281

1384 296 1497 350 (fiere
1511 297 1544 354 ),
1561 299 1679 354 aquis
1696 300 1913 342 abundans
1926 333 1938 352 ,
1968 303 2116 343 fluvios
2135 304 2289 346 habens
2311 323 2357 348 ac
2385 314 2614 356 crocodilos

1383 373 1424 406 et
1441 365 1600 421 viperas
1628 367 1826 422 plurimas
1858 377 1899 410 et
1919 369 2088 411 lacertas
2119 374 2377 426 praegrandes
2391 407 2402 425 ,
2435 393 2612 432 quarum

1383 446 1507 474 carne
1545 443 1782 486 vescuntur,
1819 436 2115 491 pinguedinem
2154 453 2250 479 vero
2282 442 2532 497 colliquefaci
2540 459 2614 491 unt

1382 513 1512 554 eaque
1534 502 1612 542 olei
1632 503 1720 543 vice
1738 511 1930 545 utuntur.
1990 506 2191 546 Fructum
2210 507 2342 549 insula
2365 525 2497 566 neque
2523 517 2615 558 vitis

1383 565 1462 608 fert
1476 582 1612 623 neque
1631 568 1969 612 frumentarium.
2028 573 2177 614 Incolae
2193 573 2280 629 ejus
2295 578 2415 631 pauci
2442 594 2615 624 numero

1382 633 1427 674 in
1456 649 1542 675 uno
1560 644 1724 677 tantum
1744 637 1888 678 insulae
1919 638 2044 680 latere
2065 640 2199 682 boreae
2222 642 2394 685 obverso
2416 646 2614 701 habitant,

1383 716 1466 756 qua
1480 703 1545 743 sui
1558 712 1673 758 parte
1687 706 1968 747 continentem
1988 717 2154 762 spectat.
2214 711 2318 752 Sunt
2334 727 2430 754 vero
2451 715 2620 759 advenae

1383 770 1585 826 mixtique
1610 787 1661 812 ex
1685 773 1893 814 Arabibus
1916 783 1956 816 et
1986 776 2101 827 Indis
2123 792 2198 818 nec
2219 793 2302 819 non
2323 782 2476 823 Graecis
2506 799 2615 826 mei·-

1382 848 1533 881 caturae
1576 840 1754 882 faciendi
1794 857 1914 883 causa
1959 846 2282 899 enavigantibus.
2350 851 2445 892 Fert
2483 853 2616 897 insula

1381 908 1631 950 testudinem
1673 918 1764 951 tum
1811 911 2034 964 genuinam
2050 944 2061 964 ‚
2106 923 2195 955 tum
2231 925 2486 971 terrestrem,
2523 931 2614 964 tum

1381 977 1513 1019 albam
1534 978 1758 1034 plurimam
1791 989 1831 1020 et
1857 981 2061 1035 insignem
2092 985 2202 1024 testis
2235 985 2484 1040 majoribus,
2523 999 2615 1033 tum

1381 1056 1620 1089 montanam
1650 1047 1934 1104 praegrandem
1968 1059 2158 1107 testaeque
2191 1056 2470 1108 crassissimae,
2496 1059 2629 1114 cujus.

1379 1125 1516 1170 partes
1536 1117 1706 1172 quidem
1735 1120 1869 1159 ventri
1897 1121 2097 1175 proximae
2115 1123 2335 1165 sectionem
2354 1140 2438 1166 non
2466 1126 2616 1169 admit-

1380 1192 1488 1235 tunt,
1511 1199 1643 1239 quum
1671 1185 1860 1227 duriores
1879 1189 1976 1240 sint,
1995 1205 2085 1244 quae
2104 1205 2200 1232 vero
2216 1192 2268 1232 ad
2288 1207 2406 1234 usum
2428 1208 2612 1237 commo-

1379 1251 1433 1294 da
1454 1261 1565 1303 sunt,
1583 1254 1750 1308 integrae
1769 1256 1810 1295 in
1827 1270 1940 1296 arcas
1953 1266 1993 1297 et
2009 1259 2189 1312 capsulas
2208 1268 2247 1300 et
2262 1261 2424 1302 tabellas
2443 1265 2614 1317 pugilla-

1378 1335 1443 1360 res
1471 1321 1596 1375 inque
1633 1322 1754 1362 aliam
1793 1322 1881 1377 ejus
1911 1326 2069 1378 generis
2098 1327 2386 1381 supellectilem
2407 1339 2612 1372 secantur.

1376 1391 1568 1431 Nascitur
1588 1392 1631 1431 in
1657 1407 1704 1432 ea
1725 1393 1849 1433 etiam
1869 1394 2079 1434 cinnabari
2098 1396 2288 1436 Indicum
2307 1396 2480 1448 dictum,
2502 1400 2612 1453 quod

1379 1461 1653 1516 lacrymarum
1675 1465 1802 1505 instar
1821 1480 1869 1505 ex
1886 1466 2101 1507 arboribus
2124 1483 2317 1509 emanans
2341 1469 2556 1523 colligitur.

1437 1536 1505 1575 31.
1538 1537 1729 1577 Ceterum
1762 1539 2113 1592 quemadmodum
2136 1542 2290 1582 Azania
2314 1542 2541 1583 Charibaeli
2574 1553 2616 1599 et

1379 1604 1620 1658 Mapharitae
1642 1614 1841 1660 tyranno,
1868 1608 1925 1646 sic
1951 1608 2073 1647 etiam
2095 1608 2182 1648 haec
2210 1609 2341 1649 insula
2373 1611 2458 1663 regi
2495 1618 2613 1652 terrae

1381 1671 1590 1713 thuriferae
1624 1671 1805 1727 subjecta
1834 1682 1910 1715 est.
1969 1676 2244 1715 Mercaturam
2277 1690 2372 1716 cum
2403 1691 2450 1716 ea
2482 1676 2613 1718 facere

1379 1737 1564 1779 solebant
1585 1741 1707 1780 etiam
1723 1756 1744 1780 e
1761 1742 1882 1781 Muza
1904 1740 2072 1795 quidam
2087 1773 2098 1792 ,
2119 1751 2159 1782 et
2178 1751 2382 1797 quotquot
2400 1758 2422 1783 e
2438 1745 2614 1799 Limyri-

1380 1820 1427 1846 ca
1448 1814 1488 1845 et
1519 1808 1732 1861 Barygazis
1768 1809 2003 1861 navigantes
2036 1809 2139 1849 sorte
2168 1810 2334 1850 fortuna
2362 1811 2418 1850 ibi
2439 1813 2612 1866 appelle-

1378 1874 1503 1923 bant,
1534 1876 1606 1928 qui
1629 1890 1817 1930 oryzam,
1844 1876 2120 1927 frumentum,
2153 1878 2370 1918 othouium
2404 1879 2612 1930 Indicum,

2016 1991 2603 2013 -———.——.-—-.

1377 2083 1495 2129 τελῶς
1518 2083 1557 2123 δὲ
1576 2083 1623 2123 τὰ
1642 2083 1692 2130 εἰς
1710 2083 1776 2138 γλ.
1814 2083 1879 2123 καὶ
1897 2098 1974 2124 πιν.
2001 2084 2071 2124 καὶ·
2090 2086 2248 2139 μαγίόια
2283 2085 2526 2140 ἐγχρήζοντα
2549 2089 2612 2128 καὶ

1376 2146 1554 2196 τοιαύτην
1575 2146 1730 2185 κτλ.Ἰῐι
1747 2146 1809 2185 his
1824 2147 1937 2200 prius
1953 2146 2000 2186 τὰ
2016 2146 2257 2201 ἐγχρήζοντα
2276 2149 2385 2189 male
2394 2151 2610 2204 repetitum

1376 2206 1539 2246 videtur
1560 2220 1609 2246 ex
1633 2207 1843 2260 sequenti3
1873 2216 2116 2261 corruptum
2134 2217 2273 2249 autem
2295 2224 2380 2250 esse
2401 2211 2523 2252 litura
2544 2227 2611 2252 co-

1376 2264 1455 2305 dex
1491 2266 1740 2307 subindicat.
1765 2268 1899 2308 Possis
1923 2276 2060 2308 tamen
2086 2269 2209 2309 etiam
2229 2269 2359 2323 legere
2387 2284 2396 2311 :
2426 2272 2517 2326 μέρη
2541 2273 2607 2326 μὲν

1375 2327 1551 2382 ἄχρηστα
1584 2329 1678 2370 ὄντα
1699 2338 1740 2370 et
1767 2330 1810 2369 in
1836 2345 1927 2384 sqq.
1953 2329 2146 2386 εὔχρηστα
2175 2332 2285 2373 ὄντα.
2317 2333 2608 2388 Bernhardyus

1373 2388 1510 2429 locum
1542 2390 1599 2430 ita
1630 2389 1715 2430 fere
1738 2391 2073 2432 concinnandum
2102 2393 2261 2447 putavit
2285 2406 2332 2434 z..
2356 2389 2401 2433 οὗ
2430 2394 2478 2434 τὰ
2506 2396 2608 2450 παρὰ

1373 2449 1442 2502 τὴν
1467 2451 1616 2492 κοιλίαν
1644 2453 1735 2507 μέρη
1766 2452 1831 2507 μὲν
1862 2451 1986 2508 τομὴν
2010 2453 2078 2494 οὐκ
2107 2454 2336 2509 ἐπιδέχεται,
2365 2455 2430 2496 καὶ
2459 2459 2611 2512 στερρό-

1373 2529 1464 2568 τερα
1489 2514 1596 2555 ὄντα·
1621 2514 1813 2562 ὁλοτελῶς
1835 2514 1875 2555 δὲ
1893 2515 1940 2555 τὰ
1976 2515 2138 2570 [νῶτα]
2173 2515 2223 2564 εἰς
2244 2516 2313 2572 γλ.
2343 2518 2408 2558 καὶ
2435 2533 2513 2559 πιν.
2543 2520 2613 2559 καὶ

1376 2576 1535 2632 μαγίδια
1557 2576 1673 2631 [καὶ]
1697 2576 1939 2632 ἐγχρῄζοντα
1961 2577 2027 2618 καὶ
2042 2578 2220 2631 τοιαύτην
2250 2578 2356 2627 κτλ.,
2389 2580 2432 2619 in
2458 2581 2607 2634 quibus

1375 2638 1440 2679 καὶ
1474 2637 1718 2694 ἐγχρῄζοντα
1731 2670 1743 2690 ,
1779 2654 1842 2680 res
1873 2639 2136 2689 necessarias,
2174 2639 2391 2690 utensilia,
2424 2655 2519 2682 cum
2559 2644 2607 2683 iis

1374 2715 1465 2755 quae
1480 2700 1718 2756 praecedunt
1749 2710 2058 2757 sequunturque
2080 2702 2215 2743 verbis
2231 2703 2367 2743 minus
2384 2711 2476 2758 apte
2490 2702 2606 2757 jungi

1374 2764 1477 2804 mihi
1492 2763 1699 2804 videntur.
1727 2764 1743 2818 Η
1767 2788 1824 2794 -
1846 2763 1910 2804 15.
1936 2780 2028 2820 μαγ
2044 2765 2086 2804 ίδ
2105 2766 2184 2818 ια]
2205 2764 2269 2805 Cf.
2288 2764 2424 2805 Edrisi
2440 2767 2475 2814 Ι,
2494 2779 2535 2819 p.
2555 2770 2606 2819 49

1374 2825 1426 2866 de
1442 2825 1717 2866 testudinibus
1734 2827 1963 2867 insularum
1977 2826 2291 2867 Karia-Maria.
2316 2827 2332 2880 11
2351 2851 2407 2857 ——
2425 2831 2488 2867 16.
2507 2843 2532 2881 γ
2546 2829 2611 2881 ρύ-

1374 2903 1430 2940 τη
1442 2889 1491 2942 ν]
1510 2889 1650 2942 χρῆσιν
1671 2887 1834 2941 scripsit
1854 2886 2045 2928 Stuckius
2065 2902 2297 2943 perperam.
2318 2889 2481 2927 Tzetzes
2500 2889 2604 2928 Chil.

1372 2950 1449 2998 IV,
1473 2951 1553 2990 888
1573 2961 1583 2989 :
1603 2947 1723 3004 γρύτη
1746 2947 1787 2987 δὲ
1805 2948 1983 3003 σκευάρια
2004 2947 2118 3004 μικρὰ
2146 2953 2221 2990 τῶν
2245 2947 2493 3004 ὀστρακίνων.
2529 2951 2608 2990 Eo-

1374 3010 1470 3051 dem
1488 3010 1615 3051 modo
1634 3010 1812 3064 Hesych.
1836 3024 1875 3050 v.
1904 3011 2087 3066 γρυμαία.
2111 3010 2174 3052 Cf.
2193 3012 2334 3066 steph.
2363 3012 2486 3052 Thes.
2505 3027 2537 3052 s.
2565 3028 2601 3052 v.

1381 3093 1398 3108 ιι
1421 3073 1566 3128 Γρύτην
1591 3073 1765 3128 appellat
1779 3073 1979 3113 Arrianus
2004 3073 2163 3113 minuta
2183 3072 2225 3112 id
2255 3087 2382 3126 genus
2411 3074 2577 3113 vascella
2591 3106 2602 3123 ‚

1374 3144 1421 3176 ut
1439 3145 1535 3177 sunt
1549 3137 1686 3186 catilli,
1703 3135 1864 3185 arculae,
1882 3135 2053 3189 capsulae
2067 3143 2107 3174 et
2121 3134 2267 3174 similia
2281 3150 2291 3183 ;
2319 3135 2452 3174 Latini
2470 3144 2605 3176 scruta

1374 3199 1592 3255 appellant.
1628 3219 1644 3233 ι»
1684 3199 1918 3238 SALMAans
1952 3195 2003 3236 ad
2036 3197 2206 3251 Vopisc.
2245 3195 2384 3236 Aurel.
2421 3210 2463 3249 p.
2506 3196 2598 3237 535.

1379 3263 1395 3316 Η
1407 3287 1463 3292 -
1476 3277 1538 3317 17.
1559 3278 1581 3303 κ
1593 3277 1602 3300 ι
1615 3276 1633 3301 ν
1648 3260 1729 3301 νάό
1741 3274 1814 3313 αρι
1835 3258 2067 3312 Ἰνδικὸν]
2088 3260 2315 3298 Proventus
2327 3257 2498 3306 arboris,
2513 3272 2598 3311 quae

1333 3336 1341 3344 '
1374 3334 1544 3365 vocatur
1558 3327 1758 3364 Dracoena
1773 3320 1910 3369 draco,
1936 3335 2021 3360 non
2036 3319 2169 3360 solum
2185 3320 2227 3359 in
2249 3318 2367 3359 India
2383 3318 2396 3373 (
2414 3333 2452 3359 v.
2473 3320 2604 3360 Rittcr

1373 3389 1450 3439 VI,
1474 3403 1517 3442 p.
1538 3387 1632 3440 657.
1652 3386 1708 3434 V,
1730 3398 1772 3438 p.
1800 3396 1848 3437 71
1869 3384 1908 3435 ),
1934 3381 2006 3422 sed
2024 3382 2147 3421 etiam
2163 3381 2205 3419 in
2220 3378 2485 3419 Hadramaut
2503 3381 2608 3420 Ara-⁷

1374 3449 1451 3490 biae
1477 3449 1604 3505 (Ritt.
1638 3448 1736 3495 XII,
1767 3459 1810 3499 p.
1844 3443 1940 3497 359.
1975 3447 2070 3484 610.
2104 3441 2199 3483 615.
2238 3441 2333 3482 651.
2361 3441 2473 3494 915)
2499 3442 2601 3480 etin

1378 3515 1567 3551 δοροῖσι-α
1590 3509 1669 3549 ins.
1700 3504 1934 3561 (Wellstecl
1951 3503 2137 3545 Journal.
2175 3504 2252 3554 IV,
2273 3517 2317 3558 p.
2343 3504 2437 3556 198.
2471 3502 2483 3557 )
2522 3502 2602 3542 sre-

1376 3587 1506 3628 quens
1528 3579 1602 3612 est.
1627 3570 1797 3611 Gummi
1818 3567 1903 3622 ejus
1926 3567 2083 3608 arboris
2102 3567 2118 3619 (
2135 3579 2265 3620 germ.
2288 3563 2566 3605 Draclzenblut
2586 3563 2599 3619 )

1375 3635 1536 3676 arabice
1559 3640 1727 3673 vocatur
1757 3634 1866 3670 Dum
1887 3628 2070 3670 Kliolieil.

1430 3699 1452 3749 ὃ
1489 3700 1555 3744 31,
1581 3694 1608 3735 l.
1645 3707 1710 3746 19.
1757 3691 2050 3733 Ὑποπίπτει
2075 3690 2162 3731 κτλ.
2181 3691 2196 3745 ]
2217 3689 2353 3730 Etiam
2372 3687 2603 3728 novissimis

1375 3756 1629 3813 temporibus
1654 3754 1786 3795 insula
1803 3786 1814 3804 ‚
1835 3763 2054 3808 antequam
2077 3752 2129 3794 ab
2148 3751 2291 3804 Anglis
2311 3755 2592 3802 occuparetur,

1375 3820 1523 3874 regulis
1538 3816 1760 3872 objacentis
1779 3815 1940 3858 Arabiae
1958 3812 2138 3868 subjecta
2152 3820 2253 3852 erat.
2274 3812 2329 3850 V.
2353 3807 2596 3880 Rider-XI}

1375 3897 1418 3938 p.
1434 3896 1530 3935 299.
1550 3879 1566 3933 ll
1585 3902 1642 3909 -
1656 3875 1856 3933 Χαριὸαὴλ
1872 3878 1887 3933 ]
1906 3876 2036 3918 codex
2050 3890 2126 3930 pro
2146 3887 2281 3922 more;
2298 3875 2598 3926 perspicuitatis

1375 3944 1501 3998 gratia
1527 3932 1608 3982 hoc
1637 3939 1729 3980 loeo
1760 3939 1824 3980 vel
1844 3938 2058 3994 Χαριὸαῆλι
2081 3936 2203 3976 suerit
2221 3933 2281 3974 vel
2301 3936 2355 3987 τῷ
2382 3927 2593 4003 Χαριῧαήλ.

1380 4009 1474 4062 11—-
1495 4017 1561 4046 22.
1586 4002 1674 4044 ἀπὸ
1707 4003 1815 4057 Λιμ.
1836 4003 1850 4056 ]
1870 4001 1932 4041 διὰ
1954 4002 1999 4041 Λ.
2026 3997 2170 4040 codex.
2208 3997 2224 4050 [l
2250 4018 2305 4026 —
2327 3993 2395 4033 23.
2425 3989 2496 4038 εἰς
2526 4004 2605 4029 otu·-
