2808 4342
80 139 238 204 (πω.)

77 313 297 376 Βαράκην,
317 308 463 363 νήσους
482 305 588 351 ἔπτὰ
613 306 1011 368 ἐμπεριειλημμένον
1023 345 1035 365 ,
1058 312 1103 354 οὗ
1123 310 1225 372 περὶ,
1240 310 1314 369 μὲν

77 382 151 435 τὰς
170 378 300 443 ἀρχὰς
322 378 358 423 οῖ
380 374 666 437 περιπεσόντες
685 375 820 436 ὀλίγον
846 375 980 421 ὀπίσω
1000 376 1070 422 καὶ
1093 378 1149 429 εἷς
1171 377 1217 422 τὸ
1236 378 1308 422 πέ-

75 453 202 512 λαγος
220 443 520 508 ἀναδραμόντες
552 443 817 504 ἐκφεύγουσιν
832 480 843 502 ,
872 448 908 490 οἱ
933 445 974 490 δὲ
998 447 1053 497 εἷς
1086 445 1214 503 αὐτὴν
1237 466 1312 492 κα-

36 537 57 567 5
79 514 383 566 τακλεισθέντες
399 511 473 568 τὴν
491 516 562 557 τοῦ
581 513 777 573 Βαράκου
799 512 959 558 κοιλίαν
979 514 1244 560 ἀπόλλυνται·
1267 515 1314 561 τὸ

76 587 150 648 μὲν
169 585 248 647 γὰρ
272 588 387 642 κῦμα
412 581 518 642 μέγα
539 582 609 627 καὶ
636 581 742 643 βαρὺ
770 581 861 627 λίαν
876 617 887 638 ,
906 585 932 637 ἡ
958 582 1000 627 δὲ
1025 583 1213 629 θάλασσα
1236 603 1314 629 τα-

75 653 263 717 ραχώδης
275 651 344 697 καὶ
362 650 506 710 θολερὰ
526 649 595 694 καὶ
616 650 728 702 δίνας
742 649 894 712 ἔχουσα
910 651 981 696 καὶ
1004 651 1167 714 ῥοώδεις
1187 653 1313 715 εἰλίγ-

72 742 180 785 γους.
246 721 300 768 Ὁ
324 720 365 766 δὲ
392 719 509 782 βυθὸς
542 718 582 765 ἔν
615 738 700 766 τισι
736 719 809 781 μὲν
837 720 1048 773 ἀπόκοπος
1081 721 1122 767 ἔν
1158 741 1240 768 τισι
1271 722 1313 769 δὲ

73 792 286 856 πετρώδης
304 789 374 836 καὶ
394 787 590 851 ἀπόξυρος
603 824 616 844 ,
635 788 743 835 ὥστε
764 788 984 850 τέμνεσθαι
1007 790 1080 844 τὰς
1102 810 1309 854 παρακει-

14 873 55 904 10
79 861 207 921 μένας
236 859 415 922 ἀγκύρας
438 857 504 903 διὰ
525 858 686 920 ταχέων
712 859 1054 918 ἀποκοπτομένας
1069 896 1081 917 ,
1107 860 1152 912 ἃς
1176 860 1218 906 δὲ
1241 861 1312 907 καὶ

10 1221 48 1250 15

73 929 389 992 συντριὸομένας
417 929 456 972 ἐν
489 930 546 990 τῷ
586 931 712 990 βυθῷ.
782 931 962 988 Σημεῖον
999 930 1033 974 δ’
1070 932 1204 975 αὐτῶν
1228 938 1311 982 τοῖς

73 998 154 1046 ἀπὸ
167 998 369 1061 πελάγους
390 997 625 1061 ἐρχομένοις
648 999 684 1042 οἷ
702 1001 1043 1060 προαπαντῶντες
1064 999 1172 1062 ὄφεις
1195 1002 1313 1061 ὓπερ-

73 1069 254 1130 μεγέθεις
286 1069 356 1113 καὶ
382 1069 567 1127 μέλανες·
601 1069 642 1111 ἐν
664 1065 743 1129 γὰρ
777 1073 860 1120 τοῖς
891 1067 997 1128 μετὰ
1020 1072 1153 1113 ταῦτα
1175 1067 1312 1121 τόποις

70 1138 141 1183 καὶ
173 1144 256 1189 τοῖς
286 1136 379 1199 περὶ
414 1135 639 1197 Βαρύγαζα
672 1136 903 1198 μικρότεροι
926 1136 995 1182 καὶ
1028 1140 1085 1199 τῷ
1117 1136 1310 1199 χρώματι

70 1206 224 1269 χλωροὶ
243 1205 314 1251 καὶ
332 1206 591 1267 χρυσίζοντες
614 1207 868 1252 ὑπαντῶσιν.

133 1292 190 1322 41.
228 1274 350 1321 Μετὰ
367 1273 409 1319 δὲ
431 1273 499 1319 τὸν
524 1272 722 1335 Βαράκην
749 1274 863 1326 εὐθύς
880 1278 987 1320 ἔστιν
1013 1277 1034 1319 ὃ
1058 1275 1308 1336 Βαρυγᾶζων

71 1338 224 1394 κόλπος
246 1342 316 1388 καὶ
348 1346 373 1398 ἠ
394 1343 563 1404 ἤπειρος
587 1346 660 1398 τῆς
684 1343 875 1405 Ἀριακῆς
897 1342 1056 1404 χώρας,
1082 1345 1155 1398 τῆς
1181 1346 1310 1403 Μαμ-

72 1411 200 1473 6άρου
237 1409 447 1471 βασιλείας
481 1410 593 1471 ἀρχὴ
631 1410 700 1455 καὶ
748 1415 818 1465 τῆς
855 1410 951 1467 ὅλης
986 1412 1158 1467 Ἰνδικῆς
1191 1405 1308 1460 οῧσα.

69 1478 292 1534 Ταύτηςτὰ
310 1477 382 1538 μὲν
400 1477 594 1539 μεσόγεια
609 1483 659 1541 τῇ
679 1480 836 1542 Σκυθίᾳ
858 1480 1114 1543 συνορίζοντα
1134 1480 1306 1543 Ἀὸηρία

67 1661 187 1715 porio
206 1662 335 1715 quaeri
359 1669 510 1716 potest,
528 1675 662 1715 neque
674 1675 769 1700 cum
787 1663 1008 1701 Mannerto
1024 1663 1201 1715 cogitare
1219 1663 1312 1703 licet

69 1722 233 1763 deloco
262 1737 392 1778 prope
414 1724 637 1777 Astacapra
666 1723 760 1771 sito,
797 1721 913 1776 cujus
942 1725 1099 1763 mentio
1136 1724 1183 1763 fit
1202 1724 1310 1765 infra

68 1784 238 1824 demum
258 1788 280 1837 §
297 1788 365 1834 42.
385 1785 634 1839 Corruptam
652 1798 797 1824 vocem
820 1799 906 1824 esse
930 1785 994 1825 vel
1015 1785 1112 1825 inde
1127 1785 1306 1839 colligaS,

69 1847 184 1901 quod
204 1862 255 1887 ex
278 1848 440 1901 vulgata
458 1847 632 1887 lectione
650 1847 759 1887 inter
778 1847 942 1887 Irinum
964 1856 1004 1887 et
1025 1849 1206 1888 Baracen
1224 1863 1310 1889 non

68 1908 403 1963 distingueretur.
435 1909 451 1963 ΙΙ
491 1933 548 1939 -
567 1922 608 1949 2.
631 1909 661 1948 B
676 1909 796 1963 αράκ
810 1924 863 1961 ην
888 1911 903 1964 ]
927 1910 1070 1951 Sinum
1091 1910 1140 1950 cle
1164 1911 1309 1951 Cutsclz

66 1971 309 2015 Ptolemaeus
343 1980 463 2012 vocat
489 1972 610 2011 Κάνθι
639 1971 812 2022 κόλπον;
837 1974 1019 2012 Baracen
1051 1974 1190 2013 sinum
1221 1988 1305 2014 non

65 2035 197 2084 novit,
224 2033 296 2075 sed
311 2035 486 2075 insulam
505 2049 596 2088 quae
623 2048 775 2074 nomen
798 2035 836 2074 ei
859 2034 1020 2074 dedisse
1035 2035 1215 2085 videtur,
1234 2037 1308 2075 Βα-

66 2095 184 2149 ράκην
202 2097 218 2149 (
238 2098 336 2136 111⁰
354 2096 466 2150 long.
488 2098 557 2137 18ο
569 2096 639 2136 lat.
658 2098 691 2149 ).
708 2096 857 2136 Insulae
872 2097 1023 2151 Peripli
1042 2097 1139 2137 inde
1156 2113 1180 2138 a
1194 2101 1307 2139 Noa-

65 2159 214 2209 Nagur
227 2172 419 2198 occasum
440 2172 581 2198 versus
603 2172 734 2211 usque
752 2158 804 2198 ad
822 2166 1054 2198 extremum
1073 2160 1209 2198 sinum
1225 2175 1307 2200 orae

60 2218 264 2273 adjacent.
296 2221 489 2260 Ceterum
512 2221 650 2259 nescio
674 2234 726 2259 an
748 2220 923 2273 Βαράκου
941 2219 1070 2259 κοιλία
1089 2220 1305 2261 referenda

63 2283 325 2335 potissimum
352 2282 405 2321 sit
443 2281 496 2321 ad
525 2280 774 2335 paludosum
810 2282 935 2321 maris
974 2296 1194 2332 recessum,
1233 2284 1305 2336 qui

65 2345 366 2383 extremitatem
386 2342 598 2383 hodiernae
618 2346 818 2383 Guzerate
840 2351 1003 2383 tantum
1021 2358 1104 2383 non
1129 2344 1303 2384 insulam

64 2402 203 2445 efficit.
228 2404 243 2457 ΙΙ
266 2427 323 2435 -
347 2403 386 2444 5.
410 2406 454 2444 τό
472 2420 512 2444 τε
532 2403 606 2458 γὰρ
623 2404 943 2454 codex3emend.
963 2405 1187 2445 Fabricius.
1212 2406 1228 2459 ΙΙ
1248 2430 1304 2437 —

62 2489 119 2496 —
142 2480 182 2519 7.
206 2465 282 2506 εἰλ
297 2466 501 2521 ίγγους]
528 2466 666 2506 forsan
701 2464 897 2521 εἴλιγγας;
930 2475 1039 2507 66116
1062 2465 1234 2522 εἴλιγγος
1251 2467 1303 2508 (16

62 2542 262 2582 aquarum
285 2530 440 2569 vortice
462 2537 707 2583 usurpatum
725 2529 857 2582 legere
875 2543 942 2569 me
961 2544 1045 2569 non
1067 2531 1253 2570 memini.
1281 2531 1296 2584 Η

61 2613 119 2621 —
157 2604 223 2632 10.
264 2590 342 2630 διὰ
379 2592 581 2645 ταχέων
620 2590 1084 2646 ἀποκοπτομένας]
1128 2591 1300 2646 ἀντέχειν

63 2650 395 2708 ἄποκοντουμένας
420 2652 572 2701 codex3
611 2652 705 2692 licet
726 2653 850 2692 etiam
872 2666 882 2693 ;
905 2651 943 2693 ἐν
984 2654 1109 2707 τάχει.
1142 2655 1300 2695 Vocem

62 2713 244 2756 ἀποκοντ.
268 2729 349 2755 6111.
364 2712 659 2755 Schwanbeck.
668 2744 679 2763 ,
698 2715 770 2768 qui
785 2729 863 2769 pro
883 2713 1056 2768 ἀντέχειν
1071 2715 1245 2769 conjecit
1258 2718 1301 2764 ἃς

63 2776 130 2832 μὲν
163 2777 217 2818 ob
251 2792 424 2831 sequens
455 2778 496 2824 ἃς
519 2777 578 2826 δὲ;
605 2776 720 2831 quod
753 2778 1030 2818 necessarium
1058 2792 1143 2818 non
1173 2787 1232 2819 est
1260 2788 1301 2820 et

61 2838 258 2880 atraditis
275 2839 395 2893 longe
412 2838 580 2879 recedit.
605 2839 621 2892 ll
644 2863 700 2869 —-
724 2852 789 2879 11.
807 2839 840 2878 δ’
864 2838 986 2880 αὐτῶν
1006 2854 1063 2880 se.
1088 2844 1164 2880 τῶν
1184 2841 1297 2881 δινῶν

0 2938 1 2954 ³
61 2902 125 2942 καὶ
144 2901 345 2957 εἰλίγγων.
372 2903 387 2955 ΙΙ
412 2925 468 2932 -
487 2904 552 2949 14.
578 2901 804 2956 Βαρῦγαζαν
827 2901 974 2943 codex.

115 2966 233 3016 541.
255 2964 282 3004 l.
310 2962 639 3018 17.ἣῆπειρος
671 2966 754 3015 τῆς
781 2962 1021 3018 Ἀριακῆς
1051 2966 1250 3020 χώρας]
1272 2966 1295 3017 ἣ

59 3025 150 3080 πρὸς
165 3025 359 3081 Ἀραὸικῆς
367 3028 496 3081 χώρας
505 3019 675 3076 60(1.,’111
688 3026 869 3080 quibus-5]
883 3026 1064 3081 πρὸς6111.
1077 3028 1293 3069 Schwanb.

60 3090 141 3129 Pro
173 3088 365 3144 Ἀραῦικῆς
385 3089 452 3129 3111
480 3087 665 3144 Ἂριακῆς,
691 3089 757 3129 alii
780 3090 943 3144 Λαρικῆς
966 3089 1041 3143 legi
1062 3089 1292 3131 voluerunt.

59 3150 166 3190 Illud
186 3152 228 3191 in
244 3151 407 3206 Periplo
425 3151 599 3205 flagitari
619 3159 729 3192 recte
744 3151 938 3192 viderunt
953 3151 1158 3202 Stuckius,
1176 3153 1295 3193 Hud-

61 3213 362 3268 sonus,Bensey
377 3214 426 3270 (l.
441 3214 469 3254 l.
484 3229 526 3269 p.
547 3229 596 3268 91
614 3214 646 3270 ),
668 3215 751 3255 alii.
768 3215 957 3255 Primum
972 3215 1055 3255 huc
1070 3214 1165 3255 facit
1181 3217 1294 3270 quod

61 3276 83 3325 S
103 3277 151 3322 14
174 3283 362 3315 narratur
382 3276 427 3316 in
442 3278 618 3331 Oponen
637 3291 761 3317 naves
777 3291 911 3317 merce
930 3285 1096 3318 onustas
1109 3277 1293 3332 expediri

61 3334 135 3375 ἀπὸ
151 3338 217 3386 τῆς
236 3334 405 3391 Ἀριακῆς
416 3337 481 3377 καὶ
495 3339 727 3393 Βαρυγάζων
743 3354 754 3389 ;
773 3338 923 3379 deinde
939 3342 960 3392 ᾖ
977 3340 1026 3387 54
1042 3341 1211 3379 Muziris
1223 3341 1295 3380 sso-

59 3411 149 3437 rere
171 3396 323 3438 dicitur
350 3400 432 3446 τοῖς
459 3398 534 3440 ἀπὸ
553 3402 620 3451 τῆς
644 3399 814 3454 Ἀριακῆς
847 3400 898 3447 εἰς
928 3399 1045 3451 αὐτὴν
1072 3400 1293 3456 ἐρχομένοις

60 3459 223 3506 πλοίοις.
237 3460 345 3500 Η1116
352 3462 536 3515 sequitur
546 3462 666 3502 istam
674 3463 849 3503 Ariacen
860 3477 908 3502 ex
921 3463 1172 3517 periegeseos
1185 3463 1294 3504 ordi-

60 3536 112 3562 ne
134 3521 283 3562 alicubi
305 3536 380 3562 suo
391 3523 481 3563 loco
498 3523 812 3564 memorandum
830 3523 952 3565 suisse
966 3556 978 3575 ‚
1002 3525 1186 3579 adeoque
1214 3542 1290 3566 no-

59 3593 144 3624 stro
162 3584 253 3624 loco
272 3582 421 3624 debere
435 3586 596 3639 reponi.
618 3586 702 3637 Qui
720 3583 885 3640 Λαρικὴν
899 3587 942 3626 11.
964 3587 993 3627 1.
1011 3587 1134 3627 scribi
1149 3588 1291 3629 volunt

61 3649 77 3700 (
97 3655 142 3687 ut
167 3647 395 3685 Vincentus
416 3654 456 3686 61
475 3648 716 3687 Μ31111611115
738 3649 771 3700 ),
797 3662 883 3688 11011
905 3662 955 3689 ex
987 3649 1148 3703 Periplo
1170 3664 1290 3703 argu-

60 3716 246 3751 mentum
267 3706 502 3757 adstruunt,
527 3707 599 3747 sed
634 3708 676 3747 in
699 3707 882 3748 medium
914 3708 1131 3763 proferunt
1155 3711 1289 3751 Ptole-

59 3783 226 3819 maeum,
251 3769 320 3823 qui
345 3770 361 3821 (
380 3770 477 3817 VII,
500 3782 517 3808 1
541 3768 799 3823 )regionem,
833 3769 885 3810 de
914 3784 996 3824 qua
1020 3785 1107 3824 Jam
1138 3773 1285 3825 agitur,

62 3834 260 3872 δαείη-(ηε
274 3845 330 3870 56.
352 3830 607 3884 peninsulam
622 3838 662 3870 et
679 3832 882 3885 Barygaza
903 3839 943 3871 et
960 3831 1199 3886 adjacentia,
1221 3838 1288 3886 τῆς

59 3895 222 3948 Λαρικῆς
248 3894 377 3946 χώρας
394 3906 479 3932 6556
501 3892 626 3942 dicit,
650 3901 744 3946 post
769 3907 892 3947 quam
924 3895 1043 3948 ponit
1074 3895 1288 3937 meridiem

60 3969 198 3995 versus
217 3952 285 4004 τὴν
311 3952 494 4008 Ἀριακήν.
520 3954 734 3995 Notandus
752 3954 820 3996 hic
836 3963 1050 3997 auctorum
1065 3955 1286 4010 dissensus,

225 4040 353 4069 cssocn.
371 4036 399 4064 l.

927 136 1219 185 PERIPLUS
1251 141 1443 200 MARIS
1477 144 1824 192 ERYTHRAEI.

0 0 52 265 1
79 244 217 299 δύσιν,
257 237 622 302 ἐμπεριλαμδάνον
654 235 777 282 αὐτὸν
811 237 881 283 τὸν
910 237 1064 284 κόλπον
1079 240 1312 310 Νλεγόμενον
1386 249 1438 289 3(1
1454 250 1686 303 meridiem,
1708 252 1888 308 denique
1915 249 2107 296 occasum
2128 273 2265 300 versus
2291 263 2455 304 flectens
2477 269 2612 312 sinum

2524 173 2610 211 289

1382 318 1563 359 Baracen
1577 318 1753 371 dictum,
1774 329 2013 377 septemque
2030 324 2183 365 insulas
2202 331 2614 383 comprehendentem

1384 385 1657 440 amplectitur.
1719 387 1822 443 Ejus
1853 390 1968 430 sinus
1999 391 2044 431 in
2072 393 2324 457 p1·in(3ipium
2353 398 2385 437 si
2409 400 2479 452 qui
2515 402 2615 443 inei—

1384 451 1504 503 dunt,
1530 454 1657 495 modo
1678 455 1907 510 paullulum
1930 466 2042 499 retro
2065 459 2109 499 in
2140 460 2266 501 altum
2287 464 2494 517 recedant,
2519 470 2615 511 salvi

1384 520 1564 562 evadunt
1576 537 1588 572 ;
1609 524 1673 563 sin
1696 523 1739 562 in
1759 524 1895 578 ipsum
1914 526 2077 567 Baracae
2100 537 2285 569 ventrem
2304 531 2387 571 sive
2407 547 2608 577 recessum

1383 587 1667 639 includuntur,
1689 590 1951 644 pereundum
1968 602 2051 644 est;
2081 595 2230 636 fluctus
2252 598 2362 638 enim
2378 601 2542 653 grandis
2561 604 2615 644 ibi

1384 663 1424 695 et
1443 655 1826 699 vehementissimus
1841 690 1852 710 ,
1878 674 1992 701 mare
2026 660 2162 703 autem
2185 666 2455 719 concitatum,
2489 670 2619 711 turbi-

1383 723 1510 776 dum,
1531 727 1639 782 gyris
1656 727 1895 783 rapidisque
1924 731 2147 773 vorticibus
2176 734 2384 778 infestum.
2443 739 2618 782 Profun-

1383 791 1485 832 dum
1514 795 1641 840 maris
1664 794 1751 835 aliis
1782 796 1824 836 in
1844 795 1944 837 locis
1962 809 2233 855 praeruptum,
2257 803 2344 843 aliis
2365 819 2554 847 saxosum
2577 818 2617 850 et

1382 870 1564 913 acutum,
1586 862 1690 903 adeo
1713 871 1760 904 ut
1780 863 1966 906 demissae
1985 881 2145 908 ancorae
2167 869 2228 910 vel
2247 870 2352 911 illico
2371 872 2615 916 abscindan-

1382 937 1453 969 tur
1481 930 1544 971 vel
1561 931 1770 986 paullatim
1800 933 1842 972 in
1865 933 2075 988 profundo
2105 946 2383 981 conterantur.
2443 942 2614 996 Signum

1381 999 1534 1040 horum
1568 1000 1755 1042 locorum
1787 1016 1838 1042 ex
1872 1003 1953 1043 alto
1983 1004 2319 1060 adnavigantibus
2353 1021 2613 1053 occurrentes

1381 1076 1477 1108 sunt
1494 1077 1704 1123 serpentes
1721 1069 1893 1122 grandes
1911 1079 1951 1112 et
1974 1073 2109 1113 colore
2126 1075 2251 1127 nigri;
2274 1077 2314 1116 in
2334 1078 2382 1117 iis
2399 1079 2508 1119 enim
2522 1094 2613 1134 quae

1381 1137 1574 1193 deinceps
1592 1147 1633 1179 et
1652 1140 1758 1180 61163
1779 1142 1981 1195 Barygaza
1997 1151 2091 1183 sunt
2110 1143 2207 1184 10615
2225 1146 2403 1187 1111110165
2418 1156 2458 1188 61
2475 1148 2610 1190 601016

1380 1207 1501 1247 viridi
1525 1206 1731 1263 aureoque
1752 1209 1858 1249 fiunt
1879 1210 2005 1251 obvii.

1435 1277 1502 1323 41.
1536 1277 1633 1316 Post
1650 1278 1828 1317 Baracen
1848 1279 1984 1318 statim
2002 1281 2185 1334 sequitur
2199 1283 2478 1336 Barygazenus
2499 1286 2612 1326 sinus

1380 1343 1556 1398 litusque
1575 1345 1731 1385 Ariacae
1762 1346 1962 1399 regionis,
1989 1361 2079 1402 quae
2107 1350 2329 1390 Mambarae
2348 1353 2461 1404 regni
2481 1361 2521 1392 et
2549 1361 2607 1394 to-

1381 1411 1462 1450 tius
1482 1411 1611 1451 Indiae
1633 1420 1693 1452 est
1725 1413 1904 1453 initium.
1964 1415 2061 1454 Pars
2086 1414 2172 1469 ejus
2195 1416 2492 1459 mediterranea
2517 1421 2615 1475 Scy»

1382 1480 1558 1534 thiaeque
1581 1483 1837 1522 contermina
1858 1491 2027 1523 vocatur
2062 1484 2215 1526 Aberia
2248 1487 2263 1539 (
2283 1486 2370 1527 sive
2399 1488 2551 1528 Abiria
2567 1491 2583 1542 )
2599 1521 2609 1538 ,

1378 1671 1419 1702 at
1439 1678 1524 1702 non
1539 1673 1784 1718 praepostere
1803 1665 2021 1706 tollendus.
2044 1667 2233 1706 Ceterum
2262 1682 2390 1721 quum
2414 1669 2455 1707 in
2476 1668 2611 1722 lingua

1378 1737 1531 1764 sanscr.
1554 1733 1669 1765 vetus
1700 1728 1899 1766 Gazerate
1916 1728 2093 1780 regionis
2113 1728 2173 1767 vel
2191 1737 2301 1768 certe
2315 1730 2441 1783 partis
2457 1731 2611 1771 mariti-

1380 1800 1456 1825 mae
1476 1801 1628 1826 nomen
1649 1788 1701 1827 sit
1718 1787 1876 1836 Lat'ca,
1899 1790 1942 1828 in
1965 1803 2049 1842 quo
2073 1798 2091 1828 t
2111 1790 2314 1830 cerebrale
2332 1791 2491 1831 literam
2510 1807 2533 1831 r
2549 1807 2612 1833 50-

1378 1861 1476 1887 11316
1492 1847 1637 1887 (11611111
1656 1849 1669 1903 (
1689 1850 1744 1888 V.
1770 1848 1923 1903 Benfey
1939 1849 1967 1889 1.
1995 1850 2023 1889 l.
2045 1864 2086 1905 p.
2112 1852 2196 1904 90)
2217 1863 2227 1890 z
2246 1850 2351 1890 bene
2371 1851 2521 1892 habere
2541 1852 2610 1904 τὴν

1377 1907 1543 1963 Λαρικὴν
1571 1910 1777 1950 Ptolemaei
1814 1910 2068 1963 intelligitur.
2106 1909 2255 1966 Ἀριακὴ
2297 1914 2476 1953 nominis
2507 1917 2611 1956 ratio

1375 1970 1471 2011 latet
1482 1987 1493 2021 ;
1510 1986 1606 2012 nam
1623 1971 1735 2026 quod
1754 1972 2096 2013 Schwanbeckius
2115 1973 2290 2027 conjecit
2310 1972 2481 2029 Ἀριακὴν
2501 1991 2611 2017 53115-

1376 2035 1467 2075 6111.
1487 2049 1572 2074 6556
1598 2049 1709 2083 arsa,
1743 2036 1771 2074 i.
1794 2050 1830 2074 e.
1859 2044 2022 2084 terram,
2045 2035 2171 2090 idque
2204 2035 2362 2077 dictum
2393 2052 2470 2092 pro
2503 2048 2610 2079 terra

1375 2095 1587 2144 Indorum,
1608 2111 1691 2150 quo
1707 2096 2026 2150 distingueretur
2054 2112 2078 2137 a
2095 2098 2273 2153 Scythia,
2295 2098 2336 2138 id
2354 2113 2406 2139 ne
2421 2100 2506 2154 ipse
2521 2102 2610 2154 qui-

1374 2156 1469 2197 dem
1486 2158 1721 2198 crediderit.
1747 2160 1932 2198 Fortasse
1951 2159 2102 2212 Peripli
2118 2160 2370 2214 temporibus
2386 2169 2608 2216 utrumque

1374 2233 1546 2271 regnum
1569 2221 1612 2258 in
1629 2234 1761 2259 unum
1780 2220 2003 2259 conflatum
2018 2229 2137 2271 erat.;
2163 2230 2272 2261 certe
2283 2222 2475 2263 Paethana
2489 2224 2603 2273 urbs,

1373 2282 1538 2320 Ariaces
1561 2282 1671 2334 regia
1686 2296 1750 2336 ap.
1774 2282 2054 2332 Ptolemaeum,
2076 2283 2119 2322 in
2145 2284 2308 2338 Periplo
2335 2285 2498 2324 nonnisi
2517 2292 2605 2325 tan—

1372 2356 1496 2395 quam
1527 2344 1759 2396 emporium
1791 2351 2058 2383 memoratur.
2086 2345 2156 2384 Sin
2188 2346 2340 2394 minus,
2368 2347 2516 2385 Noster
2533 2355 2602 2387 aut

1372 2402 1473 2443 duas
1494 2405 1680 2456 regiones
1709 2405 1752 2443 in
1771 2418 1896 2444 unam
1916 2406 2132 2454 contraxit,
2166 2414 2236 2445 aut
2259 2407 2432 2446 Ariaeen
2457 2421 2601 2462 perpe-

1371 2479 1460 2506 ram
1482 2466 1587 2506 dixit
1608 2481 1698 2520 quae
1720 2468 1862 2507 Larice
1878 2466 2062 2507 vocanda
2076 2463 2178 2508 erat.
2201 2470 2217 2522 ss
2240 2492 2296 2498 —
2310 2482 2374 2522 17.
2393 2469 2468 2509 Μα
2482 2470 2603 2524 426&-

1373 2543 1392 2582 ρ
1404 2543 1423 2567 ο
1435 2543 1455 2567 υ
1474 2530 1489 2583 ]
1510 2529 1561 2580 Id
1579 2543 1730 2570 nomen
1749 2543 1798 2569 ex
1816 2530 1955 2569 Nostri
1972 2538 2108 2570 mente
2124 2544 2209 2570 esse
2227 2531 2332 2583 regis
2349 2530 2498 2582 Indici,
2517 2546 2600 2572 non

1372 2604 1468 2630 vero
1486 2591 1764 2645 Indoscythici
1792 2592 1807 2644 (
1829 2599 1875 2631 ut
1892 2591 2044 2645 Benfey
2069 2592 2096 2632 l.
2121 2592 2149 2632 l.
2168 2600 2209 2632 et
2226 2594 2378 2632 Lassen
2396 2592 2599 2634 Zeitschr.

1358 2650 1403 2703 f.
1426 2652 1570 2691 Kuncle
1587 2651 1656 2692 cles
1682 2651 1971 2703 Mos-genlands
1990 2654 2065 2701 IV,
2089 2667 2133 2707 p.
2166 2655 2243 2705 198
2267 2654 2496 2708 putarunt)
2514 2654 2602 2694 luce

1368 2713 1514 2754 clarius
1529 2722 1603 2755 est.
1622 2714 1768 2755 Latere
1791 2729 1943 2754 nomen
1959 2714 2144 2755 indicum
2164 2714 2478 2755 Mahablzarata
2498 2716 2515 2767 (
2530 2730 2602 2756 rex

1368 2778 1558 2830 magnus)
1578 2777 1773 2831 suspicari
1787 2776 2011 2817 Kuelbium
2027 2775 2224 2836 (Loender
2245 2791 2286 2816 u.
2317 2776 2357 2816 V
2356 2777 2604 2819 oelkerkunde

1369 2837 1411 2877 in
1426 2838 1563 2890 Biogr.
1585 2840 1620 2888 Ι,
1641 2853 1684 2892 p.
1706 2838 1819 2891 236)
1849 2846 1988 2878 monet
2011 2835 2236 2879 Fabricius.
2262 2837 2602 2881 Schwanbeckius

1365 2913 1407 2953 p.
1436 2899 1513 2940 508
1540 2899 1701 2939 dubitat
1720 2914 1772 2939 an
1795 2900 1972 2952 genuina
1992 2900 2043 2939 sit
2071 2900 2250 2939 nominis
2273 2901 2490 2955 scriptura.
2509 2903 2602 2942 Ete-

1365 2962 1452 3001 nim
1475 2965 1497 3013 ς
1529 2961 1579 3002 52
1614 2970 1708 3016 post
1725 2963 1929 3016 Barygaza
1950 2970 2233 3002 memorantur
2268 2961 2404 3003 τοπικὰ
2441 2961 2601 3018 ἐμπόρια

1365 3023 1462 3064 κατὰ
1484 3024 1528 3064 τὸ
1559 3023 1641 3075 ἑξῆς
1673 3022 1875 3078 Ἀκαὸάρου
1898 3023 2103 3078 Σοῦππαρα
2127 3025 2144 3077 (
2175 3023 2396 3077 Ἀκαὸάρους
2417 3023 2599 3079 Οόππαρα

1365 3085 1457 3126 cod.
1476 3088 1508 3139 )‚
1525 3086 1734 3134 Καλλίενα,
1750 3086 1791 3126 M
1795 3086 2004 3140 ανδαγόρα,
2019 3085 2307 3139 Παλαιπάτμαι.
2324 3083 2478 3125 Eadem
2493 3100 2596 3139 prae-

1363 3155 1425 3187 ter
1447 3147 1682 3197 Gallienam,
1712 3148 1790 3187 alio
1813 3155 1950 3187 tamen
1976 3145 2138 3194 ordine,
2160 3145 2400 3186 Ptolemaeus
2433 3159 2597 3199 quoque

1362 3210 1500 3260 habet,
1522 3219 1562 3250 at
1580 3225 1664 3250 non
1687 3209 1810 3249 habet
1837 3207 2039 3262 Ἀκαὸάρου
2054 3221 2221 3247 110111611.
2245 3208 2430 3246 Fortasse
2454 3208 2591 3260 igitur,

1362 3272 1703 3313 Schwanbeckius
1716 3279 1847 3325 putat,
1863 3269 1906 3309 id
1917 3284 2002 3309 non
2012 3269 2089 3309 loci
2099 3268 2169 3308 sed
2180 3270 2285 3321 regis
2300 3282 2399 3318 esse,
2413 3268 2594 3321 ejusdem

1361 3349 1417 3375 56.
1447 3337 1517 3389 qui
1538 3334 1662 3374 modo
1683 3332 1894 3372 dicebatur
1908 3331 2120 3386 Μάμὸαρος
2146 3343 2155 3370 :
2180 3330 2282 3370 adeo
2302 3338 2349 3370 ut
2365 3330 2427 3371 vel
2445 3331 2594 3373 alteru-

1360 3403 1470 3437 trum
1487 3404 1743 3450 corruptum,
1759 3394 1822 3434 vel
1837 3408 1887 3434 ex
1904 3401 2082 3447 utroque
2101 3406 2243 3432 verum
2264 3393 2317 3432 sit
2331 3392 2590 3435 eliciendum.

1358 3461 1490 3500 Nimis
1507 3461 1594 3500 haec
1611 3473 1709 3512 vaga
1724 3465 1834 3497 sunt.
1852 3458 2043 3497 Ceterum
2054 3455 2318 3496 Ptolemaeum
2332 3463 2472 3495 nostro
2484 3457 2594 3497 Peri-

1358 3522 1426 3576 plo
1442 3536 1562 3562 usum
1578 3535 1663 3561 esse
1678 3518 2019 3560 Schwanbeckius
2031 3526 2182 3567 censet,
2197 3517 2301 3557 nihil
2316 3525 2451 3557 tamen
2461 3518 2593 3559 attulit

1360 3584 1472 3638 quod
1490 3585 1570 3623 vim
1590 3583 1735 3623 habeat
1749 3580 2038 3636 persuadendi,
2061 3581 2199 3621 omisit
2210 3594 2307 3620 vero
2325 3594 2415 3634 quae
2431 3588 2590 3620 contra-

1356 3650 1465 3689 rium
1484 3654 1719 3700 coarguant.
1738 3646 1753 3698 Η
1767 3669 1823 3675 -
1841 3658 1905 3698 19.
1925 3646 1992 3695 τῆς
2011 3643 2170 3690 Σκυθίας
2183 3643 2432 3697 συνορίζοντα
2448 3640 2591 3696 Ἰῧηρίᾳ

1359 3711 1548 3758 καλεῖται,
1570 3707 1617 3748 τὰ
1646 3705 1939 3761 παραθαλάσσια
1966 3704 2007 3745 δὲ
2039 3703 2308 3760 Συνραστρηνή
2331 3703 2483 3751 codex3
2506 3717 2585 3742 em.

1357 3775 1561 3813 Mannert.
1583 3771 1638 3819 V,
1662 3783 1698 3818 1,
1719 3783 1762 3823 p.
1791 3782 1884 3822 171,
1908 3768 1986 3808 nisi
2008 3767 2121 3822 quod
2138 3764 2487 3818 1611111111Ἶὸηρία,
2510 3777 2586 3817 pro

1359 3848 1441 3888 quo
1463 3832 1704 3874 Ptolemaeus
1729 3831 1826 3879 VII,
1865 3843 1883 3869 1
1909 3837 2018 3870 recte
2048 3829 2170 3869 habet
2197 3827 2360 3880 Ἀὅιρία;
2387 3824 2499 3864 Indis
2526 3833 2586 3864 est

1359 3896 1520 3936 Abln‘ra
1553 3895 1568 3946 (
1591 3895 1646 3933 V.
1670 3895 1821 3933 Lassen
1851 3894 1913 3932 De
1944 3890 2245 3946 pentapotamia
2276 3886 2416 3927 Indica
2444 3899 2486 3939 p.
2512 3889 2579 3925 26.

1360 3957 1509 4011 Bensey
1548 3956 1573 3995 l.
1607 3954 1633 3994 l.
1660 3968 1702 4009 p.
1724 3967 1769 4007 9¹
1796 3953 1828 4008 )‚
1861 3953 1972 4006 regio
1992 3953 2104 3992 ssuvii
2137 3950 2248 3991 ostiis
2278 3948 2423 3988 vicina.
2459 3945 2581 4000 Apud

2378 4028 2414 4058 19
