2808 4342
519 6 569 58 Ο
828 55 838 58 -

734 91 780 135 Ο

155 218 248 258 246
551 234 597 277 0

156 311 389 375 quivore'·
426 311 520 371 μεθ’
541 309 593 367 ἣν
630 308 791 372 Kopai«
824 310 851 362 ἡ
882 308 923 351 ἰν
943 303 1128 365 Butam,
1169 304 1388 367 ὀχύρωμα,

155 386 314 444 σχοῖνοι
341 378 397 441 γ’.
430 378 507 427 Ἔν
543 377 686 430 δεξιοῖς
711 374 866 429 ταύτης
895 372 1171 435 Μαννούορρα
1202 372 1389 436 Αὗυρὴθ,

154 449 353 513 ὀχύρωμα
377 447 448 495 καὶ
469 446 615 511 κρήνη,
637 444 680 498 ἐξ
695 438 745 500 ἧς
766 443 956 505 ἅρδουσιν
977 443 1015 487 οῖ
1038 441 1254 505 ἐγχώριοι,
1270 449 1392 507 σχοῖ-

154 537 218 565 νοι
254 518 302 566 ε’.
339 509 446 565 Εἶτα
473 511 810 576 Κομμισίμὸηλα
842 513 874 557 ὀ”
896 510 1067 573 ύρωμα·
1102 518 1308 576 παραρρεῖ
1345 512 1389 560 δὲ

29 619 36 637 ι
108 606 128 633 5
156 586 342 648 ποταμὸς
369 585 532 645 Βίληχα
547 619 560 642 ,
584 587 739 643 σχοῖνοι
758 580 810 627 δ’.
832 582 868 627 E
886 598 939 626 τα
957 576 1153 642 ΙἈλαγμα
1171 581 1389 646 ὀχύρωμα,

155 657 335 717 σταθμὸς
352 652 579 717 βασιλικὸς,
593 654 750 713 σχοῖνοι
766 650 819 711 γ’·
840 651 930 711 μεθ’
942 649 987 697 ὃν
1003 646 1142 714 Ἴχναι
1154 651 1272 704 πόλις
1286 650 1390 700 Ἑλ..

154 804 242 831 nem
270 786 583 830 Anthemusiam
595 818 606 835 ,
626 798 754 826 unam
773 783 827 826 de
848 799 919 826 sex
936 786 1245 842 Mesopotamiae
1260 788 1390 842 parti-

153 852 246 900 bus»,
278 856 508 891 memorat:
546 847 647 903 Πρὸς
669 849 719 904 τῇ
757 845 932 903 Ἀρμενίᾳ
960 845 985 899 ἢ
1025 845 1298 903 Ἆνθεμουσία,
1329 848 1391 904 {np’

151 915 199 966 ἣν
223 912 247 965 ἦ
269 911 467 959 Χαλκῖτις.
491 910 688 952 Similiter
707 910 911 964 regionis,
941 923 1027 951 non
1058 909 1173 951 urbis
1189 942 1201 961 ,
1236 910 1392 967 Anthe-

152 975 295 1016 musiae
330 973 612 1014 meminerunt
633 972 859 1027 Eutropius
887 972 1007 1021 vm,
1038 984 1081 1021 2,
1112 972 1259 1013 Sextus
1292 971 1389 1014 Rus.

151 1052 190 1079 c.
213 1050 268 1079 2ο
288 1044 331 1078 et
348 1035 595 1078 Ammianus
625 1034 807 1076 Marcell.
830 1035 951 1085 XIV,
975 1034 1017 1085 3,
1044 1034 1095 1076 3:
1121 1038 1279 1076 Batune
1305 1049 1391 1076 mu-

153 1099 355 1157 nicipium
381 1098 424 1140 in
439 1097 715 1140 Anthemusia
738 1096 950 1139 conditum
974 1096 1244 1139 Macedonum
1267 1112 1391 1138 manu

146 1162 395 1219 priscorum,
410 1161 464 1203 ab
478 1161 693 1217 Euphrate
696 1160 836 1215 fluvio
845 1159 988 1217 spatio
1002 1160 1118 1202 brevi
1133 1169 1387 1217 separatum,

152 1225 344 1279 refertum
369 1222 664 1266 mercatoribus
683 1222 888 1279 opulentis
913 1222 927 1279 (
958 1220 1023 1266 Cf.
1048 1224 1209 1273 XXIII,
1235 1236 1279 1274 2,
1307 1238 1331 1278 7
1356 1226 1388 1277 ).

150 1289 204 1329 Ni
227 1287 359 1339 fallor,
378 1288 491 1342 regio
514 1286 785 1328 Anthemusia
809 1294 870 1327 est
895 1284 1041 1327 eadem
1062 1300 1187 1342 quam
1208 1285 1392 1327 Isidorus

151 1349 253 1391 dicit
267 1350 461 1402 Βατάνην,
482 1347 583 1389 urbs
594 1356 730 1388 autem
747 1347 898 1388 Isidori
917 1348 1218 1402 Anthemusia(
1237 1347 1290 1389 de
1305 1351 1391 1390 An·

152 1412 367 1454 themunte
375 1411 631 1454 Macedonia:
642 1409 775 1466 dicta)
788 1425 873 1451 non
889 1409 1051 1452 diversa
1058 1419 1118 1452 cst
1129 1411 1181 1453 ab
1191 1425 1254 1462 ea,
1266 1423 1391 1467 quam

150 1474 219 1517 alii
243 1483 391 1517 vocant
411 1476 609 1516 Batauam
639 1472 704 1514 vel
724 1474 897 1523 Batnas,
921 1472 1198 1515 Macedonum
1220 1487 1325 1529 opus
1348 1474 1391 1513 in

151 1538 426 1581 Anthemusia
448 1537 616 1591 regione
638 1535 976 1578 florentissimum
1005 1538 1023 1589 (
1041 1534 1143 1578 Vid.
1167 1537 1249 1577 Dio
1277 1537 1388 1578 Cass.

153 1600 349 1651 LXVIII,
364 1598 625 1650 23311ierocl.
641 1599 978 1654 p.714;Procop.
991 1599 1039 1639 B.
1049 1599 1162 1640 Pers.
1174 1600 1230 1649 Π,
1246 1611 1311 1649 12,
1325 1611 1390 1653 17,

152 1675 195 1717 p.
214 1674 295 1716 209
313 1678 324 1713 ;
342 1663 406 1703 De
420 1660 531 1703 aedif.
549 1662 606 1711 11,
634 1675 659 1715 7
674 1675 686 1711 ;
702 1661 892 1701 Zosimus
913 1662 990 1710 111,
1014 1674 1089 1711 123
1115 1661 1268 1716 Geogr.
1286 1663 1387 1702 Rav.

150 1726 210 1775 11,
231 1725 305 1775 13;
321 1725 420 1766 Itin.
443 1737 487 1780 p.
515 1737 608 1778 190.
639 1735 743 1777 1923
766 1722 909 1778 Steph.
926 1723 1024 1778 Byz.
1050 1737 1090 1764 v.
1115 1723 1259 1764 Βάτναι
1279 1725 1312 1778 ).
1341 1723 1391 1763 In

150 1785 326 1827 eandem
342 1786 588 1827 sententiam
600 1784 759 1826 ducunt
773 1786 953 1825 rationes
967 1784 1273 1826 distantiarum.
1286 1785 1391 1829 Nam

150 1851 301 1893 Batnas
316 1848 586 1900 Reichardus,
616 1850 792 1904 Lapieus
806 1880 818 1899 ,
849 1849 1087 1904 Chesneyus
1108 1857 1220 1890 recte
1246 1853 1392 1906 procul

153 1912 285 1955 dubio
317 1912 504 1955 referunt
531 1911 584 1953 ad
614 1911 860 1953 hodiernam
892 1915 1026 1964 Sat-ug
1058 1911 1143 1953 sive
1176 1913 1387 1967 Semndge,

152 1989 247 2031 quae
274 1989 388 2017 nunc
404 1974 608 2030 adjacenti
634 1974 792 2029 regioni
821 1988 974 2015 nomen
1007 1972 1104 2024 dat,
1135 1982 1176 2016 et
1204 1974 1256 2016 ab
1286 1977 1391 2030 Ursa

153 2039 171 2092 (
194 2046 332 2081 vetere
346 2037 500 2080 Edessa
517 2037 658 2094 )abest
674 2038 756 2079 250
775 2036 858 2078 sere
873 2036 1035 2087 stadiis,
1056 2037 1161 2078 sicut
1183 2039 1226 2078 in
1245 2039 1388 2081 Itiner.

151 2102 254 2143 Ant.
271 2101 300 2143 l.
325 2101 355 2143 l.
377 2100 431 2142 ab
451 2100 604 2143 Edessa
622 2099 675 2142 ad
692 2102 842 2142 Batnas
863 2107 1157 2155 computantur
1175 2100 1287 2143 milia
1318 2103 1391 2143 tri·

152 2163 267 2217 ginta
294 2163 408 2220 (240
427 2162 532 2205 stad.
553 2165 585 2217 ).
610 2161 677 2204 Ad
705 2162 959 2217 Euphratem
981 2175 1078 2202 vero
1098 2160 1194 2202 inde
1212 2176 1236 2203 a
1262 2166 1397 2217 Sar-ug

151 2223 260 2267 linea
278 2233 390 2267 recta
408 2225 452 2266 in
478 2237 628 2279 mappa
646 2223 912 2279 Chesneyana
929 2231 1027 2264 sunt
1045 2225 1128 2266 220
1155 2223 1285 2266 stadia
1295 2241 1308 2276 ς
1328 2239 1391 2267 se·

153 2286 340 2329 cundum
359 2286 570 2328 Isidorum
590 2285 643 2327 ab
669 2286 882 2342 Euphrate
909 2285 962 2327 ad
989 2286 1304 2329 Anthemusiam
1327 2289 1393 2330 via

152 2358 214 2391 αἱ
249 2358 346 2392 octo
372 2349 639 2391 schoenorum
668 2349 755 2391 sive
789 2348 1018 2390 stadiorum
1044 2352 1142 2399 240.
1178 2351 1318 2392 Restat
1346 2359 1394 2393 ut

152 2427 346 2455 moneam
372 2413 602 2454 etiamnum
623 2412 835 2467 regionem
862 2412 970 2453 hanc
999 2412 1261 2454 creberrimis
1292 2413 1392 2455 vicis

153 2477 355 2518 consitam
378 2476 528 2518 mereri
551 2483 668 2517 vetus
690 2489 843 2516 nomen
867 2474 1162 2517 Anthemusiae.
1192 2477 1208 2531 ΙΙ
1232 2500 1289 2508 -
1304 2477 1391 2517 Κο-

154 2538 261 2595 pala
281 2537 307 2590 ἡ
328 2537 373 2580 ἐν
394 2535 588 2595 Βατάνῃ
606 2538 622 2594 ]
641 2538 784 2594 Βιτάνῃ
804 2538 851 2578 Β.
871 2538 933 2578 De
959 2539 1102 2579 Coraea
1115 2537 1282 2580 aliunde
1307 2554 1391 2582 non

153 2609 328 2643 constat.
351 2600 599 2655 Forbigerus
617 2601 634 2654 (
651 2602 795 2652 Geogr.
817 2602 872 2650 ΙΙ,
894 2614 937 2655 p.
956 2600 1066 2657 629)
1090 2610 1234 2657 aperto
1252 2616 1393 2645 errore

153 2663 329 2706 eandem
342 2664 466 2706 habet
474 2678 569 2706 cum
579 2663 761 2715 Carrhis,
772 2662 874 2705 urbe
886 2664 1114 2716 notissima,
1124 2678 1216 2720 quae
1224 2679 1308 2707 non
1321 2680 1390 2720 90,

154 2726 227 2769 sed
253 2741 377 2782 supra
405 2735 588 2768 trecenta
608 2726 739 2768 stadia
764 2725 903 2767 distat.
929 2727 1111 2767 Ritterus
1140 2727 1217 2778 XI,
1244 2742 1287 2783 p.
1311 2730 1393 2771 280

154 2790 340 2832 Cora-am
365 2789 545 2830 fortassis
575 2788 907 2844 componendam
935 2803 1023 2831 esse
1047 2790 1279 2845 suspicatur
1297 2805 1392 2832 cum

154 2850 256 2893 hod.
277 2851 434 2893 Arslan
470 2851 581 2903 Tagla
606 2853 620 2904 (
646 2852 676 2891 i.
698 2866 736 2892 e.
759 2851 925 2892 leonum
950 2859 1090 2892 monte
1112 2854 1144 2905 ),
1169 2851 1262 2894 loco
1290 2852 1395 2894 duo·

155 2914 235 2956 bns
249 2913 436 2955 leonibus
453 2929 476 2954 e
503 2913 687 2954 basanite
704 2912 839 2968 lapide
854 2914 999 2954 excisis
1019 2914 1272 2955 memorabili
1294 2917 1310 2968 (
1336 2917 1390 2957 V.

155 2976 359 3033 Cbeaney,
379 2978 426 3027 1,
454 2989 497 3032 p.
524 2978 599 3025 114
616 2978 648 3029 ).
673 2976 752 3016 Hic
782 2989 881 3016 vero
902 2989 1033 3030 quum
1066 2990 1089 3015 a
1123 2980 1256 3029 Sat-ug
1284 2987 1394 3019 recta

154 3038 263 3083 linea
283 3038 502 3081 meridiem
531 3051 672 3080 versus
700 3037 803 3078 situs
821 3038 896 3088 sit,
927 3036 1127 3088 Isidorus,
1156 3039 1187 3078 si
1214 3038 1392 3080 eundem

153 3101 391 3153 indicasset,
413 3115 500 3143 non
522 3100 660 3156 potuit
684 3097 823 3141 dicere
846 3098 885 3140 ἔν
915 3098 1053 3147 δεξιοῖς
1084 3098 1222 3151 ταύτης
1254 3099 1307 3141 de
1332 3101 1395 3142 via

154 3163 208 3207 ad
220 3163 430 3207 Balicham
452 3163 627 3205 fluvium
651 3161 862 3204 tendente.
884 3161 1048 3216 Quibus
1063 3161 1197 3203 verbis
1219 3163 1316 3203 satis
1332 3164 1393 3204 in-

155 3227 349 3283 telligitur
396 3227 582 3269 Coraeam
622 3224 677 3267 ab
707 3223 1032 3268 Anthemusiade
1069 3225 1269 3267 orientem
1310 3225 1393 3267 sere

155 3304 296 3331 versus
324 3290 443 3331 sitam
478 3287 602 3329 fiiisse
618 3285 672 3329 ad
693 3294 854 3328 montes
882 3287 953 3343 qui
974 3288 1156 3329 Bataneu
1183 3287 1392 3342 regionem

154 3352 207 3394 ab
221 3360 317 3394 ortu
331 3351 626 3394 determinant.
641 3352 779 3406 Atque
791 3349 899 3391 hanc
911 3350 987 3392 viae
999 3349 1268 3391 directionem
1284 3358 1394 3392 recte

155 3413 321 3456 exhibet
340 3415 516 3470 Lapieus
527 3445 538 3465 ,
555 3414 708 3457 Coraeae
718 3410 956 3455 adscribens
974 3427 1127 3455 nomen
1136 3411 1215 3455 loci
1227 3411 1393 3455 hodier-

156 3477 201 3517 ni
234 3476 487 3526 Rabbanieh,
516 3475 569 3518 de
589 3489 676 3533 quo
704 3475 806 3518 mihi
827 3491 912 3518 non
937 3484 1112 3518 constat.
1136 3475 1287 3517 Verbis
1308 3474 1332 3528 ἢ
1353 3473 1392 3517 ἰν

156 3538 312 3595 Βατάνῃ
353 3538 539 3581 Isidorus
570 3540 698 3582 hocce
726 3538 928 3596 oppidum
954 3539 1008 3582 ab
1035 3540 1118 3582 alio
1148 3539 1394 3594 cognomine

123 3620 136 3629 ·
155 3599 323 3643 videtur
338 3599 604 3655 distinguere.
622 3604 762 3655 Quare
777 3603 819 3643 in
836 3611 1014 3644 mentem
1032 3602 1145 3645 venit
1157 3616 1235 3659 pro
1250 3601 1394 3658 Κοραία

158 3659 330 3705 fortasse
347 3661 426 3717 leg.
453 3676 540 3703 esse
560 3663 710 3718 Βέροια.
742 3663 823 3706 Sed
851 3665 953 3707 nihil
975 3663 1179 3721 ejusmodi
1197 3664 1394 3721 suspicio-

155 3723 283 3767 nibus
301 3723 456 3767 tribuo.
479 3725 496 3779 ΙΙ
512 3748 569 3756 —
586 3725 813 3767 Μαννούο
827 3742 913 3782 ρρα
935 3726 1117 3783 Λῦυρὴθ
1134 3728 1149 3784 ]
1168 3727 1224 3769 Μ.
1246 3723 1394 3783 Αὗυρὴρ

158 3785 253 3830 cod.
278 3788 327 3830 B.
352 3785 609 3843 Μανουοορρα
641 3788 761 3842 (sine
782 3803 868 3831 acc.
894 3792 910 3844 )
934 3788 1086 3846 αὗυρὴθ
1105 3793 1158 3833 A.
1183 3788 1395 3832 Fabricius

159 3850 324 3907 scripsit
343 3847 485 3907 Λῦιρὴθ
497 3881 509 3902 ,
530 3850 643 3892 inani
659 3852 892 3893 conamine.
911 3851 1088 3895 Aliunde
1101 3851 1155 3894 de
1172 3852 1264 3895 loco
1281 3850 1393 3894 haud

158 3911 302 3968 liquet.
329 3913 573 3955 Mannertus
594 3913 650 3965 V,
684 3926 726 3965 2,
756 3927 800 3969 p.
821 3927 903 3969 279
932 3923 1069 3956 censet
1095 3914 1212 3956 urbis
1242 3927 1394 3956 nomen

159 3988 246 4016 esse
265 3974 404 4031 Ὄρρα,
423 3975 451 4016 i.
469 3990 508 4018 e.
528 3974 697 4026 Edessa,
714 3975 839 4017 hodie
862 3975 994 4027 [st-fida
1015 3977 1074 4017 vel
1094 3977 1395 4031 Orsa,-1tt<ivvoo

160 4034 342 4077 indicare
363 4036 478 4078 urbis
496 4038 724 4094 principem
738 4069 749 4089 ,
766 4035 909 4094 ‘quum
938 4040 1115 4100 Mannus
1143 4039 1325 4081 Arabum
1351 4038 1393 4079 in

1118 205 1195 251 181
1203 197 1346 253 nom
1381 204 1733 254 anaAOENI

2618 209 2690 273 (s.)

1458 321 1698 370 postquam
1728 314 1896 365 Com,
1927 314 1970 356 in
1998 315 2151 357 Batana
2179 317 2279 366 sita,
2302 315 2534 366 castellum,
2566 315 2700 360 schoe-

1460 381 1503 423 ni
1533 381 1575 424 3.
1607 381 1676 425 Ad
1695 381 1884 425 dextram
1916 382 2040 440 hujus
2060 384 2344 427 Mannuorrha
2370 385 2577 442 Auyreth,
2602 399 2695 430 mu-

1460 450 1694 492 nimentum
1728 458 1770 492 et
1808 449 1923 502 sons,
1962 450 2075 494 unde
2105 460 2250 508 potum
2283 452 2435 495 habent
2470 453 2693 508 indigenae,

1458 516 1615 558 schoeni
1656 517 1696 559 5.
1732 517 1895 559 Deinde
1934 519 2267 562 Commisimbela
2315 521 2545 573 castellum,
2582 521 2696 578 quod

1459 585 1700 641 praeterssuit
1729 588 1863 639 amnis
1896 587 2059 630 Bilecha
2097 586 2162 645 (s.
2202 588 2366 631 Balicha
2385 590 2417 645 ),
2452 591 2609 634 schoeni
2650 594 2693 641 k.

1460 653 1566 695 Dein
1587 653 1772 709 Alagma,
1794 654 1909 697 locus
1926 657 2128 707 munitus,
2148 658 2307 698 mansio
2327 658 2450 711 regia,
2469 658 2624 700 schoeni
2646 658 2694 709 3;

1458 788 1756 844 Moeopotamia
1778 788 1964 843 regulus,
1989 791 2060 846 qui
2077 790 2258 846 Trajano
2279 806 2321 832 se
2341 791 2522 842 dederit,
2543 807 2698 835 memo·

1460 857 1576 891 retur
1595 849 1709 906 apud
1738 851 1865 892 Dion.
1895 852 2008 894 Cass.
2027 853 2222 904 LXVIII,
2240 866 2280 895 2.
2313 854 2389 895 Vel
2404 855 2516 895 hunc
2533 856 2667 911 ipsum
2682 887 2695 906 ,

1461 911 1525 952 vel
1547 911 1672 953 alium
1685 910 1897 967 Juniorem
1918 914 2137 964 Mannum,
2163 928 2287 969 quem
2305 917 2352 957 L.
2377 917 2474 957 Veri
2502 918 2697 972 tempori-

1460 974 1539 1014 bus
1557 974 1672 1015 numi
1692 973 1908 1024 exhibent,
1925 973 1979 1015 ab
1992 974 2154 1016 Isidoro
2176 977 2359 1031 intelligi.
2378 979 2534 1020 Vocem
2551 979 2697 1021 obscu-

1461 1049 1550 1076 ram
1566 1033 1714 1091 Αὗυρὴρ
1736 1034 1907 1077 sortasse
1927 1035 2157 1090 significare
2178 1036 2406 1094 καλλιρόην,
2426 1041 2538 1095 quod
2562 1041 2695 1084 Plinio

1462 1106 1562 1140 teste
1582 1101 1668 1152 (V,
1682 1101 1765 1154 24)
1794 1113 2024 1153 cognomen
2041 1107 2130 1141 erat
2141 1098 2318 1143 Edoesae.
2340 1104 2395 1143 At
2409 1116 2462 1143 ne
2478 1102 2531 1144 de
2546 1104 2696 1147 Edem

1461 1162 1687 1215 cogitemus
1708 1169 1749 1203 et
1774 1160 1949 1203 directio
1971 1162 2045 1203 viae
2070 1169 2111 1203 et
2128 1161 2344 1217 longitudo
2371 1172 2492 1206 vetat.
2518 1166 2699 1209 Ritterus

1462 1222 1488 1263 l.
1513 1223 1540 1264 l.
1566 1224 1609 1264 in
1644 1238 1738 1279 ορρα
1770 1238 1991 1279 agnoscere
2022 1223 2099 1265 sibi
2131 1224 2295 1267 videtur
2330 1226 2507 1280 regionis
2545 1242 2699 1272 nomen

1461 1284 1595 1340 ὀρρόη,
1614 1285 1726 1327 unde
1738 1285 1890 1328 sactum
1901 1287 1954 1327 sit
1975 1284 2141 1342 ὀρροηνὴ
2157 1295 2199 1329 et
2209 1286 2393 1343 ὀσροηνὴ,
2411 1288 2554 1332 collata
2568 1290 2705 1333 Rhoa-

1464 1346 1594 1388 lorum
1615 1356 1757 1403 gente,
1774 1362 1899 1404 quam
1929 1349 1972 1389 in
1996 1348 2077 1390 hoc
2099 1348 2183 1391 sere
2202 1357 2335 1391 tractu
2353 1350 2524 1392 collocat
2545 1352 2702 1395 Plinius

1462 1411 1539 1460 VI,
1563 1411 1632 1452 30.
1658 1413 1721 1453 De
1739 1411 1897 1468 reliqua
1923 1413 2104 1454 nominis
2133 1413 2292 1455 ratione
2311 1413 2493 1470 prudens
2518 1416 2699 1459 Ritterus

1462 1472 1565 1514 nihil
1579 1472 1794 1529 dijudicat.
1819 1475 1969 1516 Nescio
1990 1489 2043 1517 an
2072 1475 2156 1517 huc
2173 1476 2375 1532 pertineat
2401 1479 2553 1518 Oruros
2578 1477 2697 1519 Plinii

1462 1536 1538 1586 VI,
1561 1536 1652 1590 305
1671 1550 1747 1592 ¹¹9
1770 1537 1915 1593 salig„
1938 1537 2009 1579 ubi
2038 1546 2131 1594 post
2154 1542 2378 1594 Apameam
2400 1547 2441 1580 et
2454 1540 2697 1595 Caphrenen

1462 1606 1716 1640 memoratur
1733 1599 1931 1641 Tlooebata
1941 1608 1980 1640 et
1994 1598 2122 1641 ductu
2134 1600 2321 1657 Pompeji
2334 1600 2482 1654 Magni
2501 1603 2698 1645 terminus

1462 1660 1637 1703 Romam·
1665 1661 1829 1718 imperii
1856 1664 2009 1704 Oruros
2033 1677 2061 1703 a
2078 1665 2301 1715 Zeugmate
2328 1666 2422 1706 CCL
2446 1663 2616 1706 milibus
2626 1680 2694 1722 p.,

1461 1723 1505 1764 in
1526 1723 1677 1779 quihus
1692 1722 1896 1765 distantiae
1914 1732 2055 1766 notam
2066 1733 2304 1781 corruptam
2323 1740 2410 1767 esse
2421 1726 2562 1782 liquet.
2581 1728 2695 1770 Fort.

1461 1784 1538 1840 leg.
1564 1786 1647 1828 CC.
1679 1799 1788 1841 pasS.
1813 1794 1853 1827 et
1884 1788 1919 1828 L
1942 1786 2042 1828 mill.
2067 1786 2189 1843 Apud
2210 1787 2416 1828 Isidorum
2439 1802 2462 1828 a
2478 1789 2700 1842 Zeugmate

1462 1848 1516 1890 ad
1558 1848 1888 1891 Mannuorrham
1921 1849 2055 1891 sorent
2091 1850 2201 1891 milia
2232 1851 2323 1891 Lx,
2365 1848 2430 1891 Cf.
2468 1851 2599 1892 Ritter
2628 1852 2695 1903 X,

1462 1927 1504 1969 p.
1530 1916 1627 1967 961.
1657 1914 1779 1955 1118.
1806 1913 1960 1968 Lapieo
1987 1913 2272 1954 Mannuorrha
2293 1921 2353 1953 est
2374 1912 2543 1968 Aghdja
2565 1916 2697 1957 Kar-a.

1467 1976 1483 2030 ΙΙ
1507 1999 1565 2007 -
1597 1974 1866 2032 ὀχύρωμα]
1895 1975 2085 2017 Parthica
2108 1974 2260 2031 oppida
2283 1988 2412 2031 quum
2441 1975 2525 2016 sere
2558 1977 2699 2019 omnia

1462 2038 1622 2079 munita
1642 2037 1795 2079 fuerint
1809 2069 1821 2088 ,
1845 2052 1892 2079 ea
1907 2051 1999 2093 quae
2017 2051 2206 2094 expresse
2221 2045 2421 2080 vocantur
2438 2037 2695 2095 ὀχυρώματα,

1463 2101 1727 2155 insigniorem
1754 2102 1796 2141 in
1826 2099 1999 2142 modum
2022 2108 2110 2142 tuta
2142 2100 2265 2142 fuisse
2299 2108 2437 2142 censet
2458 2102 2653 2144 Ritterus.
2677 2105 2694 2158 ΙΙ

1460 2187 1517 2196 -
1536 2163 1731 2220 Κομμισ
1745 2163 2010 2219 ίμὸηλα]...
2034 2162 2247 2219 βισίμὸηλα
2266 2164 2314 2214 Β,
2332 2162 2698 2207 nuncdeletislite-

1461 2226 1518 2267 ris
1536 2225 1695 2281 primis.
1723 2227 1858 2267 Locus
1877 2225 2056 2279 ignotus.
2078 2225 2233 2280 Lapieo
2247 2232 2310 2265 est
2330 2223 2374 2265 h.
2392 2225 2643 2280 llo-abead&
2676 2229 2693 2283 ΙΙ

1460 2312 1518 2321 -—
1539 2289 1568 2330 B
1582 2288 1697 2343 ίληχ
1708 2287 1763 2344 α]
1781 2287 1923 2330 Paullo
1940 2295 2035 2343 post
2058 2285 2183 2328 codd.
2208 2286 2383 2342 Βάλιχα,
2410 2285 2536 2344 idque
2554 2289 2699 2345 praese-

1461 2350 1639 2392 rendum
1655 2358 1773 2406 puto,
1794 2364 1923 2406 quum
1945 2350 2110 2401 fluvius,
2132 2363 2182 2391 ex
2206 2350 2339 2392 Crassi
2358 2349 2530 2392 historia
2551 2359 2697 2405 notus,

1461 2427 1528 2469 ap.
1543 2413 1750 2456 Plutarch.
1772 2414 1906 2455 Crass,
1921 2427 1959 2454 c.
1978 2413 2030 2454 23
2050 2420 2092 2454 et
2106 2411 2204 2454 hinc
2221 2413 2263 2453 in
2279 2411 2478 2454 Parthicis
2496 2412 2714 2471 Pseudap-·

1461 2477 1571 2531 piani
1595 2490 1637 2531 p.
1666 2479 1715 2526 41
1741 2475 1902 2530 Schwg.
1937 2474 2099 2517 dicatur
2119 2474 2328 2525 Βάλισσος,
2350 2473 2463 2529 quod
2486 2488 2638 2518 nomen
2657 2477 2716 2519 in‘

1461 2538 1652 2580 Strabon.
1675 2539 1793 2588 XVI,
1811 2553 1853 2594 p.
1880 2541 1961 2592 747
1981 2537 2083 2578 abiit
2105 2537 2147 2577 in
2172 2536 2369 2585 Βασίλειος
2386 2537 2572 2592 ποταμός.
2598 2539 2698 2579 Am·

1462 2603 1601 2645 miano
1615 2601 1796 2644 Marcell.
1833 2602 1992 2651 XXIII,
2018 2601 2060 2651 3,
2086 2615 2110 2655 7
2140 2609 2201 2641 est
2221 2600 2330 2641 Beles
2356 2614 2389 2640 s.
2429 2599 2594 2649 Belias,·
2628 2614 2695 2657 ap.

1464 2665 1710 2707 Abull'edam
1746 2664 1805 2707 EI
1845 2663 2005 2706 Balich.
2051 2663 2313 2705 Recentiores
2349 2669 2497 2703 vocant
2533 2661 2698 2703 Bali-ecla

1463 2728 1479 2779 (
1495 2727 1638 2768 Gelius
1654 2726 1706 2768 ad
1730 2725 1935 2781 Alsergan.
1955 2739 1996 2781 p.
2017 2725 2099 2767 250
2114 2724 2147 2781 ),
2168 2723 2340 2778 Balyclte
2355 2724 2372 2776 (
2386 2722 2647 2779 Beauchamp
2661 2725 2695 2777 ),

1463 2789 1604 2831 Beliklz
1623 2803 1695 2830 seu
1713 2788 1845 2830 Belize
1872 2788 1884 2843 (
1909 2787 2096 2842 Cbesney
2119 2789 2151 2841 ).
2177 2787 2274 2828 Pars
2295 2784 2383 2840 ejus
2402 2786 2590 2841 superior
2609 2785 2698 2828 son-

1463 2852 1655 2908 tibusque
1670 2851 1905 2907 propinqua
1933 2851 2041 2891 circa
2056 2849 2232 2892 Carrhas
2251 2847 2453 2903 (Hamn)
2472 2847 2699 2904 appellatur

1462 2914 1591 2955 Jubal
1620 2915 1636 2968 (
1666 2913 1853 2969 Chesney
1878 2912 1891 2971 )
1915 2911 1976 2954 vel
2007 2911 2159 2954 Guilab
2193 2913 2209 2963 (
2225 2910 2370 2953 Golius
2390 2909 2428 2966 ),
2468 2917 2509 2951 et
2529 2909 2699 2954 Gallaba

1463 2978 1548 3018 sive
1575 2975 1796 3019 Medorum
1819 2976 1968 3017 fluvius
1992 2988 2060 3031 ap.
2088 2976 2154 3016 Jo.
2190 2973 2360 3030 Styliten
2384 2974 2425 3014 in
2450 2976 2693 3016 Assemann.

1463 3039 1569 3081 Bibl.
1593 3040 1742 3081 orient.
1766 3046 1797 3080 t.
1816 3039 1851 3089 1,
1882 3053 1923 3094 p.
1948 3050 2046 3093 277.
2081 3038 2225 3092 Itaque
2238 3050 2368 3092 quum
2396 3050 2490 3078 mox
2514 3036 2702 3079 Isidorus

1464 3101 1701 3143 Galabatha
1732 3101 1868 3142 locum
1903 3107 2126 3150 memoret,
2158 3097 2200 3140 id
2223 3113 2375 3140 nomen
2398 3113 2421 3140 a
2448 3099 2562 3141 fluvii
2592 3099 2699 3142 illius

1465 3164 1633 3205 nominc
1646 3164 1796 3219 repetit
1818 3163 1950 3204 Ritter
1966 3164 2043 3212 XI,
2071 3176 2113 3218 p.
2133 3162 2232 3211 250,
2258 3162 2417 3203 ratione
2435 3173 2581 3217 parum
2599 3175 2698 3218 pro·

1464 3225 1603 3268 babili.
1629 3226 1646 3280 ΙΙ
1662 3249 1718 3257 -
1745 3224 1894 3280 Ἀλαγ
1909 3240 1968 3280 μα
1987 3225 2001 3280 ]
2033 3226 2204 3279 Ignotus
2218 3223 2332 3265 locus
2352 3223 2505 3280 Lapieo
2518 3231 2579 3266 αἱ
2594 3223 2695 3267 hod.

1464 3287 1626 3329 Zeilan.
1654 3288 1670 3342 ΙΙ
1697 3311 1753 3319 --
1775 3287 2061 3342 βασιλικὸς]
2091 3307 2106 3322 ι
2133 3288 2209 3328 Les
2244 3286 2438 3327 statbmoe
2468 3285 2702 3330 ordinaires

1463 3350 1614 3392 etaient
1631 3348 1684 3391 de
1702 3349 1867 3406 simples
1885 3350 2205 3400 caravanserais,
2226 3357 2265 3390 et
2288 3348 2344 3390 les
2363 3361 2519 3404 royaux
2539 3346 2612 3390 des
2625 3362 2698 3406 pa·
2784 3342 2797 3398 ,Δ

1463 3412 1535 3454 lais
1553 3411 1762 3469 repandus
1779 3411 1883 3454 dans
1899 3420 2012 3453 toute
2025 3411 2150 3454 l'Asie
2165 3414 2181 3465 (
2199 3425 2237 3452 v.
2260 3409 2461 3452 Herodot.
2481 3411 2536 3460 V,
2555 3409 2607 3452 52
2623 3411 2655 3465 ).
2672 3428 2693 3448 ι

1462 3476 1773 3518 Smn-Cnozx
1797 3475 1868 3517 1.1.
1899 3490 1940 3531 p.
1967 3476 2033 3516 51.
2058 3476 2151 3529 11-
2175 3474 2374 3530 Ἴχναι]
2393 3471 2701 3530 Oppidumhoc

1463 3539 1506 3580 in
1521 3538 1654 3581 Crassi
1670 3537 1841 3579 historia
1861 3545 2113 3579 memoratur
2134 3551 2200 3593 ap.
2222 3536 2430 3579 Plutarch.
2459 3537 2591 3578 Crass.
2618 3536 2695 3588 25,

1463 3598 1764 3657 Pseudappian.
1782 3616 1824 3657 p.
1849 3604 1916 3655 49,
1936 3615 1988 3657 72
2003 3599 2072 3644 ed.
2092 3600 2281 3655 Schwgh.
2306 3600 2403 3642 etin
2420 3600 2545 3641 Dion.
2563 3599 2695 3652 Cass„

1464 3663 1557 3714 XL,
1587 3675 1635 3703 12
1658 3662 1727 3704 ubi
1756 3676 1765 3704 :
1796 3661 1941 3716 ἡττήθη
1961 3662 2002 3704 δὲ
2021 3662 2107 3719 περὶ
2124 3661 2267 3719 Ἰχνίας
2291 3661 2304 3718 (
2325 3662 2430 3717 sic),
2448 3663 2579 3717 τεῖχος
2596 3659 2710 3703 οὕτω

1463 3724 1719 3781 καλούμενον.
1750 3727 1858 3768 Loca
1888 3725 2039 3782 quibus
2061 3725 2226 3768 ultimas
2247 3725 2416 3767 Crassus
2436 3736 2597 3780 pugnas
2621 3735 2714 3779 pu-·

1463 3788 1603 3843 gnavit
1621 3789 1851 3830 accuratius
1873 3789 2086 3830 constituit
2108 3788 2288 3830 Ritterus
2316 3787 2371 3837 X,
2387 3800 2431 3843 p.
2461 3798 2561 3827 1121
2583 3798 2693 3842 sqq..

1462 3849 1689 3892 secundum
1719 3864 1843 3906 quem
1877 3850 2060 3906 primum
2089 3849 2276 3907 praelium
2306 3848 2571 3890 commissum
2611 3858 2698 3890 esee
2736 3852 2749 3861 ‘

1462 3911 1586 3954 debet
1607 3914 1714 3953 circa
1737 3926 1826 3953 eam
1849 3913 2082 3967 regionem,
2114 3925 2207 3968 quae
2225 3925 2276 3952 ex
2293 3908 2444 3952 Isidori
2466 3906 2694 3950 rationibus

1464 3974 1572 4016 inter
1604 3974 1936 4016 Commisimlwla
1974 3983 2015 4017 et
2052 3972 2336 4016 Mannuorrha
2372 3969 2572 4027 Auyreth.
2607 3972 2692 4010 erat

1465 4036 1613 4078 media.
2709 4041 2713 4047 ‘
