2756 4354
166 175 197 208 ¹·
481 192 528 235 o

234 275 260 319 9
272 277 290 308 ι
300 293 310 306 .
325 257 564 323 Ερίῑοιιιειι
581 267 783 305 nostram
804 256 853 302 in
867 254 1103 302 nonnullis
1114 251 1407 300 Pseudo-Ar·

132 377 134 379 ,
170 336 348 395 rianus,
361 331 445 396 qui
462 333 586 380 circa
604 332 815 394 quintum
829 339 933 392 post
950 327 1186 374 Christum
1202 326 1407 375 seculum

170 409 373 472 scripsit,
393 407 662 455 adhibuisse
680 406 888 459 videtur3
915 417 1018 448 nam
1036 417 1139 462 quoe
1155 402 1196 449 is
1212 401 1261 448 iu
1285 403 1408 466 peri·

169 485 248 548 plo
268 483 403 530 Ponti
422 482 588 529 Euxini
608 490 652 526 et
666 478 894 524 Maeotidis
916 475 1141 538 paludiss
1161 482 1217 531 44
1239 492 1289 540 p.
1315 484 1405 534 4¹²

168 555 345 607 hahet:
381 559 408 612 ἡ
428 556 470 602 δὲ
495 557 680 604 Μαιῶτις
706 552 829 611 λίμνη
866 548 1032 612 λέγι-ται
1068 551 1125 603 εἰς
1145 549 1278 612 ἥμισυ
1300 543 1407 599 εἶναι

167 638 242 682 τῶ
275 633 457 686 Πόντου,
477 630 633 676 eadem
665 627 828 673 iisdem
847 626 1005 674 verbis
1035 627 1161 690 apud
1191 627 1406 676 Nostrum

166 712 195 771 S
212 711 272 755 68
295 725 341 770 p.
374 708 433 753 58
457 706 685 764 leguntur.
710 703 943 764 integrum
967 719 1086 766 opus
1112 715 1218 751 ante
1246 704 1407 752 oculos
1429 698 1433 703 ’

169 784 384 831 habuisse
398 781 580 827 videtur
591 779 803 826 Pseudo·
810 779 1101 827 Dicaearchus
1118 780 1294 828 codicis
1309 782 1408 828 sive

168 857 418 919 Dionysius
440 853 775 915 Aglaophontis
802 854 926 902 filius
964 854 1016 900 in
1043 853 1284 917 Ἀναγραφῇ
1305 853 1407 903 Ἔλ-

165 935 305 990 λᾶδες,
330 930 454 993 quod
478 946 594 991 opus
620 945 676 975 ex
696 929 900 991 antiquis
931 928 1136 975 sontibus
1159 929 1405 975 conflatum

162 1009 216 1061 in
235 1009 339 1055 aliis
358 1007 544 1070 quidem
568 1022 594 1052 a
616 1005 782 1051 Nostro
803 1005 994 1062 recedit,
1011 1004 1407 1067 Naupactumque,

166 1097 216 1134 ut
235 1101 375 1132 unum
392 1085 601 1139 afferam,
625 1082 829 1128 nondum
867 1092 1076 1128 accenset
1097 1081 1300 1139 aetoliae,
1325 1081 1406 1129 sed

167 1161 376 1208 Locridis
394 1160 617 1223 oppidum
631 1159 760 1215 dicit,
776 1159 827 1205 in
839 1158 945 1205 aliis
959 1169 1109 1205 autem
1128 1174 1232 1205 cum
1242 1157 1407 1213 Nostro

167 1239 299 1295 facit,
334 1238 398 1284 ita
418 1248 569 1283 tamen
588 1246 638 1282 ut
661 1236 916 1297 pleniorem
936 1235 1109 1283 librum
1144 1245 1302 1282 auctor
1328 1250 1408 1282 ex·

165 1312 404 1374 cerpserit.
448 1311 547 1357 lluc
583 1311 778 1373 pertinet
801 1311 946 1357 Cretae
979 1310 1245 1373 descriptio,
1269 1326 1406 1372 quam

166 1396 359 1448 uterque
379 1387 443 1432 ita
462 1386 734 1441 instituit‚ut
757 1401 849 1431 non
864 1386 1073 1448 periplus
1088 1386 1250 1433 insulae
1273 1386 1403 1432 exhi·

166 1462 349 1522 beatur,
373 1463 453 1509 sed
470 1462 671 1508 borealis
693 1462 999 1523 australisque
1021 1462 1179 1508 lateris
1196 1462 1370 1525 oppida
1389 1497 1401 1519 ,

167 1554 272 1600 quae
289 1540 382 1585 situ
405 1538 496 1585 sibi
522 1538 853 1600 respondeant,
894 1538 1034 1584 simul
1066 1549 1403 1585 recenseantur.

166 1613 394 1661 Praeterea
415 1614 473 1659 de
489 1612 745 1660 Ambraciae
765 1612 896 1659 urbis
919 1614 1012 1660 situ
1026 1623 1071 1660 et
1092 1623 1231 1677 portu
1251 1615 1407 1661 clauso

166 1700 211 1736 et
236 1690 517 1736 Ambracicae
542 1690 736 1735 ditionis
759 1689 951 1751 paraplo
972 1689 1089 1735 nihil
1127 1689 1264 1736 ambo
1286 1691 1407 1736 inter

168 1782 217 1813 se
235 1766 458 1812 disserunt
479 1766 512 1830 (
515 1767 547 1828 ).
571 1766 873 1820 Quaieetiam
899 1781 1002 1827 quae
1022 1766 1182 1813 eodem
1204 1768 1307 1813 loco
1327 1768 1401 1828 (v.

169 1844 222 1888 31
246 1843 262 1905 )
288 1844 540 1904 Dionysius
562 1843 696 1888 habet
714 1843 890 1889 haecce·

228 1931 283 1979 ‘H
310 1932 344 1978 δ’
366 1931 520 1984 Ἑλλὰς
538 1931 620 1978 ἀπὸ
644 1936 750 1988 τῆς
733 1932 810 1991 ’Λα
790 1931 988 1996 ιὸρακίας
1007 1925 1111 1978 εἶναι
1135 1933 1247 1996 δοκεῖ

232 2006 415 2066 μάλιστα
433 2006 628 2069 συνεχής·
649 2006 695 2052 τὸ
713 2007 841 2070 πέρας
865 2008 992 2063 αὐτῆς
1011 2007 1048 2053 δ’
1072 2004 1241 2071 ἔρχεται

232 2083 300 2128 ἔπι
324 2083 391 2128 τὸν
407 2084 593 2144 ποταμὸν
618 2084 859 2144 Πηνειὸν,“
837 2103 891 2136 ως
919 2083 1080 2137 Φιλέας
1101 2083 1274 2149 γράφει,

229 2158 319 2222 ὄρος
340 2178 384 2205 τε
411 2160 648 2220 Μαγνήτων
667 2159 854 2219 Ὁμόλην
877 2159 1146 2221 κεκλημένον.

228 2236 347 2287 Τινὲς
372 2236 414 2282 δὲ
430 2235 503 2291 τὴν
525 2237 777 2297 Μαγνησίαν
797 2239 870 2293 τῆς
887 2235 1092 2290 Ἑλλάδος

228 2310 415 2374 λέγουσιν
443 2304 565 2371 εἶναι,
587 2311 656 2358 τὸν
676 2310 719 2358 δὲ
738 2311 900 2359 Φιλέαν
917 2314 1078 2374 ἀγνοεῖν

228 2387 566 2451 ἀποχωρίσαντα,
588 2392 708 2435 τοῦτο
730 2389 766 2434 δ’
797 2381 900 2435 εἶναι
924 2388 1133 2452 συμφανὲς

228 2469 310 2514 τοῖς
340 2465 579 2524 φιλομαθεῖν
604 2465 786 2523 μάλιστα
814 2464 1184 2525 φιλοτιμουμένοις·

167 2560 247 2605 vix
277 2558 470 2603 dubium
499 2569 567 2604 est
596 2560 711 2619 quin
745 2559 1066 2620 componenda
1088 2560 1184 2604 sint
1208 2574 1310 2604 cum
1350 2560 1409 2604 iis

168 2648 272 2694 quae
305 2632 426 2694 apud
450 2632 665 2678 Nostrum
695 2633 957 2692 legunturs
980 2634 1060 2692 33,
1094 2649 1141 2694 p.
1169 2633 1228 2679 35
1257 2649 1268 2677 :
1305 2632 1410 2679 Ἐν-

169 2711 309 2754 τιῧθιν
328 2710 341 2767 (
361 2707 445 2752 ἀπὸ
465 2706 719 2770 Ἀμὸρακίας
742 2706 756 2769 )
787 2707 962 2770 ἄρχεται
984 2710 1011 2763 ἡ
1044 2706 1200 2759 Ἑλλὰς
1234 2706 1410 2769 συνεχὴς

169 2777 274 2829 εἶναι
293 2783 418 2845 μέχρι
439 2785 619 2840 Πηνιιοῦ
642 2787 833 2843 ποταμοῦ
856 2783 928 2829 καὶ
964 2781 1164 2844 Ὁμολίου
1189 2785 1404 2844 Μαγνητι-

169 2861 246 2915 κῆς
282 2857 455 2915 πόλεως,
482 2858 511 2915 ἤ
534 2861 622 2905 leti
646 2857 762 2922 παρὰ
791 2860 858 2904 τὸν
895 2860 1100 2919 ποταμόν.
1134 2859 1259 2905 ldem
1280 2859 1306 2919 S
1326 2860 1405 2914 65,

168 2949 219 2997 p.
261 2934 314 2979 51
334 2969 347 2991 ,
370 2944 612 2997 postquam
648 2933 892 2994 Magnesia!
925 2933 1066 2981 urbes
1091 2935 1407 2989 enumeravit,

169 3008 327 3056 addit:
373 3008 445 3056 Ἐν
469 3008 666 3072 μεσογείᾳ
695 3008 739 3055 δὲ
771 3010 1004 3055 ὄποικοῦσιν
1028 3009 1137 3060 Ιθνος
1160 3008 1407 3071 Πιρραιὸοὶ,

167 3082 391 3144 Ἕλληνος.
413 3085 558 3148 Μέχρι
576 3085 752 3133 ἕνταῦθά
778 3088 888 3133 lem
907 3087 989 3132 ἀπὸ
1013 3085 1270 3149 Ἀμὸρακίας
1292 3103 1410 3131 συνε-

167 3157 248 3223 χὴς
282 3163 311 3219 ἡ
343 3159 525 3214 Ἑλλάς·
556 3162 748 3215 lautitiis<
780 3161 823 3207 δὲ
859 3162 931 3207 καὶ
961 3159 1026 3226 [ἡ]
1064 3160 1133 3208 ἐπὶ
1174 3161 1405 3223 Θαλ[ἄσσῃ]

167 3242 286 3283 πᾶσα
311 3234 487 3285 Ἐλλάδι
513 3234 651 3296 ὅμοιός
680 3236 783 3297 (sic
815 3237 905 3297 legi
926 3252 1047 3283 nunc
1073 3236 1239 3293 velim3
1269 3233 1407 3296 ὅμοιον

169 3310 298 3366 cod.)
318 3312 445 3360 ἐστιν.
464 3310 690 3359 Nimirum
711 3327 853 3374 quum
871 3314 919 3359 in
938 3311 1307 3359 antecedentibus
1326 3326 1407 3357 ora

168 3383 369 3432 barbara
397 3387 559 3447 graecis
581 3386 783 3434 coloniis
810 3386 1026 3434 distincta
1048 3385 1405 3444 describeretur,

169 3459 280 3506 inde
324 3462 381 3506 ab
428 3461 671 3508 Ambracia
719 3479 813 3510 uno
857 3474 1016 3510 tenore
1062 3463 1270 3525 sequitur
1325 3477 1409 3509 ora

40 3534 46 3541 ⁴
170 3548 298 3580 mere
321 3550 468 3595 graeca
509 3551 656 3598 usque
691 3538 748 3583 ad
773 3537 972 3584 Peneum
1009 3538 1228 3595 ssuvium5
1259 3552 1408 3600 quan·

169 3623 310 3669 quam
342 3611 479 3656 etiam
517 3613 698 3674 reliqua
733 3628 814 3659 ora
845 3624 911 3659 tot
941 3612 1078 3659 habet
1115 3612 1256 3659 urbes
1277 3613 1406 3659 Grae·

168 3699 265 3743 cas,
309 3694 361 3731 ut
403 3685 504 3748 ipsa
550 3702 737 3750 quoque
776 3687 898 3734 haud
942 3688 1171 3734 immerito
1215 3689 1407 3735 Graeciae

143 3749 420 3809 ³assimilari
443 3762 605 3824 possit.
633 3763 764 3810 Hunc
780 3762 923 3809 verba
940 3779 1123 3811 sensum
1148 3780 1244 3826 prae
1270 3781 1319 3811 se
1345 3765 1408 3811 se-

171 3848 302 3894 runt,
327 3853 432 3900 que
454 3853 540 3885 cur
576 3854 737 3888 manca
754 3855 854 3887 esse
885 3851 930 3886 et
958 3841 1023 3887 ita
1056 3840 1408 3902 redintegranda

169 3926 275 3959 cnm
289 3910 447 3961 Gailio
466 3922 672 3977 putarem
698 3913 782 3976 (V.
801 3917 1003 3976 annot.),
1027 3926 1078 3962 ut
1106 3915 1226 3962 idem
1246 3916 1409 3963 Noster

222 4028 271 4077 (Ἴ
293 4028 529 4070 conterenda
548 4030 665 4071 etiam
688 4039 778 4082 qun
798 4029 849 4072 de
865 4030 1101 4073 anundum
1128 4031 1270 4073 ditione
1286 4030 1387 4083 apud
1406 4033 1583 4073 Rostmm
1603 4034 1642 4073 et
1658 4032 1876 4083 Dionysium
1903 4034 2091 4084 leguntur.
2110 4032 2198 4074 vid.
2216 4033 2297 4073 not.
2320 4031 2367 4071 ad
2391 4041 2427 4081 p.
2455 4033 2516 4071 ⁴⁹.

1199 146 1676 199 PROLEGOMRNA.

1473 254 1599 316 quod
1615 253 1886 316 Dionysius,
1914 256 2096 317 qualem
2114 272 2235 304 nunc
2252 258 2492 317 babemus,
2517 259 2691 311 dicer

1475 343 1611 376 causa
1634 345 1729 376 non
1755 339 1870 376 erat.
1891 329 2037 378 lmmo
2068 331 2322 394 Dionysius
2344 334 2499 395 potius
2527 344 2607 382 aut
2629 330 2675 398 h]

1474 402 1672 450 riolatur
1693 414 1771 450 aut
1799 415 2046 468 corruptus
2074 417 2159 453 est.
2186 406 2297 454 Nam
2330 409 2454 470 quod
2486 409 2567 456 ille
2589 410 2681 457 nni

1473 477 1587 524 dicit
1610 478 1836 525 Graeciam
1866 480 2117 527 secundum
2144 481 2350 529 Phileam
2385 485 2615 545 pertinere
2664 508 2665 511 ¹

1476 552 1721 600 Ambracia
1757 569 1903 617 usque
1925 554 1983 600 ad
2011 555 2211 602 Peneum
2235 567 2281 603 et
2308 558 2558 616 Homolen,
2594 559 2688 608 alio

1473 644 1587 676 vero
1608 629 1815 678 Phileam
1846 632 2117 692 ignorantiae
2145 648 2359 680 accusare
2381 635 2507 696 quod
2529 635 2572 680 M
2586 670 2589 673 »
2611 658 2622 690 .;
2645 658 2652 677 ·
2677 659 2680 661 >

1473 705 1590 751 siam
1615 705 1809 753 Graeciae
1828 722 1921 753 non
1943 708 2278 754 accensuisset:
2300 707 2350 754 id
2381 709 2607 771 explicari
2633 726 2687 756 ιι

1474 780 1577 840 quit
1603 779 1695 826 nisi
1719 781 1783 826 ita
1824 790 1875 827 ut
1903 780 2045 827 verba
2072 782 2120 828 τὸ
2153 782 2280 845 πέρας
2302 783 2430 839 αὐτῆς
2461 783 2498 828 δ’
2522 782 2705 847 ἔρχεται,

1473 853 1591 913 κτλ,
1625 854 1945 915 intelligantur
1978 856 2036 903 de
2079 857 2203 903 linea
2238 857 2297 903 ab
2342 857 2591 905 Ambracia
2626 874 2687 922 p..

1474 926 1809 975 mediterranea
1833 941 2051 991 pergente
2071 947 2218 994 usque
2236 933 2294 980 ad
2309 933 2635 981 Thessalorum
2709 960 2714 973 ·

1475 999 1735 1061 Magnetum
1756 1004 1973 1050 confinia.
2005 1005 2115 1051 Eam
2133 1007 2487 1069 explicationem
2509 1010 2557 1056 in
2593 1009 2702 1056 not’

1474 1076 1667 1134 admisi,
1698 1077 1778 1123 sed
1804 1092 1969 1124 vereor
1991 1094 2050 1125 ne
2084 1095 2249 1141 parum
2285 1083 2573 1134 considerate
2610 1099 2692 1145 ege

1473 1152 1579 1198 rim.
1601 1151 1711 1198 Nam
1732 1162 1778 1198 et
1803 1154 1999 1200 obscure
2029 1153 2126 1200 haec
2144 1165 2303 1202 auctor
2315 1157 2647 1242 significasset,
2672 1174 2714 1205 e

1475 1228 1596 1274 mira
1624 1229 1742 1274 soret
1763 1227 1861 1274 haec
1893 1228 2123 1287 definitio,
2148 1241 2193 1276 et
2216 1231 2405 1278 minime
2434 1247 2533 1279 eam
2551 1248 2692 1297 exspe

1476 1304 1672 1351 ctaveris
1706 1304 1755 1350 in
1789 1305 1973 1367 periplo
2011 1306 2217 1366 (scilicet
2258 1309 2490 1370 periplum
2533 1309 2679 1357 Phil

1478 1379 1768 1427 Atheniensis
1790 1381 1974 1442 scripsit
1993 1383 2023 1442 ),
2045 1382 2119 1428 cui
2141 1398 2304 1429 norma
2326 1394 2396 1430 est
2424 1400 2506 1431 ora
2534 1387 2688 1433 mariti

1476 1470 1568 1503 ma.
1589 1454 1749 1517 ltaque
1771 1465 1892 1502 recte
1915 1455 2112 1503 Fubrius
2133 1458 2218 1518 (ad
2240 1459 2492 1506 Dicaearch.
2512 1476 2560 1523 p.
2599 1463 2710 1520 376)

1475 1530 1752 1593 Dionysium
1778 1547 1805 1578 e
1828 1530 1991 1577 Philea
2014 1547 2107 1578 non
2131 1532 2317 1580 diversa
2333 1550 2360 1581 a
2377 1533 2547 1583 Nostro
2570 1537 2688 1583 tradi

1473 1605 1597 1653 disse
1614 1617 1795 1664 censet,
1833 1607 1948 1653 adeo
1968 1617 2017 1653 ut
2050 1607 2194 1654 verba
2217 1609 2265 1660 'tn
2284 1609 2408 1657 hunc
2432 1611 2617 1658 modum
2645 1627 2695 1659 re

1474 1680 1686 1743 fingenda
1707 1692 1860 1744 putens
1884 1699 1895 1727 ε

1535 1770 1657 1824 Tiri<
1678 1771 1721 1818 δὲ
1740 1772 1816 1829 τὴν
1841 1772 2089 1834 Μαγνησίαν
2106 1774 2185 1836 οὐχ
2206 1772 2409 1828 Ἑλλάδος

1535 1848 1723 1910 λέγουσιν
1744 1840 1871 1895 εἶναι’
1895 1848 1964 1895 τὸν
1986 1847 2028 1895 δὲ
2057 1849 2218 1897 Φιλίαν
2234 1851 2393 1911 ἀγνοεῖν

1537 1925 1610 1971 οὐκ
1628 1923 1901 1987 ἄφορίσαντα.

1472 2021 1654 2077 Quibus
1675 2033 1786 2070 nota
1807 2023 2030 2069 sententia
2052 2023 2339 2083 significatur
2362 2038 2522 2071 eorum
2545 2026 2628 2088 qui
2654 2049 2678 2065 ..

1474 2106 1565 2143 tam
1581 2098 1718 2156 etiam
1734 2097 2020 2145 Thessaliam
2039 2114 2066 2144 a
2083 2097 2266 2145 Graecia
2278 2099 2474 2145 alienam
2490 2114 2591 2147 esse
2605 2115 2662 2148 co
2676 2125 2680 2139 ι
2701 2143 2708 2147 .

1474 2170 1875 2231 tenderunt3nam
1893 2176 1959 2220 eis
1971 2174 2053 2235 qui
2071 2190 2198 2220 oram
2219 2174 2267 2221 in
2280 2174 2477 2236 periplis
2493 2176 2638 2236 lege
2666 2200 2671 2217 ι

1474 2249 1662 2295 nonnisi
1695 2250 1929 2310 Magnesia
1951 2250 2247 2298 memoranda
2284 2261 2397 2298 erat.
2426 2278 2482 2288 —
2503 2251 2698 2299 naeci·

1475 2334 1550 2370 tur
1567 2326 1607 2371 si
1633 2336 1755 2373 recte
1773 2326 1961 2383 habent,
1990 2327 2217 2389 suspicari
2239 2327 2344 2374 licet
2372 2337 2604 2375 auctorem
2640 2351 2649 2368 ·
2672 2363 2677 2366 >

1474 2401 1604 2462 ripli,
1639 2417 1697 2448 ex
1717 2418 1812 2463 quo
1841 2413 2050 2449 nostrum
2072 2403 2396 2466 compendium
2421 2403 2609 2452 ductum
2629 2414 2715 2456 est

1473 2474 1679 2521 Phileam
1703 2478 2024 2523 Atheniensem
2049 2494 2163 2538 esse,
2198 2479 2391 2542 ejusque
2417 2481 2596 2529 nomini
2659 2506 2667 2521 ·
2711 2543 2714 2547 γ

1475 2561 1594 2597 tasse
1617 2553 1667 2598 in
1686 2552 1837 2606 Φύλαξ
1854 2566 2073 2617 corrupto
2092 2556 2285 2602 sciolum
2306 2557 2531 2618 quendam
2547 2557 2695 2607 substi

1475 2625 1616 2671 tuisse
1640 2628 1870 2673 notiorem
1895 2632 2223 2690 geographum,
2248 2630 2483 2692 Scylacem
2503 2631 2708 2695 Caryan*

1475 2699 1677 2749 densem.
1698 2702 1967 2765 Quanquam
1988 2720 2217 2767 perpauca
2236 2706 2330 2763 illa,
2349 2722 2452 2768 quae
2471 2707 2530 2755 de
2556 2707 2645 2756 Phi

1476 2779 1737 2838 traduntur,
1750 2792 1800 2827 ut
1815 2782 1932 2830 nihil
1951 2783 2119 2830 liabent
2141 2784 2265 2845 quod
2288 2784 2518 2847 ejusmodi
2536 2798 2697 2848 senten

1475 2854 1550 2900 tiae
1563 2870 1749 2916 prorsus
1765 2868 2014 2942 repugnet,
2036 2859 2103 2905 sic
2132 2859 2249 2906 nihil
2267 2860 2647 2924 suppeditant,n
2672 2888 2678 2901 ·

1477 2928 1659 2976 firmare
1694 2947 1791 2976 eam
1824 2933 1989 2994 possis.
2016 2933 2136 2981 Satis
2175 2945 2375 2982 veterem
2405 2935 2668 3000 geographia

1477 3003 1615 3050 fuisse
1648 3006 1810 3067 liquet,
1836 3007 1915 3053 sed
1936 3010 2192 3055 accuratius
2213 3019 2388 3056 aetatem
2405 3010 2642 3060 definire
2750 3070 2751 3074 Ἰ

1477 3078 1597 3126 licet.
1625 3079 1892 3141 Fragmenta
1922 3083 2087 3145 partim
2113 3085 2345 3145 pertinent
2363 3085 2420 3131 ad
2452 3101 2527 3134 res
2548 3086 2684 3148 quui
2750 3085 2752 3113 ³

1476 3165 1631 3200 nostra
1657 3157 1856 3217 epitome
1886 3158 2058 3218 negligi
2083 3160 2248 3215 solent,
2275 3169 2325 3205 ut
2345 3159 2403 3205 de
2421 3161 2607 3220 origine
2626 3178 2674 3208 n

1477 3231 1650 3276 minum
1670 3232 1947 3292 Ambraciae,
1968 3234 2400 3295 Thermopylarum,
2422 3235 2527 3294 Aoi,
2545 3237 2666 3299 parti
2681 3262 2701 3273 ··
2755 3247 2756 3263 *

1475 3307 1523 3352 in
1549 3308 1780 3353 mentione
1795 3309 2071 3370 oppidorum
2092 3320 2353 3367 versantur,
2379 3326 2578 3372 quorum
2602 3314 2693 3363 alia

1475 3391 1525 3427 ut
1550 3380 1722 3427 Thebae
1766 3382 2056 3440 Phthioticae,
2095 3388 2254 3442 Assus,
2291 3384 2513 3446 Gargara,
2541 3388 2613 3435 An
2674 3413 2679 3426 ·

1474 3456 1614 3513 drus,
1642 3460 1687 3503 ln
1713 3468 1869 3503 nostro
1904 3474 2088 3519 quoque
2128 3460 2403 3522 compendio
2435 3463 2694 3524 reperimus

1475 3531 1562 3578 alia
1579 3547 1711 3589 vero,
1735 3541 1784 3577 ut
1808 3532 1985 3580 Andria
2004 3531 2280 3581 Macedonia!
2300 3546 2345 3581 et
2365 3535 2543 3584 Anthea
2556 3536 2655 3585 Pon
2679 3538 2691 3589 ⁰,

1476 3629 1546 3670 ca,
1576 3612 1642 3659 ibi
1664 3613 1997 3663 desiderantur.

1537 3688 1747 3735 Ceterum
1775 3688 1886 3735 libri
1923 3691 2070 3736 nostri
2104 3691 2400 3753 quantumvis
2423 3690 2540 3738 male
2560 3691 2640 3739 asi
2688 3717 2693 3728 ·

1474 3763 1672 3827 pretium
1702 3773 1770 3810 est
1797 3763 1918 3810 haud
1941 3766 2182 3826 exiguum,
2200 3768 2299 3814 sive
2324 3765 2515 3822 sontium
2536 3781 2643 3829 spec
2672 3788 2674 3790 ·
2746 3763 2747 3778 ³

1475 3839 1815 3901 antiquitatem,
1847 3842 1947 3887 sive
1979 3842 2156 3904 copiam
2192 3858 2375 3900 eorum,
2402 3856 2504 3903 quae
2526 3841 2617 3889 aliu
2648 3864 2668 3880 ,2

1475 3915 1639 3962 tradita
1658 3932 1749 3963 non
1771 3918 2043 3980 accepimus.
