2782 4348
132 229 221 270 166
558 216 602 258 0

124 393 267 456 πόρρω
281 392 479 452 κειμένων
501 390 584 436 άπὸ
604 394 677 445 τῆς
699 387 911 443 συνηθείας
924 421 938 446 ,
963 384 1111 438 αὐτοὺς
1137 385 1357 433 ἕπελεύσο-

126 482 205 525 μαι
225 464 306 509 τῶν
323 461 457 508 τόπων
480 459 572 511 τοὺς
594 458 760 519 μνήμης
783 455 927 509 ἀξίους.

188 534 363 595 Πρῶτον
390 530 465 591 μὲν
498 528 570 575 ἀπ’
603 524 811 588 Ἀρσινόης
839 522 1088 586 παραθέοντι
1123 522 1198 581 τὴν
1222 524 1355 579 δεξιὰν

84 624 105 653 5
122 600 293 664 ἤπειρον
315 598 445 662 Θερμὰ
478 596 660 643 πλείοσιν
683 594 820 644 αὐλοῖς
844 594 890 638 ἐκ
928 591 1082 656 πέτρας
1121 595 1281 658 ὑψηλῆς
1300 598 1357 650 ti<

0 744 113 787 Diod,
126 731 346 791 πελαγίαν,
371 732 425 779 ὡς
460 725 508 772 ἂν
530 728 611 772 τῶν
635 724 815 787 ἠπείρων
835 726 915 789 οὐχ
944 725 1161 790 ὁρωμένων
1186 727 1260 774 ἀπ’
1285 729 1359 774 ἀλ.

121 801 275 856 λήλων.
345 796 444 844 Ἀπὸ
457 795 499 841 δὲ
511 794 655 842 τούτου
670 794 717 840 τὸ
728 794 886 848 πλάτος
899 793 965 841 ἀεὶ
976 796 1135 856 μᾶλλον
1151 797 1359 859 συγκλείε-

120 887 188 916 ται
202 867 272 913 καί
288 866 363 923 τὴν
379 864 621 927 συναγωγὴν
638 864 725 927 ἔχει
738 864 863 928 μέχρι
873 868 945 911 τοῦ
958 864 1179 927 στόμἀτος.
1248 866 1303 914 Ὁ
1314 865 1357 914 δὲ

121 937 365 1000 παράπλους
400 936 524 981 αὐτοῦ
562 933 670 981 κατὰ
706 934 882 988 πολλοὺς
912 933 1060 988 τόπους
1089 935 1177 998 ἔχει
1210 935 1359 993 νήσους

58 1029 98 1061 10
122 1005 304 1069 μακρὰς,
333 1004 498 1059 στενοὺς
522 1003 597 1067 μὲν
615 1003 859 1068 διαδρόμους
874 1003 1077 1068 ἐχούσας,
1101 1007 1194 1069 ῥοῦν
1214 1006 1257 1052 δὲ
1281 1025 1359 1053 πο-

117 1078 191 1123 λὺν
205 1075 276 1122 καὶ
295 1074 484 1140 σφοδρόν.

178 1161 233 1192 80.
259 1143 311 1191 ‘H
331 1144 406 1205 μὲν
425 1137 494 1190 οὗν
511 1142 807 1207 καφαλαιώδης
823 1147 893 1190 τοῦ·
913 1144 1068 1191 κόλπου
1085 1144 1229 1190 τούτου
1250 1143 1358 1197 Θέσις

119 1215 297 1278 ὑπάρχει
339 1213 528 1272 τοιαύτη.
598 1214 746 1272 Ἡμεῖς
774 1215 809 1260 δ’
847 1213 930 1260 ἀπὸ
951 1216 1034 1259 τῶν
1064 1214 1252 1277 ἐσχάτων
1284 1219 1357 1261 τοῦ

118 1289 253 1348 μυχοῦ
280 1284 418 1331 τόπων
442 1283 663 1348 ἀρξάμενοι
689 1282 759 1329 τὸν
784 1282 847 1347 ἐφ’
878 1282 1055 1347 ἑκάτερα
1078 1283 1131 1329 τὰ
1156 1284 1260 1345 μέρη
1279 1301 1357 1328 πα-

56 1377 94 1407 1⁵
119 1354 299 1418 ράπλουν
325 1356 407 1400 τῶν
429 1353 608 1417 ἠπείρων
630 1352 701 1399 καὶ
723 1352 797 1405 τὰς
820 1352 1150 1414 ἀξιολογωτάτας
1168 1352 1259 1399 κατ’
1280 1353 1354 1398 αὖ·

116 1514 235 1556 nium
249 1522 309 1555 est
322 1513 474 1569 Μαρίαν
483 1511 767 1567 δυσπελαγίαν,
781 1513 858 1554 nisi
867 1510 981 1567 quod
997 1525 1105 1553 unus
1117 1511 1222 1553 liber
1233 1511 1356 1553 habet

116 1577 174 1619 Μ,
191 1576 451 1633 ὃυσπελάγιον
465 1607 478 1628 ,
511 1575 614 1635 alius
636 1574 860 1630 Μαριάνὸης
881 1574 1084 1628 πελάγιον.
1115 1575 1355 1616 Lectionem

116 1639 320 1695 Μακαρίαν
357 1637 411 1680 ad
459 1637 687 1692 marginem
732 1645 946 1679 notaverat
979 1636 1226 1693 Stephanus,
1254 1651 1355 1678 num

116 1716 167 1743 ex
193 1702 391 1744 alterutro
416 1699 599 1742 duorum
635 1698 828 1742 codicum
851 1699 1281 1751 Clarimontanorum,
1305 1714 1356 1741 ex

118 1763 271 1819 quibus
305 1763 478 1805 varietas
499 1762 723 1804 lectionum
752 1764 788 1804 ei
809 1770 958 1819 prosto
980 1770 1083 1812 erat,
1103 1775 1156 1803 an
1178 1775 1229 1802 ex
1256 1775 1355 1802 con·

111 1825 288 1882 jectnra,
307 1826 462 1867 nescio.
486 1825 593 1866 Utut
613 1832 690 1876 est,
711 1824 914 1881 Μακαρίαν
938 1822 1114 1865 insulam
1136 1837 1187 1864 ex
1222 1821 1355 1864 Ptole·

116 1889 209 1931 maei
239 1887 465 1930 insularum
486 1886 671 1941 catalogo
702 1888 779 1937 IV,
807 1902 849 1943 7,
880 1901 925 1943 p.
961 1887 1105 1938 306,2,
1139 1899 1355 1941 perperam

115 1950 268 1993 illatam
289 1964 376 1992 esse
394 1963 563 1999 oensem
586 1963 714 2005 quare
730 1950 908 2006 priscam
927 1949 1145 1992 lectionem
1167 1948 1242 1989 etsi
1266 1948 1353 1988 vitii

115 2026 203 2054 non
224 2026 396 2055 vacuam
419 2011 582 2054 reduxi.
601 2013 664 2053 Ex
683 2012 999 2067 Agatharchidis
1029 2009 1260 2053 rationibus
1282 2024 1356 2051 ora

114 2073 407 2132 'I'mglodytica
440 2082 551 2116 recta
585 2073 669 2115 sere
690 2074 797 2116 linea
815 2075 1033 2117 meridiem
1063 2087 1205 2116 versus
1224 2072 1356 2115 tendit

117 2150 250 2194 usque
266 2137 321 2180 ad
334 2139 497 2180 Tauros
511 2146 673 2179 montes
691 2137 897 2194 (Gaurum
918 2139 1003 2180 sive
1016 2135 1219 2193 Taurum)
1241 2150 1358 2178 mon·

114 2207 200 2242 tem
222 2199 325 2242 dicit
340 2199 584 2243 Ptolemaeus
604 2202 643 2253 );
681 2200 779 2242 hinc
808 2215 907 2243 vero
929 2213 1070 2242 versus
1090 2199 1294 2240 orientem
1314 2207 1356 2241 et

114 2262 311 2306 Arabiam
335 2262 568 2305 deflectitur
582 2262 596 2319 (
612 2266 635 2317 S
652 2265 702 2313 84
725 2263 758 2320 ).
776 2265 880 2306 Satis
896 2262 993 2306 inde
1008 2262 1213 2318 colligitur
1227 2263 1356 2303 maxi-

116 2339 226 2367 mam
247 2326 363 2367 sinus
379 2324 639 2367 latitudinem
669 2325 721 2367 ad
740 2326 952 2381 angulum,
973 2339 1097 2381 quem
1113 2338 1196 2367 orae
1225 2325 1355 2366 ssexus

115 2388 347 2440 efficit,oese
361 2387 643 2444 quaerendam.
661 2388 849 2444 Angulus
866 2403 963 2430 vero
979 2388 1045 2429 ille
1057 2395 1119 2429 est
1139 2386 1278 2443 paullo
1294 2388 1356 2429 in-

117 2450 177 2492 sra
192 2449 436 2492 hodiernam
451 2449 599 2491 urbem
613 2449 784 2499 Sualcin,
807 2449 860 2491 ad
875 2464 1000 2507 quam
1014 2450 1175 2491 Tauros
1192 2458 1354 2491 montes

116 2513 332 2569 ponendos
353 2527 440 2555 esse
473 2512 631 2568 reliqua
658 2512 845 2554 locorum
873 2528 941 2570 ap.
974 2511 1288 2555 Artemidorum
1315 2521 1355 2554 et

115 2575 381 2618 Ptolemaeum
400 2577 525 2617 series
556 2574 693 2616 docet.
725 2574 874 2631 Ibique
907 2590 1049 2617 revera
1077 2584 1138 2616 est
1176 2576 1354 2616 maxima

115 2639 230 2680 sinus
265 2637 456 2680 latitudo.
491 2639 632 2691 Quare
666 2637 855 2693 Τύρκαιον
895 2638 983 2694 ὄρος
1023 2652 1108 2679 non
1142 2637 1352 2679 diversum

116 2699 240 2742 fuerit
263 2700 316 2742 ab
339 2714 391 2742 eo
401 2698 506 2755 jugo
527 2698 641 2755 quod
659 2698 766 2742 infra
788 2701 913 2755 (584
936 2702 954 2755 )
975 2700 1118 2755 Ταῦροι
1137 2708 1308 2741 vocatur
1332 2715 1355 2742 a

115 2762 283 2814 Photio,
310 2761 575 2805 Artemidoro
590 2770 631 2803 et
657 2763 747 2818 ipso
774 2763 898 2805 etiam
921 2761 1124 2813 Diodoro,
1144 2763 1221 2803 nisi
1241 2762 1355 2818 quod

115 2824 228 2882 apud
248 2823 362 2866 hunc
385 2825 530 2880 optimi
552 2822 714 2864 codices
737 2831 820 2866 tres
842 2825 860 2878 (
879 2824 985 2867 ABC
1007 2823 1214 2865 Dindorfii
1238 2827 1255 2878 )
1278 2839 1356 2880 pro

115 2886 275 2944 Ταύρων
290 2886 354 2928 bis
371 2885 555 2943 praebent
565 2886 777 2941 Ταυρικῶν.
791 2887 915 2928 Unde
926 2885 1139 2942 probabile
1155 2887 1200 2928 fit
1214 2896 1356 2929 nostro

116 2963 284 3006 quoqne
314 2948 407 2991 loco
443 2963 521 3005 pro
540 2948 728 3004 Τύρκαιον
760 2949 961 3004 scriptum
993 2948 1115 2990 fuisse
1150 2949 1352 3004 Ταυρικόν.

117 3010 305 3068 Angelus
321 3011 388 3054 ille
404 3011 541 3053 sinum
556 3010 697 3062 efficit,
714 3024 838 3067 quem
863 3019 958 3052 ante
979 3010 1272 3053 Ptolemaidem
1294 3027 1357 3053 re·

116 3088 289 3117 censens
304 3073 463 3117 Plinius
478 3074 585 3129 (VI,
602 3073 652 3115 35
669 3075 687 3128 )
703 3073 842 3115 multis
856 3074 1054 3115 refertum
1078 3072 1180 3115 dicit
1198 3074 1354 3126 insulis,

116 3148 294 3193 quarum
311 3134 367 3179 de
379 3137 501 3191 regiis
521 3134 723 3193 prael'ectis
743 3150 908 3194 aquosa·
927 3144 1081 3178 vocate
1094 3137 1177 3178 sint
1192 3139 1353 3187 Mareu,

115 3198 304 3241 sitientes
319 3199 560 3254 Eratonos(
575 3198 732 3241 Martis
745 3207 786 3240 et
804 3198 975 3241 Amatis
985 3231 995 3247 ,
1013 3198 1230 3249 [Amoris.
1254 3198 1354 3241 iuss.

119 3262 160 3303 in
177 3262 330 3317 Geogr.
358 3263 459 3304 Rav.
491 3262 548 3312 V,
575 3263 660 3317 18).
684 3262 790 3303 Cum
823 3261 888 3304 his
907 3260 1194 3318 componenda
1227 3261 1358 3318 Μαρία

122 3322 136 3379 (
156 3322 333 3379 Μάρειαὲ
359 3322 373 3379 )
406 3321 599 3365 Diodori.
633 3324 828 3366 Mat-aem
868 3322 1043 3366 insulam
1081 3323 1125 3365 in
1156 3322 1237 3365 hoc
1264 3323 1357 3365 sinu

120 3386 277 3426 notavit
294 3386 390 3427 Don
411 3387 435 3427 J
438 3399 518 3427 nan
531 3383 586 3427 de
602 3385 771 3437 Castro;
791 3386 867 3428 etsi
880 3400 1071 3443 quoenam
1087 3385 1154 3428 illa
1166 3386 1220 3427 sit
1233 3385 1358 3428 hodie

120 3460 206 3488 non
245 3455 432 3488 constare
475 3456 618 3490 monet
657 3448 869 3504 Berghaus
912 3449 955 3490 in
998 3446 1354 3506 Geoltydmgmph.

118 3507 311 3553 nemer.
333 3523 371 3549 z.
394 3512 521 3551 Kane
551 3524 632 3552 von
650 3509 816 3553 Arabia
848 3525 891 3552 u.
911 3509 956 3553 d.
983 3509 1196 3561 Nittande,
1217 3524 1260 3567 p.
1278 3512 1354 3563 [ὥς

120 3578 186 3614 tot
204 3571 317 3613 enim
347 3570 403 3611 ibi
426 3585 644 3614 arenarum
666 3581 764 3614 sunt
792 3573 923 3615 taeniae
943 3581 986 3615 et
1003 3581 1183 3624 meatus,
1207 3580 1253 3614 ιιι
1274 3573 1358 3615 sin·

121 3632 406 3690 gul-simulas
439 3632 632 3689 indagare
662 3634 830 3677 difficile
857 3636 925 3687 sit,
950 3644 1074 3691 atque
1102 3636 1189 3692 ipse
1216 3635 1355 3687 sinus,

121 3702 293 3739 aneton
307 3694 497 3738 Valentia
514 3698 601 3749 (11,
622 3710 665 3752 p.
696 3699 777 3739 286
796 3700 830 3752 ),
851 3697 903 3739 ab
922 3698 1064 3753 Anglis
1085 3705 1255 3741 vocetur
1280 3701 1358 3740 Bo·

125 3758 288 3801 ther'em
314 3760 417 3815 Ray,
438 3758 554 3815 quasi
580 3759 695 3800 sinus
713 3758 981 3802 confusionis.
1003 3763 1139 3814 Quam
1172 3761 1358 3804 tocomm

123 3829 314 3864 naturam
336 3827 502 3878 putares
529 3820 749 3876 significari
773 3836 872 3864 voce
901 3823 1177 3879 δυσπελαγίαν,
1202 3824 1280 3866 nisi
1297 3824 1361 3867 ni·

124 3883 205 3924 mis
226 3891 463 3940 suspectum
477 3891 582 3926 esset
600 3883 844 3926 vocabulum
858 3917 870 3935 ,
892 3886 933 3926 in
954 3900 1038 3941 quo
1064 3886 1233 3929 sou-sitan
1264 3886 1361 3929 latet

127 3946 214 3996 νῆσ.
233 3945 282 3999 (i.
298 3959 338 3988 e.
356 3947 495 4001 νῆσον)
510 3945 700 4002 πελαγίαν
715 3960 787 3989 seu
802 3946 989 4004 πελάγιον
1010 3948 1070 3989 vel
1091 3949 1243 4006 [νῆσον]
1262 3950 1361 3992 otuu

129 4006 227 4059 (ιιις
242 4009 313 4061 82)
328 4007 532 4065 πελαγίαν.
546 4007 671 4067 Apud
685 4009 949 4053 Ptolemaeum
965 4023 1061 4052 cum
1076 4019 1215 4054 nostra
1231 4011 1362 4054 insula

131 4069 416 4123 componenda
427 4070 592 4115 videtur
607 4070 795 4129 Μύρωνος
812 4070 1061 4131 (Μάρωνοςῗ)
1078 4073 1225 4127 insula,
1235 4087 1359 4130 qnam

1089 215 1168 260 Ex
1202 213 1690 263 AGATHARCBIDE

2 332 115 374 Phot-
187 339 246 373 ω.
270 322 372 370 Ὅτι
388 323 513 387 φησί,
537 323 711 369 Πολλῶν
732 319 999 381 ὑπαρχόντων
1026 317 1267 376 Θαυμασίων
1284 316 1357 363 καὶ

2565 224 2660 286 (ω.)

1484 326 1554 368 80.
1571 327 1714 380 Quum
1739 326 1868 369 multa
1881 329 1964 370 sint
1981 327 2266 371 admirationis
2280 330 2399 387 plena
2414 339 2452 372 ct
2468 345 2491 372 a
2509 330 2662 387 vulgari

1427 393 1728 436 consuetudine
1740 395 1886 451 procul
1902 394 2102 452 sejuncta,
2123 397 2177 439 ad
2195 399 2282 455 ipsa
2296 412 2388 455 quae
2409 414 2662 444 commemo·

1427 462 1589 504 ratione
1609 462 1735 519 digna
1755 463 1963 507 habentur
1982 464 2088 518 loca,
2108 467 2260 522 inquit,
2283 481 2351 508 me
2379 467 2605 510 conseram.

1481 530 1624 573 Primo
1646 532 1787 587 igitur,
1817 533 1851 574 si
1869 533 1962 589 quis
1987 533 2041 576 ab
2063 535 2239 577 Arsinoe
2256 536 2537 578 continentem
2561 551 2664 593 pra·-

1426 599 1620 641 tercurrit
1647 598 1858 653 dextram,
1879 601 2049 644 thermae
2083 602 2271 660 pluribus
2309 618 2386 647 eeu
2435 605 2579 647 tistulis
2613 620 2662 647 ex

1428 737 1560 781 sulam
1579 739 1623 782 in
1645 739 1729 782 alto
1749 740 1871 782 sitam
1891 740 2027 798 (νῆσον
2058 741 2293 800 πελαγίαν),
2315 743 2386 785 ubi
2406 745 2663 786 continentes

1429 806 1607 849 invicem
1619 821 1705 850 non
1722 809 2050 865 conspiciuntur.
2109 811 2272 853 Exinde
2290 812 2466 854 latitudo
2485 813 2664 856 subinde

1428 874 1474 916 fit
1509 876 1736 931 angustior,
1766 889 1892 933 seque
1913 875 1965 918 ad
1997 878 2149 920 ostium
2174 893 2304 935 usque
2332 881 2554 923 contrahit.
2615 885 2664 924 In

1429 942 1536 986 freto
1560 943 1649 1001 ejus
1670 959 1830 1001 magnae
1853 947 2006 1002 passim
2032 946 2175 989 insulae
2196 947 2415 1002 hahentur,
2437 951 2545 992 inter
2563 966 2664 1007 qums

1427 1013 1593 1055 strictus
1624 1013 1793 1055 navium
1819 1026 1980 1064 cursus,
2007 1021 2049 1056 et
2080 1014 2330 1058 immodicus
2360 1031 2410 1059 ac
2444 1019 2664 1061 vehemens

1427 1082 1553 1124 maris
1570 1081 1723 1124 fluxus.

1485 1153 1554 1193 80.
1578 1151 1657 1193 Hic
1677 1151 1917 1192 summatim
1942 1151 2057 1192 sinus
2089 1150 2196 1192 illius
2222 1152 2325 1194 situs
2353 1161 2430 1195 est.
2489 1157 2524 1197 A
2548 1154 2665 1211 cujus

1427 1248 1754 1291 extremitatibus
1773 1263 1849 1291 nos
1864 1249 2015 1299 exorsi,
2039 1249 2256 1305 utriusque
2280 1251 2530 1293 continentis
2554 1266 2663 1305 oras,

1426 1358 1467 1391 et
1485 1349 1599 1406 quod
1614 1348 1784 1404 singulis
1810 1349 1910 1390 insit
1926 1349 2101 1405 proprii,
2125 1362 2202 1390 ceu
2233 1349 2578 1406 praeterlegendo,
2603 1366 2669 1395 re-

1428 1510 1480 1551 ad
1502 1512 1693 1552 Maraeen
1711 1509 1883 1550 Joannis
1901 1507 1953 1549 de
1986 1509 2131 1550 Castro
2163 1508 2303 1550 retulit
2332 1510 2585 1552 Gossetinm.
2615 1516 2665 1553 ,tt

1425 1575 1591 1615 Menate
1607 1571 1789 1613 fortassis
1810 1570 1954 1612 eadem
1974 1579 2035 1612 est
2053 1585 2147 1612 cum
2166 1574 2346 1612 Amarae
2363 1573 2441 1613 ins.
2457 1573 2498 1614 in
2517 1588 2664 1630 mappa

1423 1635 1655 1692 Mombyh
1676 1649 1769 1691 quae
1783 1634 1916 1676 insula
1933 1635 2016 1676 situ
2034 1647 2111 1675 suo
2132 1635 2271 1675 minus
2293 1636 2501 1677 convenit.

1480 1702 1597 1753 §80.
1639 1700 1690 1740 In
1727 1698 1915 1753 sequenti
1948 1710 2031 1739 orae
2057 1695 2359 1752 Troglodyticae
2389 1696 2666 1754 descriptione

1425 1774 1680 1817 quamquam
1709 1759 1924 1816 complura
1946 1760 2132 1801 omisisse
2151 1758 2384 1800 Diodorum
2407 1768 2449 1801 et
2469 1760 2667 1804 Photium

1425 1831 1748 1865 consentaneum
1765 1830 1843 1874 est,
1872 1822 1929 1863 ita
1950 1829 2088 1863 tamen
2111 1823 2327 1878 utriusque
2344 1830 2538 1879 excerpta
2558 1823 2668 1866 inter

1423 1901 1467 1928 se
1481 1887 1723 1937 concinunt,
1740 1893 1788 1927 ut
1802 1899 1895 1941 quae
1924 1883 2048 1926 suerit
2065 1885 2313 1926 narrationis
2329 1885 2667 1939 Agatharchideae

1424 1950 1530 1992 ratio
1554 1957 1596 1991 et
1626 1947 1786 1991 indoles
1811 1947 1927 1990 facile
1957 1946 2220 2002 intelligatur.
2259 1948 2469 1990 Nimirum
2502 1963 2587 1991 non
2622 1950 2665 1991 id

1423 2013 1507 2068 egit
1526 2020 1686 2064 auctor,
1710 2020 1758 2053 ιιι
1788 2009 1948 2067 justum
1970 2010 2195 2067 παράπλουν
2222 2011 2381 2065 singula
2401 2026 2574 2069 quaeque
2600 2028 2665 2055 re-

1423 2083 1659 2117 censentem
1679 2076 1932 2125 contexeret,
1952 2072 2025 2115 sed
2053 2082 2203 2130 praeter
2221 2072 2396 2129 majores
2425 2089 2509 2117 orae
2535 2075 2666 2118 flexus

1425 2137 1708 2180 memorabilia
1729 2135 1918 2194 quaedam
1941 2135 2213 2192 mirandaque
2236 2136 2421 2178 attulisse
2438 2136 2584 2180 habuit
2599 2152 2664 2181 sa-

1424 2201 1490 2243 tis.
1524 2202 1670 2256 Itaque
1690 2214 1742 2241 ex
1772 2213 1921 2254 magno
1945 2200 2024 2240 isto
2048 2197 2301 2255 oppidorum
2316 2229 2328 2250 ,
2353 2207 2571 2255 portuum,
2597 2215 2666 2243 ve·

1424 2263 1642 2305 nationum
1678 2275 1871 2312 numero,
1907 2275 2033 2317 quem
2054 2259 2166 2316 apud
2204 2259 2542 2314 Artemidorum,
2564 2263 2667 2305 scri·

1423 2334 1587 2382 ptorem
1604 2324 1934 2381 sere‘supparem,
1949 2324 2081 2378 legere
2098 2331 2175 2374 est,
2189 2321 2371 2365 duorum
2383 2323 2664 2378 solummodo,

1424 2387 1683 2445 Myoshormi
1702 2395 1743 2428 et
1761 2385 2041 2437 Ptolemaidis,
2061 2387 2219 2428 mentio
2239 2385 2439 2443 injicitur,
2455 2395 2497 2430 et
2517 2402 2572 2431 ne
2591 2388 2668 2431 hos

1424 2450 1595 2507 quidem
1614 2457 1866 2492 memoratos
1886 2463 1974 2491 esse
1990 2447 2231 2501 credideris,
2255 2449 2336 2491 nisi
2355 2448 2421 2492 ille
2435 2448 2489 2491 ad
2507 2449 2666 2494 radices

1425 2515 1527 2555 situs
1554 2521 1661 2555 esset
1691 2512 1846 2555 montis
1873 2510 1979 2554 adeo
2012 2511 2235 2564 rutilantis,
2259 2520 2307 2554 ut
2334 2510 2476 2554 oculos
2502 2511 2667 2557 laederet
2700 2543 2702 2546 -

1426 2577 1676 2618 intuentium
1690 2606 1702 2627 ,
1726 2574 1948 2618 Ptolemais
1966 2588 2065 2616 vero
2086 2573 2303 2616 observata
2324 2573 2383 2616 ibi
2408 2576 2517 2617 circa
2535 2575 2666 2618 solsti-

1425 2640 1471 2680 tii
1494 2647 1658 2695 tempus
1682 2637 1929 2680 umbrarum
1964 2637 2125 2679 ratione
2157 2650 2311 2679 nomen
2347 2636 2459 2693 apud
2498 2651 2664 2693 geogra-

1425 2702 1530 2757 phos
1561 2709 1681 2743 nacta
1712 2699 1834 2742 foret.
1857 2700 1920 2741 Ne
1948 2700 2164 2741 Berenices
2185 2697 2379 2754 quidem,
2405 2698 2661 2743 celeberrimi

1426 2773 1526 2806 tunc
1557 2763 1750 2819 emporii,
1783 2770 1977 2817 excerpta
2013 2762 2319 2811 meminerunt,
2359 2774 2491 2817 quum
2524 2770 2662 2805 tamen

1426 2832 1755 2868 commemorent
1768 2825 1947 2866 vicinam
1969 2824 2007 2865 ei
2031 2823 2291 2879 peninsulam
2305 2854 2316 2874 ,
2341 2821 2459 2879 cujus
2477 2837 2553 2880 per
2576 2839 2665 2868 cer-

1428 2890 1558 2931 vicem
1591 2887 1752 2942 navigia
1772 2884 2161 2928 transducebantur.
2183 2884 2393 2927 Monenda
2412 2885 2500 2928 haec
2523 2897 2662 2939 erant,

1428 2966 1479 2993 ne
1497 2952 1590 3007 quis
1599 2948 1739 2992 denuo
1758 2951 1800 2991 in
1812 2963 1971 2992 errores
1986 2947 2186 2990 incideret
2199 2948 2402 2990 Gosselini
2413 2979 2424 3000 ,
2441 2950 2663 3003 Mannerti,

1427 3013 1620 3063 aliorum,
1638 3013 1726 3069 qui,
1745 3011 1937 3067 neglectis
1951 3010 2147 3052 omnibus
2163 3024 2255 3066 quat
2268 3009 2321 3052 de
2332 3019 2449 3054 aetate
2466 3012 2664 3067 Agathar-

1428 3074 1560 3117 chidis
1580 3073 1747 3116 aliunde
1778 3081 1989 3129 comperta
2017 3072 2232 3123 habemus,
2264 3087 2315 3114 ex
2338 3086 2421 3115 orae
2437 3073 2666 3132 Troglody-

1428 3139 1518 3179 ticae
1536 3136 1812 3192 descriptione
1827 3136 1960 3190 colligi
1979 3135 2197 3177 volucrunt
2219 3134 2379 3177 nullum
2400 3135 2507 3178 ultra
2533 3138 2666 3180 Ptole-

1430 3198 1607 3241 maidem
1628 3197 1830 3255 oppidum
1858 3196 1920 3239 vel
1940 3206 2106 3254 portum
2129 3196 2421 3251 Agatharchidi
2452 3200 2663 3252 cognitum

1429 3261 1568 3312 fuisse,
1586 3260 1763 3317 ideoque
1789 3269 1976 3316 tempora
1997 3259 2084 3315 ejus
2103 3258 2155 3301 ad
2181 3260 2387 3302 Ptolemaei
2410 3262 2518 3302 tertii
2541 3276 2666 3318 quar-

1429 3325 1542 3380 tique
1568 3338 1691 3379 regna
1723 3322 1974 3365 removenda
1992 3338 2078 3364 csse
2099 3325 2115 3378 ΙΙ
2135 3347 2191 3355 --
2208 3327 2248 3373 ί..
2277 3322 2352 3365 ἀπ’
2383 3322 2664 3383 Ἀρσινόης]

1430 3388 1527 3430 lia-c
1539 3395 1635 3429 nota
1645 3394 1706 3429 est
1720 3386 1896 3429 Arsinoe
1904 3385 2019 3436 urbs,
2038 3384 2091 3427 ad
2106 3387 2262 3427 exitum
2278 3387 2355 3428 sita
2370 3386 2522 3428 canalis
2537 3389 2553 3441 (
2567 3389 2668 3430 Dio-

1429 3449 1522 3492 dor.
1543 3452 1579 3501 1,
1603 3449 1930 3501 33,12;simbo
1944 3463 1987 3506 p.
2003 3450 2100 3505 735,
2119 3450 2224 3500 som
2244 3448 2349 3491 pun.
2368 3450 2444 3500 vt,
2461 3450 2513 3492 33
2549 3450 2604 3502 v,
2622 3465 2665 3507 9³
2692 3471 2694 3475 ,

1427 3512 1531 3555 Tab.
1565 3514 1701 3564 Peut.;
1726 3513 1822 3554 ltin.
1855 3520 1936 3554 etc.
1964 3514 1998 3567 ).
2030 3510 2320 3554 Artemidorus
2341 3520 2480 3554 autem
2514 3513 2557 3554 in
2594 3526 2668 3556 sua

1427 3576 1542 3617 sinus
1559 3574 1835 3632 descriptione
1852 3576 2033 3632 primum
2052 3583 2253 3617 memorat
2268 3574 2520 3631 Heroopolin
2539 3578 2556 3630 (
2575 3589 2668 3631 que
2686 3587 2692 3602 ‘

1428 3637 1565 3695 paullo
1598 3652 1721 3695 supra
1749 3639 1953 3681 Arsinoen
1982 3639 2058 3680 sita
2080 3646 2167 3680 erat
2189 3640 2221 3693 ),
2246 3636 2398 3680 deinde
2416 3636 2665 3680 Philoteram
2688 3659 2690 3663 v

1430 3699 1575 3742 urbem
1593 3732 1603 3751 ,
1624 3698 1711 3742 εἶτα
1740 3700 1867 3754 ἄλλην
1899 3701 2013 3744 πόλιν
2034 3699 2246 3757 Ἀρσινόην,
2267 3709 2354 3742 tum
2385 3714 2433 3742 ea
2454 3713 2546 3755 quae
2564 3702 2669 3755 Aga-

1430 3762 1663 3805 tharcliidoe
1684 3773 1902 3815 memorat,
1931 3763 2063 3805 sontes
2084 3762 2252 3815 calidos,
2275 3770 2459 3804 montem
2478 3761 2665 3804 rubrico-

1430 3838 1538 3875 sum,
1554 3827 1595 3866 M
1599 3825 1867 3881 yoshormum
1886 3824 2016 3868 :adeo
2029 3834 2074 3867 ut
2088 3825 2175 3867 haec
2188 3825 2378 3876 Arsinoe,
2395 3826 2428 3866 si
2445 3822 2589 3867 eadem
2604 3828 2666 3865 αι
2683 3831 2709 3870 ’,

1430 3900 1524 3928 cum
1542 3903 1587 3929 ea
1607 3902 1731 3943 quam
1754 3887 1921 3930 aliunde
1938 3888 2043 3930 bene
2065 3889 2282 3939 novimus,
2305 3902 2389 3929 non
2410 3901 2487 3928 suo
2507 3896 2663 3928 meno-
2687 3894 2691 3899 ’

1431 3957 1545 3991 retur
1567 3950 1658 3991 loco
1682 3953 1697 4003 (
1715 3959 1759 3992 ιιι
1774 3953 2033 4000 Mannertus,
2051 3949 2320 4000 Reichardus,
2341 3950 2407 3991 alii
2423 3952 2607 4007 statuunt
2625 3942 2660 4001 )‚

1430 4020 1516 4062 aut,
1549 4014 1580 4054 si
1606 4013 1706 4055 nihil
1729 4022 1874 4055 auctor
1904 4014 2112 4070 peccavit,
2136 4012 2230 4055 duae
2254 4013 2337 4053 sint
2365 4010 2453 4066 ejus
2484 4005 2661 4051 nominis

1432 4073 1555 4116 urbes
1566 4074 1880 4131 distinguendae,
1901 4090 2075 4133 quarum
2089 4075 2255 4118 alteram
2274 4070 2558 4118 Artemidorus
2576 4082 2658 4111 non

2747 3172 2782 3553 ’ΨΜ
2775 3142 2782 3162 .,

2719 3892 2748 3899 a>
