2808 4342
199 225 287 267 3⁶2
554 249 599 292 ο

195 319 303 373 δίόυς
330 315 616 381 τετρακοσίους
647 332 692 360 τε
714 312 785 359 καὶ
820 308 1102 365 πεντήκοντα,
1124 306 1360 371 ὁρμίζονται
1389 310 1432 355 ἓν

194 387 495 438 Ἀποστάνοισι·
511 384 583 431 καὶ
596 383 721 429 πλοῖα
744 375 880 424 πολλὰ
895 375 1035 422 αὐτόθι
1057 374 1217 438 ὥρμεε,
1240 375 1362 437 κώμη
1386 395 1432 423 τε

194 461 296 513 ἐπῆν
338 454 551 517 ἀπέχουσα
608 448 688 495 ἀπὸ
735 446 947 503 Θαλάσσης
986 443 1174 496 σταδίους
1212 443 1430 501 ἑξήκοντα.

197 525 248 588 (ε)
273 523 432 576 Νυκτὸς
463 522 506 568 δὲ
537 517 758 579 ἐπάραντες
789 513 898 560 ἔνθεν
933 513 1192 561 ἕσπλώουσιν
1213 516 1255 567 ἐς
1278 513 1431 563 κόλπον

149 614 168 641 ι»
192 592 499 650 συνοικεόμενον
521 586 700 647 πολλῇσι
730 581 914 646 κώμῃσι·
937 582 1097 630 στάδιοι
1119 586 1190 630 τοῦ
1212 581 1342 630 πλόου
1364 602 1432 630 τεν

129 952 166 981 10

126 1989 165 2019 25

191 662 413 725 τρακόσιοι·
434 650 670 717 ὁρμίζονται
688 651 732 699 δὲ
749 651 850 715 πρὸς
865 651 1088 715 ὕπωρείην·
1104 651 1238 717 ταύτῃ
1257 651 1434 716 φοίνικές

189 749 234 776 τε
255 726 399 774 πολλοὶ
432 722 690 786 ἐπεφύκεσαν
714 721 787 768 καὶ
822 719 901 769 ὅσα
935 722 1045 769 ἄλλα
1084 721 1293 785 ἀκρόδρυα
1314 722 1355 767 ἕν
1378 726 1432 785 τῇ

191 796 367 844 Ἑλλάδι
395 797 449 856 γῇ
482 792 645 856 φύεται.
718 791 768 854 (7)
798 789 946 839 Ἔνθεν
985 790 1157 855 ἄραντες
1193 793 1233 843 ἐς
1254 789 1434 852 Γώγανα

188 863 491 929 παραπλώουσι
506 861 696 915 σταδίους
713 860 897 921 μάλιστα
916 862 957 914 ἐς
971 859 1217 917 ἑξακοσίους,
1232 861 1274 912 ἐς
1290 857 1433 923 χώρην

189 933 441 995 οἰκεομένην·
462 933 700 995 ὁρμίζονται
725 931 768 977 δὲ
788 935 860 977 τοῦ
878 934 1071 990 ποταμοῦ
1092 934 1162 976 τοῦ
1181 929 1430 994 χειμάρρου,

188 1004 317 1065 ὄνομα
333 1003 376 1050 δὲ
389 1001 539 1067 Ἄρεὼν
553 1039 566 1062 ,
589 1003 631 1048 ἐν
652 1005 770 1064 τῇσιν
787 1000 1025 1063 ἐκὸολῇσιν·
1048 1000 1223 1045 ἐνταῦθα
1238 1000 1435 1062 χαλεπῶς

188 1074 435 1137 ὁρμίζονται·
464 1072 619 1124 στεινὸς
650 1070 730 1135 γὰρ
746 1064 796 1127 ἦν
816 1073 838 1116 ὁ
867 1068 1045 1122 ἔσπλους
1067 1068 1175 1115 κατὰ
1199 1068 1245 1115 τὸ
1269 1068 1428 1128 στόμα,

188 1142 249 1188 ὅτι
288 1142 448 1206 βραχέα
502 1141 555 1187 τὰ
595 1140 736 1204 κύκλῳ
778 1141 903 1186 αὐτοῦ
949 1141 978 1195 ἡ
1025 1137 1234 1191 ἀνάπωτις
1280 1137 1429 1185 ἐποίεε.

189 1212 238 1275 (ε)
265 1212 350 1259 Καὶ
370 1212 480 1258 ἔνθεν
496 1204 549 1257 αὗ
566 1212 606 1257 ἐν
626 1210 805 1272 στόματι
825 1210 952 1255 ἄλλου
971 1212 1163 1269 ποταμοῦ
1179 1207 1433 1271 ὁρμίζονται,

143 1299 160 1326 5
188 1281 514 1333 διεκπλώσαντες
526 1279 716 1333 σταδίους
732 1282 771 1333 ἐς
786 1277 1062 1330 ὀκτακοσίους·
1085 1276 1263 1332 Σιτακὸς
1277 1276 1433 1337 οὔνομα

188 1353 248 1414 τῷ
270 1355 447 1413 ποταμῷ
484 1346 550 1407 ἦν·
583 1349 674 1396 οὗδὲ
703 1351 744 1395 ἐν
782 1348 913 1412 τούτῳ
946 1348 1154 1411 εὐμαρέως
1184 1346 1433 1411 ὁρμίζονται·

188 1420 260 1467 καὶ
281 1424 302 1466 ὁ
324 1421 448 1473 πλόος
469 1420 577 1473 ἅπας
595 1414 711 1472 οὗτος
731 1422 752 1464 ὁ
775 1418 892 1482 παρὰ
907 1417 981 1475 τὴν
1003 1418 1187 1480 Περσίδα
1209 1417 1369 1481 βραχέα
1391 1435 1434 1462 τε

187 1483 296 1547 ἦσαν
334 1490 405 1535 καὶ
430 1490 576 1554 ῥηχίαι
610 1489 683 1537 καὶ
724 1489 917 1551 τενάγεα.
988 1488 1038 1549 (a)
1078 1486 1286 1534 Ἐνταῦθα
1323 1492 1433 1532 σῖτον

187 1559 559 1620 καταλαμὸάνουσι
583 1559 734 1606 πολλὸν
757 1554 1142 1620 ξυγκεκομισμὲμον
1163 1554 1274 1601 κατὰ
1300 1555 1434 1618 πρόσ-

125 1642 144 1671 2
188 1628 300 1682 ταξιν
338 1629 553 1691 βασιλέος,
592 1633 648 1681 ὥς
694 1628 831 1692 σφίσιν
867 1621 970 1674 εἶναι
1004 1625 1328 1674 ἐπισιτίσασθαι·
1364 1627 1435 1671 ἐν-

186 1701 317 1742 ταῦθα
341 1696 505 1757 ἔμειναν
527 1696 686 1760 ἡμέρας
706 1698 780 1751 τὰς
800 1697 937 1750 πάσας
961 1696 1059 1757 μίαν
1083 1697 1155 1742 καὶ
1178 1694 1334 1755 εἴκοσι,
1362 1694 1434 1740 καὶ

188 1766 262 1818 τὰς
283 1766 377 1820 νέας
414 1767 729 1831 ἀνειρυσάμενοι
763 1766 857 1814 ὅσαι
882 1765 956 1828 μὲν
990 1768 1309 1823 πεπονήκεσαν,
1340 1765 1434 1810 ἐπε-

186 1834 397 1889 σκεύαζον·
420 1835 493 1889 τὰς
513 1836 555 1881 δὲ
576 1836 705 1888 ἄλλας
727 1836 988 1899 ἐθεράπευον.

252 1905 463 1951 XXXIX.
503 1904 692 1951 Ἐνθένδε
726 1904 973 1966 ὁρμηθέντες
1009 1906 1065 1956 εἷς
1098 1903 1272 1966 Ἱέρατιν
1312 1904 1432 1950 πόλιν

189 1972 406 2031 ἀπίκοντο,
427 1975 467 2027 ie.
485 1977 620 2038 χῶρον
651 1975 899 2035 οἰκεόμενον·
923 1973 1165 2020 ἑπτακόσιοι
1191 1973 1263 2035 καὶ
1278 1973 1430 2029 πεντή-

187 2104 246 2146 nii
265 2105 470 2147 sententia
488 2104 541 2147 de
558 2106 641 2147 situ
664 2106 769 2147 Ochi
795 2108 948 2148 montis
965 2098 1018 2148 ef
1027 2120 1172 2148 eorum
1197 2121 1288 2162 quae
1317 2105 1433 2148 dein·

187 2181 283 2224 oeps
300 2183 369 2224 ap.
391 2170 616 2211 Arrianum
634 2178 869 2224 sequuntur
887 2169 1091 2220 locorum,
1120 2178 1204 2211 tam
1221 2169 1353 2211 aliena
1373 2177 1434 2210 est

187 2229 306 2271 abiis
329 2242 421 2285 quae
450 2243 580 2283 graeca
598 2230 782 2271 narratio
810 2229 1067 2287 suppeditat,
1089 2238 1136 2271 ut
1162 2229 1324 2271 silentio
1342 2244 1433 2272 eam

188 2292 397 2347 praetcrire
414 2299 593 2349 pmtet.
621 2293 638 2347 ΙΙ
658 2317 715 2324 -
733 2306 771 2334 1.
793 2307 833 2333 τε
856 2306 907 2334 ex
923 2294 959 2335 A
974 2290 1073 2333 add.
1099 2291 1289 2333 Dt'ibner.
1323 2293 1339 2347 ss
1378 2316 1435 2323 —

189 2369 230 2397 α.
252 2354 298 2397 ἐν
339 2353 682 2396 Ἀποστάνοισι
703 2356 719 2411 ]
741 2355 855 2397 locus
880 2353 1099 2412 ponendus
1122 2353 1206 2395 sere
1230 2353 1302 2396 ubi
1322 2369 1435 2397 nunc

187 2417 372 2459 Schewar
383 2416 574 2473 (Schevoo
583 2419 786 2469 Vincent;
808 2417 985 2460 Tschiou
999 2418 1142 2474 Dupre
1156 2419 1201 2458 V
1197 2417 1298 2475 oy.),
1309 2431 1434 2474 quem

190 2481 326 2521 vicum
344 2481 570 2532 Simmons,
587 2482 834 2523 avincento
851 2496 895 2537 p.
919 2481 996 2523 381
1018 2479 1224 2532 laudatus,
1244 2479 1327 2522 sere
1347 2495 1433 2523 me-

188 2541 306 2583 dium
326 2556 413 2585 esse
436 2544 544 2585 inter
561 2543 753 2585 Darabin
785 2543 958 2585 fluvium
973 2550 1014 2584 et
1046 2545 1130 2599 Cap
1146 2542 1293 2584 Nabon
1308 2542 1434 2585 situm

189 2619 291 2656 ὅσα,
336 2613 377 2647 et
410 2605 530 2648 bonae
559 2621 676 2663 aquae
703 2607 865 2663 copiam
907 2606 1042 2647 nautis
1070 2604 1255 2661 praebere
1290 2605 1432 2649 refert.

190 2668 351 2708 Nomen
390 2672 609 2726 Apostanu
635 2669 649 2726 (
670 2670 885 2712 Abu-stan
899 2702 910 2718 ‚
934 2668 1186 2710 Abu-asban
1205 2670 1221 2723 )
1241 2675 1367 2720 recte,
1389 2678 1436 2711 ut

192 2735 310 2783 puto,
331 2730 562 2772 Vincentus
579 2746 621 2787 p.
641 2731 718 2773 381
742 2740 879 2772 censet
894 2730 1059 2785 agnosci
1081 2730 1121 2770 in
1141 2729 1431 2780 DalirAsban,

192 2788 252 2831 uti
285 2800 455 2833 vocatur
475 2793 681 2834 montium
707 2794 855 2851 jugum
879 2794 1022 2842 altum,
1052 2792 1166 2848 quod
1189 2792 1310 2848 juxta
1328 2793 1436 2836 hanc

192 2864 276 2892 orae
297 2861 455 2906 partem
475 2854 727 2895 extenditur.
765 2856 782 2909 ΙΙ
805 2879 859 2886 -
887 2859 927 2895 6.
962 2854 1201 2896 ἔκπλώουσιν
1220 2856 1303 2897 BC.
1335 2855 1351 2910 ΙΙ
1382 2880 1437 2887 -

193 2919 236 2965 4.
261 2915 298 2966 ῖς
318 2914 514 2956 κόλπον
551 2917 976 2971 συνοικεόμενον]
996 2918 1133 2957 sinum
1166 2916 1268 2958 dicit
1289 2917 1330 2958 in
1350 2932 1436 2973 quo

164 2975 169 2981 ’
194 2979 348 3022 Naban
372 2976 434 3019 vel
455 2976 632 3020 Nabend
649 2978 761 3018 locus
783 2978 884 3018 situs
907 2987 983 3027 est,
1005 2993 1088 3019 non
1111 2978 1232 3031 longe
1249 2983 1272 3019 a
1290 2979 1432 3030 fluvio,

194 3041 267 3097 qni
284 3055 371 3083 esse
386 3038 510 3082 debet
528 3038 744 3093 Bagradas
759 3038 983 3088 Ptolemaei,
1001 3047 1041 3079 et
1058 3038 1226 3079 sortasse
1246 3038 1353 3080 idem
1373 3050 1435 3083 est

191 3116 316 3159 quem
331 3101 517 3161 Hyperia
532 3110 652 3144 vocat
664 3101 772 3145 suba
787 3115 856 3158 ap.
873 3100 1054 3144 Plinium
1069 3102 1147 3151 VI,
1163 3105 1215 3142 26
1231 3105 1253 3154 S
1272 3117 1341 3156 99,
1360 3103 1430 3144 ubi

189 3173 284 3221 post
318 3164 471 3208 insulas
499 3178 625 3220 supra
657 3172 904 3206 memoratas
938 3171 1207 3205 recensentur
1242 3177 1251 3204 ε
1274 3165 1431 3217 flumen

189 3226 370 3286 Hyperis
397 3227 440 3271 in
471 3225 603 3269 medio
632 3226 728 3269 sinu
751 3225 917 3269 Persico
951 3225 1230 3268 onerariarum
1260 3226 1431 3267 navium

190 3306 354 3349 capaae5
371 3291 529 3347 flumen
560 3289 814 3344 sinagogas,
844 3303 924 3346 qao
946 3287 1214 3343 Pasargadas
1247 3298 1432 3346 septumo

190 3352 258 3396 aie
284 3352 540 3407 navigatum·
551 3354 710 3409 stamen
732 3350 972 3406 navigabile
1002 3350 1271 3401 Phristimus,
1295 3350 1432 3393 insula

191 3415 278 3457 sine
298 3414 483 3466 nomine;
497 3416 657 3471 flumen
674 3415 844 3468 Granis,
878 3424 957 3457 etc.
975 3411 1136 3470 Quodsi
1161 3413 1430 3456 nummorum

193 3479 210 3532 (
237 3478 398 3520 Wiener
409 3478 557 3521 Jahrb.
580 3481 684 3522 VIII
702 3511 714 3531 ‚
738 3493 782 3536 p.
810 3479 923 3534 314)
946 3476 1105 3529 audias,
1130 3475 1231 3518 illud
1254 3476 1433 3534 Ηῃκνιζι

191 3553 345 3582 nomen
361 3542 485 3583 etiam
507 3541 619 3599 apud
640 3543 862 3585 Arrianum
879 3541 1022 3583 lateret
1041 3541 1084 3582 in
1105 3539 1239 3582 verbis
1257 3538 1435 3596 ὁρμίζον-

189 3616 256 3644 ται
273 3601 314 3644 Bt
331 3603 422 3658 πρὸς
438 3604 643 3661 ὒπωρείην.
671 3629 727 3637 -
744 3606 967 3661 Regionem
991 3605 1108 3646 istam
1139 3602 1285 3660 palmis
1301 3602 1433 3645 abun·

191 3661 307 3716 dne,
329 3663 585 3721 fluviumque
611 3667 784 3709 navibus
803 3676 864 3709 sat
887 3667 1046 3722 magnis
1067 3662 1319 3722 excipiendis
1343 3662 1433 3706 ido·

191 3738 319 3769 neum
329 3740 420 3777 ,esse
434 3741 486 3769 ex
508 3730 806 3772 recentioribus
826 3730 1053 3772 viatoribus
1068 3736 1185 3771 notat
1200 3728 1432 3770 vincemus

190 3802 236 3845 p.
253 3788 351 3832 383.
369 3787 436 3832 Ct‘.
458 3789 647 3833 Goeselin
667 3793 745 3843 111,
763 3807 804 3847 p.
836 3795 904 3847 78.
928 3794 1016 3847 11-
1032 3794 1074 3835 8.
1094 3794 1150 3849 γῇ
1166 3804 1252 3833 om.
1270 3792 1322 3833 Α.
1341 3790 1358 3845 ΙΙ
1376 3813 1433 3822 -

193 3849 230 3901 ἔς
250 3866 336 3894 om.
367 3851 492 3895 BCD.
519 3852 537 3909 11
571 3877 628 3886 -
652 3853 890 3911 Γώγανα]
911 3854 1036 3897 hodie
1063 3861 1264 3898 vocantur
1282 3852 1435 3895 Bender

193 3914 367 3957 Konkiln
383 3914 399 3973 (
415 3918 604 3970 Kongun,
630 3918 839 3971 Kengoun,
870 3918 1037 3959 Korakon
1061 3916 1168 3974 ).1n
1188 3917 1341 3968 sinum,
1364 3917 1430 3959 cui

193 3975 293 4018 urbs
310 3975 483 4033 adjacet,
510 3977 662 4022 fluvius
681 3980 783 4032 exit,
804 3980 876 4036 qui
894 3982 1033 4023 Areon
1060 3988 1122 4022 est
1143 3980 1332 4031 Arriani;
1354 3979 1431 4021 ho·

195 4035 386 4082 diei-num
415 4054 502 4097 ejus
520 4056 675 4086 nomen
703 4056 790 4087 non
813 4043 950 4086 inveni
971 4043 1176 4086 notatum.
1194 4044 1316 4086 Sinus
1333 4055 1431 4099 pro·

1479 1723 1484 1726 -
1506 1697 1630 1753 cepit.
1690 1696 1754 1738 Ibi
1778 1697 1922 1751 viginti
1937 1710 2070 1738 unum
2085 1695 2173 1737 dies
2190 1697 2231 1738 in
2252 1698 2492 1739 universum
2508 1699 2754 1741 commorati

2717 0 2808 88 ἴῃ

2734 29 2755 43 ’.ί

2779 85 2808 127 ¹⁴,

1335 198 1594 257 Aetnam

1507 384 1671 440 navigia
1691 383 1735 425 in
1753 384 1929 427 statione
1945 394 2064 429 mut
2079 383 2158 432 t‘et
2169 404 2297 448 pagus
2314 392 2526 450 adjacebat
2540 382 2738 448 sexagint⁴

1504 450 1648 495 stadiis
1665 465 1690 494 a
1706 451 1812 494 mari
1831 459 2031 495 remotus.
2091 455 2157 511 (6)
2175 457 2286 502 Eine
2300 462 2474 519 repetita
2492 476 2567 519 per
2586 471 2719 504 nocte·

1506 520 1768 575 navigatione
1790 520 1833 561 in
1856 520 1995 563 sinum
2016 520 2227 578 quendam
2247 524 2529 584 steqnentibus
2546 531 2659 587 pagis
2682 546 2747 573 ce·

1506 589 1662 638 lebrem
1691 588 1816 631 delati
1847 598 1959 642 sunt,
1985 590 2287 647 quadringenta
2306 595 2439 639 stadia
2468 600 2623 640 emensi
2648 613 2657 640 :
2692 599 2747 641 ibi
2771 603 2775 606 '

1506 658 1632 701 classe
1646 657 1700 701 ad
1714 658 1896 702 radicem
1913 661 2067 703 montis
2080 661 2277 706 oolloeata
2290 663 2576 711 substiterunt.
2638 671 2748 712 Loca
2803 657 2808 670 ⁴

1507 727 1573 771 illa
1612 728 1766 786 palmas
1800 728 1981 786 aliasque
2009 730 2231 787 pomiferas
2264 732 2434 775 arbores
2465 741 2669 791 quotquot
2706 738 2749 780 in
2806 759 2808 762 ·

1507 798 1669 840 Graecia
1706 807 1936 842 nascuntur
1972 798 2173 844 serebant.
2234 803 2300 859 (7)
2331 801 2437 845 Inde
2467 803 2671 847 solventes
2705 806 2751 849 in
2804 802 2808 812 ’

1508 866 1703 921 Gogana,
1724 867 1935 923 regionem
1954 867 2179 912 habitatam
2195 901 2207 923 ,
2229 879 2420 914 sexcenta
2436 872 2600 914 circiter
2621 871 2753 917 stadia

1508 937 1691 987 emensi,
1717 937 1936 992 navigant;
1968 938 2218 996 classemque
2239 939 2293 983 ad
2324 939 2460 983 fauces
2483 942 2598 984 ssuvii
2617 941 2753 999 cnjus-

1508 1004 1603 1046 dam
1624 1005 1699 1061 qui
1718 1013 1879 1047 torrens
1899 1015 1986 1048 erat
2002 1010 2019 1062 (
2034 1011 2174 1050 Areon
2195 1010 2234 1051 ei
2255 1017 2342 1053 erat
2354 1025 2506 1053 nomen
2521 1013 2553 1067 ),
2580 1010 2754 1055 colloca·

1510 1074 1593 1124 vit,
1611 1072 1737 1129 idque
1756 1074 1901 1130 iniquo
1919 1075 2016 1116 satis
2044 1075 2159 1127 loco,
2180 1076 2295 1132 quod
2316 1077 2452 1120 aditus
2474 1077 2655 1121 faucium
2678 1094 2752 1122 an·

1509 1150 1651 1196 gustus
1673 1150 1761 1183 erat
1778 1141 1834 1184 ob
1856 1142 1959 1184 vada
1978 1157 2070 1199 quae
2088 1152 2210 1186 atus
2238 1146 2387 1187 marini
2406 1160 2590 1190 recessus
2612 1149 2654 1190 in
2682 1163 2752 1190 or·

1509 1210 1606 1252 bem
1628 1209 1792 1253 fecerat.
1854 1213 1918 1266 (8)
1949 1211 2055 1254 Inde
2083 1227 2227 1255 rursus
2262 1212 2316 1254 ad
2348 1213 2513 1256 alterius
2538 1215 2749 1268 fluminis,
2788 1268 2792 1275 .

1509 1280 1576 1320 cui
1605 1279 1740 1334 Sitaoo
1765 1294 1919 1322 nomen
1943 1289 2019 1332 est,
2044 1282 2198 1323 ostium
2232 1282 2495 1338 appulerunt,
2519 1284 2753 1339 octingenta
2788 1282 2792 1287 ⁷

1509 1348 1640 1390 stadia
1663 1350 1835 1391 emensi.
1896 1350 1977 1392 Sed
1996 1365 2049 1392 ne
2071 1350 2128 1392 ibi
2147 1350 2316 1407 quidem
2332 1352 2596 1395 commodam
2611 1354 2752 1396 statio·

1510 1435 1605 1462 nem
1627 1422 1736 1463 nacti
1759 1428 1882 1472 sunt3
1904 1421 2097 1463 universa
2118 1422 2229 1463 enim
2252 1421 2340 1463 haec
2361 1421 2414 1464 ad
2437 1422 2616 1465 Persidis
2637 1437 2753 1466 oram
2781 1466 2783 1472 ,

1510 1491 1715 1546 navigatio
1730 1490 1910 1547 plurima
1928 1490 2079 1532 vadosa
2098 1499 2138 1533 et
2153 1492 2354 1548 petricosa
2373 1491 2650 1548 palustriaque
2664 1492 2753 1535 lom
2783 1494 2784 1497 ’

1507 1558 1701 1601 habebat.
1724 1560 1788 1614 (9)
1811 1560 1874 1600 Eo
1889 1558 1967 1601 loci
1990 1559 2202 1601 Nearchus
2224 1559 2401 1600 multum
2419 1559 2614 1601 frumenti
2637 1560 2751 1616 quod

1506 1642 1579 1669 rex
1596 1627 1651 1669 ad
1673 1627 2014 1669 frumentandum
2033 1628 2260 1669 exercitum
2283 1627 2460 1670 convehi
2486 1637 2665 1680 curarat,
2685 1643 2749 1671 ac·

1509 315 1652 360 stadiis
1677 317 1881 373 peractis,
1903 317 1956 360 ad
1981 321 2191 376 Apatna·
2210 324 2475 382 appulerunt.
2535 325 2664 368 Multa
2691 309 2808 649 ili

1506 1778 1630 1806 naves
1667 1778 1760 1820 quae
1784 1763 1870 1806 salo
1892 1772 2091 1820 quassatae
2123 1772 2241 1806 erant
2277 1765 2318 1806 in
2343 1773 2495 1807 terram
2531 1765 2754 1809 subductas

1504 1831 1738 1874 refecerunt
1756 1845 1767 1873 ι
1785 1832 1962 1887 reliquas
1976 1840 2115 1874 autem
2131 1830 2318 1876 curando
2337 1842 2603 1877 renovarunt.

1558 1902 1763 1946 XXXIX.
1793 1901 1898 1943 Inde
1917 1915 2085 1943 rursum
2114 1901 2319 1947 solventes
2341 1905 2394 1947 ad
2424 1907 2611 1948 Hieratin
2634 1907 2752 1965 oppi-
2781 1912 2801 1958 ζ

1503 1972 1606 2015 dum
1621 1971 1868 2022 habitatum,
1890 1972 2147 2028 septingenta
2162 1975 2460 2030 quinquaginta
2470 1974 2602 2017 stadia
2616 1989 2756 2019 emen·
2781 2005 2789 2009 --

1506 2104 1710 2147 funditate
1724 2118 1897 2161 prorsus
1909 2114 2034 2157 caret,
2047 2113 2095 2147 ut
2109 2120 2159 2147 ex
2175 2114 2364 2147 accurata
2377 2105 2464 2161 ejus
2477 2105 2757 2148 delineatione
2797 2126 2808 2150 :-

1505 2167 1618 2225 apud
1646 2167 1944 2223 Berghausium
1977 2167 2232 2223 intelligitur.
2263 2167 2330 2210 Cf.
2367 2169 2567 2211 Vincent.
2599 2182 2643 2225 p.
2670 2169 2751 2211 385
2805 2162 2808 2204 Ϊ

1506 2233 1698 2271 1101316.
1714 2227 1781 2271 Ad
1795 2229 2014 2271 introitum
2022 2230 2138 2271 sinus
2146 2237 2277 2271 exstat
2287 2243 2426 2286 prom.
2440 2229 2583 2286 Atto-si
2596 2230 2755 2288 (points
2798 2228 2808 2265 ἶ

1505 2290 1649 2347 Awysi
1667 2292 1710 2346 );
1736 2290 1779 2331 in
1816 2302 1903 2345 quo
1922 2291 2092 2332 nomine
2123 2291 2263 2332 nescio
2294 2305 2348 2332 an
2386 2291 2566 2347 supersit
2598 2305 2753 2336 nomen

1505 2354 1698 2396 Ausinza
1735 2353 1830 2404 loci,
1877 2367 2004 2410 quem
2032 2352 2275 2396 Ptolemaeus
2308 2361 2402 2410 post
2435 2353 2664 2410 Bagradam
2686 2356 2750 2409 ss„
2803 2375 2808 2410 g

1505 2431 1675 2474 unoque
1684 2415 1737 2460 ab
1751 2430 1801 2459 eo
1813 2415 1947 2472 gradu
1958 2414 2180 2457 distantem
2193 2423 2411 2458 memorat.
2431 2416 2448 2471 ΙΙ
2463 2439 2521 2448 -
2534 2429 2600 2459 11.
2619 2414 2755 2473 Ἁρεὸν
2801 2423 2808 2471 j

1505 2482 1569 2532 D;
1598 2481 1725 2537 ὄνομα
1751 2480 1792 2521 δέ
1821 2479 1859 2520 οἳ
1895 2477 2032 2534 Ἀρεὼν
2062 2493 2141 2534 vgo
2160 2486 2255 2520 ante
2284 2477 2616 2522 Schmiedemm.
2643 2480 2660 2535 ΙΙ
2696 2501 2756 2514 -·-
2781 2484 2808 2528 .ἰ·;

1510 2540 1573 2583 15.
1602 2540 1638 2591 ἐς
1658 2542 1779 2598 vulgo
1795 2541 1932 2593 deest;
1958 2541 2111 2583 habent
2124 2542 2270 2584 ABCD
2286 2549 2327 2584 et
2342 2539 2462 2583 Bodl.
2485 2536 2659 2597 11—15.
2681 2541 2755 2584 22-
2787 2543 2808 2582 αἱ

1505 2603 1686 2660 τακδς]
1715 2603 1955 2659 Sitiogugus
2002 2603 2138 2645 Plinio
2168 2602 2337 2644 dicitur.
2373 2601 2501 2657 Quod
2536 2601 2654 2646 addit
2679 2617 2755 2660 pa·

1505 2681 1603 2708 eum
1632 2667 1807 2709 fluvium
1847 2665 2097 2720 Pasargadas
2131 2666 2313 2720 navigari
2350 2679 2463 2707 mera
2492 2664 2627 2707 sabula
2658 2674 2750 2718 estg

1505 2743 1601 2771 nam
1623 2730 1701 2771 tale
1716 2728 1818 2785 quid
1838 2730 1880 2770 in
1900 2728 2061 2770 nullum
2077 2727 2201 2783 hujus
2221 2743 2303 2770 orae
2326 2728 2500 2769 nuvium
2518 2727 2644 2771 cadit.
2667 2730 2751 2772 110-

1505 2790 1573 2832 die
1605 2791 1718 2833 Klior
1739 2791 1925 2847 Jayrali3
1961 2791 2021 2832 uti
2046 2798 2108 2831 σοι
2138 2791 2179 2831 in
2208 2790 2441 2832 novissimis
2464 2791 2650 2847 mappis,
2676 2794 2748 2849 qui
2779 2821 2782 2828 ,

1505 2854 1588 2896 exit
1610 2854 1748 2909 paullo
1769 2868 1893 2910 supra
1928 2855 2013 2895 Bas
2039 2852 2079 2893 el
2098 2852 2262 2894 Khann.
2294 2872 2310 2888 ι
2334 2853 2391 2893 Ge
2422 2853 2495 2908 qui
2530 2861 2596 2894 me
2617 2856 2752 2910 paruit
2782 2903 2784 2910 ς

1505 2917 1676 2967 certain,
1698 2915 1798 2958 c’est
1830 2914 1882 2957 de
1908 2922 2125 2956 retrouver
2153 2914 2313 2956 sitacos
2340 2913 2444 2956 dans
2465 2914 2502 2956 le
2521 2915 2752 2973 geographe'

1503 2979 1632 3030 Ture,
1658 2978 1801 3021 Kiatib
1825 2976 2046 3029 Tchelebi,
2086 2991 2183 3018 sous
2204 2976 2240 3019 le
2264 2991 2362 3018 nom
2382 2976 2435 3019 de
2459 2977 2552 3019 Sita
2569 2991 2625 3019 ou
2641 2977 2752 3022 Sita-

1506 3041 1689 3094 regleian.
1715 3042 1773 3083 Le
1799 3048 1953 3082 canton
1988 3039 2193 3081 maritime
2221 3038 2322 3095 qu’il
2343 3038 2501 3095 appelle
2522 3039 2750 3083 nancta-sa·-

1507 3112 1594 3152 ean,
1620 3118 1676 3146 ou
1691 3102 1920 3145 habitation
1942 3100 1995 3142 de
2016 3102 2145 3153 Sitan,
2171 3109 2232 3143 est
2257 3114 2336 3142 aux
2363 3101 2558 3142 environs
2575 3099 2630 3143 de
2646 3110 2750 3145 cette

1507 3165 1669 3207 riviere.
1703 3165 1789 3207 Elle
1825 3181 1875 3206 cn
1912 3165 2044 3220 recoit
2069 3178 2151 3205 une
2184 3171 2316 3213 autre,
2338 3163 2530 3205 nommee
2561 3164 2746 3214 Bcrareh,

1504 3229 1574 3282 qui
1600 3242 1715 3283 passe
1734 3225 1757 3268 ii
1777 3225 2055 3275 Firuz-abad,
2079 3225 2115 3266 la
2130 3224 2357 3281 principale
2385 3224 2476 3267 ville
2490 3224 2550 3267 du
2574 3226 2750 3269 Kouma

1503 3288 1739 3339 d‘Ardshir,
1772 3298 1811 3330 ct
1831 3289 1932 3330 citec
1948 3301 2045 3329 sous
2073 3301 2128 3328 un
2152 3295 2268 3328 autre
2288 3302 2403 3340 nom,
2420 3288 2492 3344 qui
2504 3287 2560 3330 lui
2577 3297 2639 3330 est
2652 3290 2747 3346 ega·

1503 3350 1653 3394 lemcnt
1675 3366 1842 3410 propre,
1863 3352 2003 3393 savoir
2019 3351 2191 3403 Giauer,
2213 3366 2283 3394 sur
2303 3350 2337 3394 la
2357 3359 2479 3394 route
2493 3350 2547 3395 de
2566 3351 2766 3406 Shiraz}¹

1502 3414 1623 3466 Siras,
1644 3414 1747 3457 dans
1763 3413 1941 3456 l'Edrisi.
1963 3415 2080 3456 Cette
2103 3414 2195 3456 ville
2210 3428 2291 3470 que
2308 3414 2343 3457 la
2366 3414 2560 3457 tradition
2573 3414 2634 3458 du
2645 3407 2770 3474 pays*

1504 3486 1599 3520 veut
1632 3477 1939 3534 qu’Alexandre
1963 3478 2020 3519 ait
2047 3478 2239 3532 assiegee,
2262 3484 2301 3519 et
2330 3476 2431 3534 qu’il
2460 3477 2561 3520 n'ait
2587 3476 2763 3522 :eduin

1502 3539 1626 3597 qu'en
1656 3540 1694 3582 la
1726 3540 2015 3594 submergant,
2051 3538 2265 3582 serait-elle
2290 3538 2483 3595 designee
2511 3538 2615 3583 dans
2632 3539 2765 3598 Ptin-j

1502 3616 1598 3644 sous
1617 3602 1653 3645 le
1675 3617 1774 3645 nom
1806 3601 1858 3643 de
1890 3600 2165 3654 Pasargadoe,
2201 3602 2384 3658 quoique
2418 3616 2466 3643 ee
2489 3615 2587 3644 nom
2610 3603 2769 3659 puin&

1502 3679 1527 3720 y
1547 3667 1633 3707 etro
1647 3665 1844 3722 deplace?
1867 3683 1882 3704 ι»
1908 3663 2126 3707 D'Anville
2141 3666 2265 3707 Mem.
2288 3673 2318 3706 t.
2337 3664 2467 3716 XXX,
2487 3677 2531 3721 p.
2567 3664 2660 3708 158.
2677 3664 2765 3710 Cf.

1502 3729 1697 3771 Vincent.
1718 3744 1760 3786 p.
1781 3728 1879 3772 385.
1894 3726 2098 3770 Gosselin.
2113 3729 2190 3779 111,
2208 3741 2250 3783 p.
2271 3741 2339 3782 79.
2359 3727 2376 3783 ΙΙ
2395 3750 2451 3759 -
2478 3729 2542 3771 18.
2569 3725 2756 3783 ῥηχίη.

1502 3790 1579 3830 καὶ
1598 3806 1675 3832 τεν
1688 3791 1808 3846 άγεα
1826 3791 1842 3847 ]
1862 3790 2040 3832 Tractus
2054 3789 2125 3845 qui
2155 3796 2218 3831 est
2248 3787 2345 3831 inde
2361 3802 2386 3831 a
2404 3788 2577 3831 Konkma
2597 3798 2637 3831 e!
2659 3792 2759 3835 Ru.

1504 3852 1722 3895 Bcrdisean
1742 3867 1874 3910 usque
1885 3852 1938 3895 ad
1954 3855 2039 3895 Bas
2054 3851 2093 3893 01
2106 3851 2252 3893 Klmnn
2270 3852 2393 3894 etiam
2408 3865 2431 3893 a
2443 3797 2808 4117 recentioribd5

1501 3915 1557 3957 ob
1584 3916 1773 3973 scopulos
1802 3924 1843 3958 ct
1873 3915 2013 3959 brevia
2037 3914 2225 3957 omnium
2260 3913 2632 3971 periculosissimus
2656 3919 2745 3959 σι’.

1502 3979 1646 4022 fertur.

1559 4044 1758 4093 XXXIX,
1780 4045 1850 4093 al..
1877 4041 2047 4098 Ἱεράτην
2064 4042 2112 4084 C.
2135 4041 2234 4083 Mox
2251 4053 2261 4082 :
2276 4039 2357 4082 οὖν.
2375 4037 2423 4094 ἦν
2450 4039 2626 4098 Ῥάτεμις
2642 4042 2695 4084 Α.
2716 4040 2736 4095 ΙΙ
2780 4038 2788 4072 ⁵·

2750 4197 2808 4342 il
