<?xml version="1.0" encoding="UTF-8"?>
<!DOCTYPE html PUBLIC "-//W3C//DTD XHTML 1.0 Transitional//EN"
    "http://www.w3.org/TR/xhtml1/DTD/xhtml1-transitional.dtd">
<html xmlns="http://www.w3.org/1999/xhtml" xml:lang="en" lang="en">
 <head>
  <title>
</title>
<meta http-equiv="Content-Type" content="text/html;charset=utf-8" />
  <meta name='ocr-system' content='tesseract 3.04.00' />
  <meta name='ocr-capabilities' content='ocr_page ocr_carea ocr_par ocr_line ocrx_word'/>
</head>
<body>
  <div class='ocr_page' id='page_1' title='image "./geographigraeci00mueluoft/geographigraeci00mueluoft_0053.png"; bbox 0 0 2756 4354; ppageno 0'>
   <div class='ocr_carea' id='block_1_1' title="bbox 0 0 71 2087">
    <p class='ocr_par' dir='ltr' id='par_1_1' title="bbox 0 0 71 2087">
     <span class='ocr_line' id='line_1_1' title="bbox 0 0 71 2087; baseline 0 0"><span class='ocrx_word' id='word_1_1' title='bbox 0 0 71 2087; x_wconf 95' lang='lat' dir='ltr'><strong>      </strong></span> <span class='ocrx_word' id='word_1_2' title='bbox 36 128 71 173; x_wconf 95' lang='lat' dir='ltr'><strong> </strong></span> 
     </span>
    </p>
   </div>
   <div class='ocr_carea' id='block_1_2' title="bbox 16 126 87 170">
    <p class='ocr_par' dir='ltr' id='par_1_2' title="bbox 16 118 87 170">
     <span class='ocr_line' id='line_1_2' title="bbox 16 126 87 170; baseline 0.014 -1"><span class='ocrx_word' id='word_1_3' title='bbox 16 126 49 170; x_wconf 75' lang='lat' dir='ltr'><strong>i</strong></span> <span class='ocrx_word' id='word_1_4' title='bbox 82 149 87 153; x_wconf 92' lang='lat'><strong>·</strong></span> 
     </span>
    </p>
   </div>
   <div class='ocr_carea' id='block_1_3' title="bbox 12 252 1266 2362">
    <p class='ocr_par' dir='ltr' id='par_1_3' title="bbox 12 252 1266 1755">
     <span class='ocr_line' id='line_1_3' title="bbox 16 252 1262 330; baseline -0.006 -11"><span class='ocrx_word' id='word_1_5' title='bbox 16 252 164 327; x_wconf 47' lang='lat' dir='ltr'><strong>finitae,</strong></span> <span class='ocrx_word' id='word_1_6' title='bbox 203 286 294 330; x_wconf 91' lang='lat' dir='ltr'><strong>quo</strong></span> <span class='ocrx_word' id='word_1_7' title='bbox 325 268 448 328; x_wconf 83' lang='lat' dir='ltr'><strong>regia</strong></span> <span class='ocrx_word' id='word_1_8' title='bbox 481 266 751 326; x_wconf 89' lang='lat' dir='ltr'><strong>auctoritate</strong></span> <span class='ocrx_word' id='word_1_9' title='bbox 783 280 840 310; x_wconf 87' lang='lat' dir='ltr'><strong>ex</strong></span> <span class='ocrx_word' id='word_1_10' title='bbox 872 267 1262 326; x_wconf 75' lang='lat' dir='ltr'><strong>praestantissimis</strong></span> 
     </span>
     <span class='ocr_line' id='line_1_4' title="bbox 28 335 1259 407; baseline -0.005 -16"><span class='ocrx_word' id='word_1_11' title='bbox 28 335 333 407; x_wconf 75' lang='lat' dir='ltr'><strong>scriptoribus</strong></span> <span class='ocrx_word' id='word_1_12' title='bbox 348 339 596 387; x_wconf 84' lang='lat' dir='ltr'><strong>laudabilia</strong></span> <span class='ocrx_word' id='word_1_13' title='bbox 611 340 797 400; x_wconf 82' lang='lat' dir='ltr'><strong>excerpi</strong></span> <span class='ocrx_word' id='word_1_14' title='bbox 814 339 961 384; x_wconf 88' lang='lat' dir='ltr'><strong>solent</strong></span> <span class='ocrx_word' id='word_1_15' title='bbox 974 340 1028 400; x_wconf 69' lang='lat'><strong>(⁴²)</strong></span> <span class='ocrx_word' id='word_1_16' title='bbox 1043 361 1078 384; x_wconf 83' lang='lat'><strong>».</strong></span> <span class='ocrx_word' id='word_1_17' title='bbox 1093 340 1259 385; x_wconf 89' lang='lat' dir='ltr'><strong>Verum</strong></span> 
     </span>
     <span class='ocr_line' id='line_1_5' title="bbox 31 406 1263 475; baseline -0.005 -8"><span class='ocrx_word' id='word_1_18' title='bbox 31 406 81 468; x_wconf 37' lang='lat' dir='ltr'><strong>si.</strong></span> <span class='ocrx_word' id='word_1_19' title='bbox 92 417 374 466; x_wconf 89' lang='lat' dir='ltr'><strong>Constantini</strong></span> <span class='ocrx_word' id='word_1_20' title='bbox 393 414 574 460; x_wconf 85' lang='lat' dir='ltr'><strong>demum</strong></span> <span class='ocrx_word' id='word_1_21' title='bbox 605 424 734 460; x_wconf 81' lang='lat' dir='ltr'><strong>aetate</strong></span> <span class='ocrx_word' id='word_1_22' title='bbox 749 414 870 460; x_wconf 89' lang='lat' dir='ltr'><strong>liber</strong></span> <span class='ocrx_word' id='word_1_23' title='bbox 890 431 948 461; x_wconf 87' lang='lat' dir='ltr'><strong>ex</strong></span> <span class='ocrx_word' id='word_1_24' title='bbox 965 416 1155 475; x_wconf 89' lang='lat' dir='ltr'><strong>antiquo</strong></span> <span class='ocrx_word' id='word_1_25' title='bbox 1188 431 1263 461; x_wconf 89' lang='lat' dir='ltr'><strong>au-</strong></span> 
     </span>
     <span class='ocr_line' id='line_1_6' title="bbox 32 490 1262 553; baseline -0.005 -11"><span class='ocrx_word' id='word_1_26' title='bbox 32 505 159 541; x_wconf 89' lang='lat' dir='ltr'><strong>ctore</strong></span> <span class='ocrx_word' id='word_1_27' title='bbox 177 501 415 553; x_wconf 87' lang='lat' dir='ltr'><strong>excerptus</strong></span> <span class='ocrx_word' id='word_1_28' title='bbox 434 501 566 550; x_wconf 87' lang='lat' dir='ltr'><strong>esset,</strong></span> <span class='ocrx_word' id='word_1_29' title='bbox 590 505 740 552; x_wconf 89' lang='lat' dir='ltr'><strong>neque</strong></span> <span class='ocrx_word' id='word_1_30' title='bbox 762 491 978 536; x_wconf 89' lang='lat' dir='ltr'><strong>immanis</strong></span> <span class='ocrx_word' id='word_1_31' title='bbox 1000 491 1080 536; x_wconf 90' lang='lat' dir='ltr'><strong>illa</strong></span> <span class='ocrx_word' id='word_1_32' title='bbox 1098 490 1262 536; x_wconf 86' lang='lat' dir='ltr'><strong>verbo-</strong></span> 
     </span>
     <span class='ocr_line' id='line_1_7' title="bbox 31 566 1263 628; baseline -0.003 -12"><span class='ocrx_word' id='word_1_33' title='bbox 31 587 135 616; x_wconf 90' lang='lat' dir='ltr'><strong>rum</strong></span> <span class='ocrx_word' id='word_1_34' title='bbox 169 568 432 628; x_wconf 83' lang='lat' dir='ltr'><strong>corruptio,</strong></span> <span class='ocrx_word' id='word_1_35' title='bbox 465 582 613 626; x_wconf 88' lang='lat' dir='ltr'><strong>neque</strong></span> <span class='ocrx_word' id='word_1_36' title='bbox 659 566 1036 628; x_wconf 83' lang='lat' dir='ltr'><strong>interpolationes</strong></span> <span class='ocrx_word' id='word_1_37' title='bbox 1089 567 1263 612; x_wconf 86' lang='lat' dir='ltr'><strong>crebrae</strong></span> 
     </span>
     <span class='ocr_line' id='line_1_8' title="bbox 30 640 1259 704; baseline -0.003 -14"><span class='ocrx_word' id='word_1_38' title='bbox 30 644 263 704; x_wconf 83' lang='lat' dir='ltr'><strong>doctaeque</strong></span> <span class='ocrx_word' id='word_1_39' title='bbox 295 642 646 701; x_wconf 82' lang='lat' dir='ltr'><strong>explicationem</strong></span> <span class='ocrx_word' id='word_1_40' title='bbox 693 641 915 686; x_wconf 82' lang='lat' dir='ltr'><strong>haberent</strong></span> <span class='ocrx_word' id='word_1_41' title='bbox 942 640 1259 702; x_wconf 83' lang='lat' dir='ltr'><strong>probabilem3</strong></span> 
     </span>
     <span class='ocr_line' id='line_1_9' title="bbox 17 714 1262 782; baseline -0.004 -17"><span class='ocrx_word' id='word_1_42' title='bbox 17 714 168 782; x_wconf 45' lang='lat' dir='ltr'><strong>,immo</strong></span> <span class='ocrx_word' id='word_1_43' title='bbox 194 733 246 763; x_wconf 90' lang='lat' dir='ltr'><strong>ea</strong></span> <span class='ocrx_word' id='word_1_44' title='bbox 262 727 330 762; x_wconf 91' lang='lat' dir='ltr'><strong>est</strong></span> <span class='ocrx_word' id='word_1_45' title='bbox 345 717 500 778; x_wconf 90' lang='lat' dir='ltr'><strong>operis</strong></span> <span class='ocrx_word' id='word_1_46' title='bbox 527 716 731 772; x_wconf 90' lang='lat' dir='ltr'><strong>indoles,</strong></span> <span class='ocrx_word' id='word_1_47' title='bbox 752 726 803 762; x_wconf 92' lang='lat' dir='ltr'><strong>ut</strong></span> <span class='ocrx_word' id='word_1_48' title='bbox 817 717 1004 761; x_wconf 91' lang='lat' dir='ltr'><strong>nonnisi</strong></span> <span class='ocrx_word' id='word_1_49' title='bbox 1024 717 1262 777; x_wconf 87' lang='lat' dir='ltr'><strong>paullatim</strong></span> 
     </span>
     <span class='ocr_line' id='line_1_10' title="bbox 13 788 1264 858; baseline -0.003 -19"><span class='ocrx_word' id='word_1_50' title='bbox 13 808 110 858; x_wconf 70' lang='lat' dir='ltr'><strong>per</strong></span> <span class='ocrx_word' id='word_1_51' title='bbox 125 788 379 851; x_wconf 84' lang='lat' dir='ltr'><strong>longiorem</strong></span> <span class='ocrx_word' id='word_1_52' title='bbox 400 790 654 836; x_wconf 90' lang='lat' dir='ltr'><strong>scribarum</strong></span> <span class='ocrx_word' id='word_1_53' title='bbox 679 791 843 836; x_wconf 88' lang='lat' dir='ltr'><strong>seriem</strong></span> <span class='ocrx_word' id='word_1_54' title='bbox 874 792 924 835; x_wconf 90' lang='lat' dir='ltr'><strong>in</strong></span> <span class='ocrx_word' id='word_1_55' title='bbox 954 791 1087 836; x_wconf 89' lang='lat' dir='ltr'><strong>istam</strong></span> <span class='ocrx_word' id='word_1_56' title='bbox 1117 791 1264 836; x_wconf 89' lang='lat' dir='ltr'><strong>mise-</strong></span> 
     </span>
     <span class='ocr_line' id='line_1_11' title="bbox 22 862 1263 929; baseline -0.002 -14"><span class='ocrx_word' id='word_1_57' title='bbox 22 862 144 915; x_wconf 67' lang='lat' dir='ltr'><strong>fiam</strong></span> <span class='ocrx_word' id='word_1_58' title='bbox 181 869 415 929; x_wconf 89' lang='lat' dir='ltr'><strong>delapsum</strong></span> <span class='ocrx_word' id='word_1_59' title='bbox 456 882 554 927; x_wconf 86' lang='lat' dir='ltr'><strong>esse</strong></span> <span class='ocrx_word' id='word_1_60' title='bbox 587 868 750 928; x_wconf 89' lang='lat' dir='ltr'><strong>possit.</strong></span> <span class='ocrx_word' id='word_1_61' title='bbox 777 867 937 928; x_wconf 90' lang='lat' dir='ltr'><strong>ltaque</strong></span> <span class='ocrx_word' id='word_1_62' title='bbox 973 877 1135 928; x_wconf 88' lang='lat' dir='ltr'><strong>sponte</strong></span> <span class='ocrx_word' id='word_1_63' title='bbox 1166 883 1263 913; x_wconf 90' lang='lat' dir='ltr'><strong>sese</strong></span> 
     </span>
     <span class='ocr_line' id='line_1_12' title="bbox 12 942 1266 1003; baseline -0.001 -14"><span class='ocrx_word' id='word_1_64' title='bbox 12 943 165 989; x_wconf 63' lang='lat' dir='ltr'><strong>&#39;offert</strong></span> <span class='ocrx_word' id='word_1_65' title='bbox 182 943 444 1003; x_wconf 88' lang='lat' dir='ltr'><strong>conjectura</strong></span> <span class='ocrx_word' id='word_1_66' title='bbox 460 944 678 1003; x_wconf 88' lang='lat' dir='ltr'><strong>scriptum</strong></span> <span class='ocrx_word' id='word_1_67' title='bbox 711 952 915 988; x_wconf 89' lang='lat' dir='ltr'><strong>nostrum</strong></span> <span class='ocrx_word' id='word_1_68' title='bbox 930 977 942 999; x_wconf 88' lang='lat'><strong>,</strong></span> <span class='ocrx_word' id='word_1_69' title='bbox 972 942 1094 1002; x_wconf 89' lang='lat' dir='ltr'><strong>quod</strong></span> <span class='ocrx_word' id='word_1_70' title='bbox 1118 957 1266 1002; x_wconf 90' lang='lat' dir='ltr'><strong>neque</strong></span> 
     </span>
     <span class='ocr_line' id='line_1_13' title="bbox 30 1017 1264 1078; baseline -0.002 -15"><span class='ocrx_word' id='word_1_71' title='bbox 30 1018 178 1064; x_wconf 90' lang='lat' dir='ltr'><strong>doctis</strong></span> <span class='ocrx_word' id='word_1_72' title='bbox 206 1017 480 1063; x_wconf 90' lang='lat' dir='ltr'><strong>destinatum</strong></span> <span class='ocrx_word' id='word_1_73' title='bbox 507 1027 619 1073; x_wconf 88' lang='lat' dir='ltr'><strong>erat,</strong></span> <span class='ocrx_word' id='word_1_74' title='bbox 640 1033 789 1078; x_wconf 90' lang='lat' dir='ltr'><strong>neque</strong></span> <span class='ocrx_word' id='word_1_75' title='bbox 813 1017 965 1062; x_wconf 86' lang='lat' dir='ltr'><strong>nautis</strong></span> <span class='ocrx_word' id='word_1_76' title='bbox 991 1017 1130 1061; x_wconf 90' lang='lat' dir='ltr'><strong>ullam</strong></span> <span class='ocrx_word' id='word_1_77' title='bbox 1149 1033 1264 1078; x_wconf 86' lang='lat' dir='ltr'><strong>prae-</strong></span> 
     </span>
     <span class='ocr_line' id='line_1_14' title="bbox 25 1093 1265 1153; baseline -0.002 -13"><span class='ocrx_word' id='word_1_78' title='bbox 25 1093 162 1140; x_wconf 88' lang='lat' dir='ltr'><strong>bebat</strong></span> <span class='ocrx_word' id='word_1_79' title='bbox 186 1095 427 1140; x_wconf 83' lang='lat' dir='ltr'><strong>utilitatem</strong></span> <span class='ocrx_word' id='word_1_80' title='bbox 445 1129 458 1151; x_wconf 96' lang='lat'><strong>,</strong></span> <span class='ocrx_word' id='word_1_81' title='bbox 480 1109 536 1139; x_wconf 87' lang='lat' dir='ltr'><strong>ex</strong></span> <span class='ocrx_word' id='word_1_82' title='bbox 558 1109 715 1139; x_wconf 88' lang='lat' dir='ltr'><strong>eorum</strong></span> <span class='ocrx_word' id='word_1_83' title='bbox 741 1109 839 1139; x_wconf 91' lang='lat' dir='ltr'><strong>esse</strong></span> <span class='ocrx_word' id='word_1_84' title='bbox 861 1108 1069 1149; x_wconf 89' lang='lat' dir='ltr'><strong>numero,</strong></span> <span class='ocrx_word' id='word_1_85' title='bbox 1096 1108 1198 1153; x_wconf 89' lang='lat' dir='ltr'><strong>quae</strong></span> <span class='ocrx_word' id='word_1_86' title='bbox 1216 1094 1265 1138; x_wconf 91' lang='lat' dir='ltr'><strong>in</strong></span> 
     </span>
     <span class='ocr_line' id='line_1_15' title="bbox 28 1168 1265 1231; baseline -0.001 -15"><span class='ocrx_word' id='word_1_87' title='bbox 28 1171 200 1217; x_wconf 87' lang='lat' dir='ltr'><strong>scholis</strong></span> <span class='ocrx_word' id='word_1_88' title='bbox 223 1188 249 1217; x_wconf 89' lang='lat' dir='ltr'><strong>a</strong></span> <span class='ocrx_word' id='word_1_89' title='bbox 281 1171 616 1231; x_wconf 82' lang='lat' dir='ltr'><strong>ludimagistris</strong></span> <span class='ocrx_word' id='word_1_90' title='bbox 646 1169 957 1215; x_wconf 85' lang='lat' dir='ltr'><strong>tractabantur</strong></span> <span class='ocrx_word' id='word_1_91' title='bbox 984 1168 1070 1231; x_wconf 55' lang='lat'><strong>(⁸).</strong></span> <span class='ocrx_word' id='word_1_92' title='bbox 1101 1169 1265 1230; x_wconf 87' lang='lat' dir='ltr'><strong>Cujus-</strong></span> 
     </span>
     <span class='ocr_line' id='line_1_16' title="bbox 30 1245 1261 1309; baseline -0.003 -16"><span class='ocrx_word' id='word_1_93' title='bbox 30 1248 156 1293; x_wconf 89' lang='lat' dir='ltr'><strong>modi</strong></span> <span class='ocrx_word' id='word_1_94' title='bbox 191 1248 464 1309; x_wconf 88' lang='lat' dir='ltr'><strong>compendia</strong></span> <span class='ocrx_word' id='word_1_95' title='bbox 483 1263 621 1307; x_wconf 89' lang='lat' dir='ltr'><strong>quum</strong></span> <span class='ocrx_word' id='word_1_96' title='bbox 646 1262 672 1291; x_wconf 90' lang='lat' dir='ltr'><strong>a</strong></span> <span class='ocrx_word' id='word_1_97' title='bbox 694 1246 850 1306; x_wconf 84' lang='lat' dir='ltr'><strong>multis</strong></span> <span class='ocrx_word' id='word_1_98' title='bbox 883 1245 1261 1302; x_wconf 85' lang='lat' dir='ltr'><strong>describerentur,</strong></span> 
     </span>
     <span class='ocr_line' id='line_1_17' title="bbox 32 1320 1266 1381; baseline -0.002 -15"><span class='ocrx_word' id='word_1_99' title='bbox 32 1323 326 1368; x_wconf 89' lang='lat' dir='ltr'><strong>multifariam</strong></span> <span class='ocrx_word' id='word_1_100' title='bbox 358 1322 494 1366; x_wconf 89' lang='lat' dir='ltr'><strong>etiam</strong></span> <span class='ocrx_word' id='word_1_101' title='bbox 526 1320 939 1381; x_wconf 86' lang='lat' dir='ltr'><strong>corrumpebantur</strong></span> <span class='ocrx_word' id='word_1_102' title='bbox 968 1330 1012 1364; x_wconf 93' lang='lat' dir='ltr'><strong>et</strong></span> <span class='ocrx_word' id='word_1_103' title='bbox 1031 1321 1266 1378; x_wconf 83' lang='lat' dir='ltr'><strong>magistro-</strong></span> 
     </span>
     <span class='ocr_line' id='line_1_18' title="bbox 29 1394 1264 1456; baseline -0.002 -15"><span class='ocrx_word' id='word_1_104' title='bbox 29 1413 147 1442; x_wconf 88' lang='lat' dir='ltr'><strong>rum·</strong></span> <span class='ocrx_word' id='word_1_105' title='bbox 169 1395 541 1441; x_wconf 89' lang='lat' dir='ltr'><strong>annotationibus</strong></span> <span class='ocrx_word' id='word_1_106' title='bbox 561 1396 730 1455; x_wconf 88' lang='lat' dir='ltr'><strong>passim</strong></span> <span class='ocrx_word' id='word_1_107' title='bbox 763 1404 893 1439; x_wconf 90' lang='lat' dir='ltr'><strong>aucta</strong></span> <span class='ocrx_word' id='word_1_108' title='bbox 925 1394 1264 1456; x_wconf 88' lang='lat' dir='ltr'><strong>interpolaban-</strong></span> 
     </span>
     <span class='ocr_line' id='line_1_19' title="bbox 31 1469 1265 1530; baseline 0 -14"><span class='ocrx_word' id='word_1_109' title='bbox 31 1481 120 1518; x_wconf 89' lang='lat' dir='ltr'><strong>tur.</strong></span> <span class='ocrx_word' id='word_1_110' title='bbox 147 1471 527 1517; x_wconf 86' lang='lat' dir='ltr'><strong>Luculentissima</strong></span> <span class='ocrx_word' id='word_1_111' title='bbox 546 1471 613 1515; x_wconf 91' lang='lat' dir='ltr'><strong>rei</strong></span> <span class='ocrx_word' id='word_1_112' title='bbox 634 1470 843 1530; x_wconf 87' lang='lat' dir='ltr'><strong>exempla</strong></span> <span class='ocrx_word' id='word_1_113' title='bbox 862 1469 1067 1530; x_wconf 89' lang='lat' dir='ltr'><strong>praebent</strong></span> <span class='ocrx_word' id='word_1_114' title='bbox 1084 1470 1265 1516; x_wconf 87' lang='lat' dir='ltr'><strong>codices</strong></span> 
     </span>
     <span class='ocr_line' id='line_1_20' title="bbox 29 1544 1263 1607; baseline 0.001 -17"><span class='ocrx_word' id='word_1_115' title='bbox 29 1545 276 1607; x_wconf 87' lang='lat' dir='ltr'><strong>Palaephati</strong></span> <span class='ocrx_word' id='word_1_116' title='bbox 313 1546 394 1605; x_wconf 91' lang='lat' dir='ltr'><strong>(de</strong></span> <span class='ocrx_word' id='word_1_117' title='bbox 425 1544 593 1605; x_wconf 86' lang='lat' dir='ltr'><strong>quibus</strong></span> <span class='ocrx_word' id='word_1_118' title='bbox 635 1545 743 1589; x_wconf 88' lang='lat' dir='ltr'><strong>vide</strong></span> <span class='ocrx_word' id='word_1_119' title='bbox 777 1545 1170 1590; x_wconf 88' lang='lat' dir='ltr'><strong>Westermannum</strong></span> <span class='ocrx_word' id='word_1_120' title='bbox 1214 1547 1263 1591; x_wconf 93' lang='lat' dir='ltr'><strong>in</strong></span> 
     </span>
     <span class='ocr_line' id='line_1_21' title="bbox 25 1620 1261 1682; baseline 0.001 -17"><span class='ocrx_word' id='word_1_121' title='bbox 25 1620 251 1682; x_wconf 83' lang='lat' dir='ltr'><strong>Mythogr.</strong></span> <span class='ocrx_word' id='word_1_122' title='bbox 276 1620 462 1682; x_wconf 70' lang='lat' dir='ltr'><strong>praefip.</strong></span> <span class='ocrx_word' id='word_1_123' title='bbox 482 1636 548 1665; x_wconf 78' lang='lat' dir='ltr'><strong>XI.</strong></span> <span class='ocrx_word' id='word_1_124' title='bbox 567 1621 600 1681; x_wconf 91' lang='lat'><strong>),</strong></span> <span class='ocrx_word' id='word_1_125' title='bbox 623 1620 911 1681; x_wconf 85' lang='lat' dir='ltr'><strong>Apollodori,</strong></span> <span class='ocrx_word' id='word_1_126' title='bbox 934 1620 1150 1681; x_wconf 89' lang='lat' dir='ltr'><strong>Dionysii</strong></span> <span class='ocrx_word' id='word_1_127' title='bbox 1169 1621 1261 1666; x_wconf 92' lang='lat' dir='ltr'><strong>Pe-</strong></span> 
     </span>
     <span class='ocr_line' id='line_1_22' title="bbox 26 1697 222 1755; baseline 0.005 -14"><span class='ocrx_word' id='word_1_128' title='bbox 26 1697 222 1755; x_wconf 86' lang='lat' dir='ltr'><strong>riegetae.</strong></span> 
     </span>
    </p>

    <p class='ocr_par' dir='ltr' id='par_1_4' title="bbox 28 1770 1266 2362">
     <span class='ocr_line' id='line_1_23' title="bbox 89 1770 1265 1829; baseline -0.001 -12"><span class='ocrx_word' id='word_1_129' title='bbox 89 1774 166 1817; x_wconf 90' lang='grc'><strong>60.</strong></span> <span class='ocrx_word' id='word_1_130' title='bbox 201 1774 429 1816; x_wconf 88' lang='lat' dir='ltr'><strong>Hactenus</strong></span> <span class='ocrx_word' id='word_1_131' title='bbox 450 1771 506 1815; x_wconf 92' lang='lat' dir='ltr'><strong>de</strong></span> <span class='ocrx_word' id='word_1_132' title='bbox 522 1770 631 1815; x_wconf 90' lang='lat' dir='ltr'><strong>libri</strong></span> <span class='ocrx_word' id='word_1_133' title='bbox 649 1780 918 1829; x_wconf 87' lang='lat' dir='ltr'><strong>argumento</strong></span> <span class='ocrx_word' id='word_1_134' title='bbox 939 1780 983 1815; x_wconf 91' lang='lat' dir='ltr'><strong>et</strong></span> <span class='ocrx_word' id='word_1_135' title='bbox 1003 1770 1166 1816; x_wconf 91' lang='lat' dir='ltr'><strong>habitu</strong></span> <span class='ocrx_word' id='word_1_136' title='bbox 1185 1787 1265 1816; x_wconf 84' lang='lat' dir='ltr'><strong>ex-</strong></span> 
     </span>
     <span class='ocr_line' id='line_1_24' title="bbox 28 1844 1265 1907; baseline -0.002 -14"><span class='ocrx_word' id='word_1_137' title='bbox 28 1847 213 1893; x_wconf 86' lang='lat' dir='ltr'><strong>teriore.</strong></span> <span class='ocrx_word' id='word_1_138' title='bbox 228 1844 476 1890; x_wconf 87' lang='lat' dir='ltr'><strong>Videamus</strong></span> <span class='ocrx_word' id='word_1_139' title='bbox 493 1845 709 1906; x_wconf 89' lang='lat' dir='ltr'><strong>deinceps</strong></span> <span class='ocrx_word' id='word_1_140' title='bbox 732 1845 788 1890; x_wconf 92' lang='lat' dir='ltr'><strong>de</strong></span> <span class='ocrx_word' id='word_1_141' title='bbox 811 1856 939 1891; x_wconf 89' lang='lat' dir='ltr'><strong>aetate</strong></span> <span class='ocrx_word' id='word_1_142' title='bbox 954 1847 1122 1891; x_wconf 87' lang='lat' dir='ltr'><strong>veteris</strong></span> <span class='ocrx_word' id='word_1_143' title='bbox 1142 1847 1265 1907; x_wconf 89' lang='lat' dir='ltr'><strong>peri-</strong></span> 
     </span>
     <span class='ocr_line' id='line_1_25' title="bbox 29 1921 1265 1983; baseline -0.001 -17"><span class='ocrx_word' id='word_1_144' title='bbox 29 1922 113 1983; x_wconf 88' lang='lat' dir='ltr'><strong>pli,</strong></span> <span class='ocrx_word' id='word_1_145' title='bbox 143 1937 278 1982; x_wconf 91' lang='lat' dir='ltr'><strong>quem</strong></span> <span class='ocrx_word' id='word_1_146' title='bbox 307 1921 358 1966; x_wconf 89' lang='lat' dir='ltr'><strong>in</strong></span> <span class='ocrx_word' id='word_1_147' title='bbox 391 1936 489 1965; x_wconf 90' lang='lat' dir='ltr'><strong>eam</strong></span> <span class='ocrx_word' id='word_1_148' title='bbox 529 1921 719 1965; x_wconf 86' lang='lat' dir='ltr'><strong>formam</strong></span> <span class='ocrx_word' id='word_1_149' title='bbox 745 1921 940 1966; x_wconf 88' lang='lat' dir='ltr'><strong>seriores</strong></span> <span class='ocrx_word' id='word_1_150' title='bbox 981 1922 1265 1966; x_wconf 89' lang='lat' dir='ltr'><strong>breviatores</strong></span> 
     </span>
     <span class='ocr_line' id='line_1_26' title="bbox 31 1998 1265 2058; baseline -0.001 -15"><span class='ocrx_word' id='word_1_151' title='bbox 31 1998 317 2056; x_wconf 80' lang='lat' dir='ltr'><strong>redegerunt.</strong></span> <span class='ocrx_word' id='word_1_152' title='bbox 352 1998 526 2043; x_wconf 91' lang='lat' dir='ltr'><strong>Pendet</strong></span> <span class='ocrx_word' id='word_1_153' title='bbox 549 1999 741 2058; x_wconf 85' lang='lat' dir='ltr'><strong>quaestio</strong></span> <span class='ocrx_word' id='word_1_154' title='bbox 776 2014 834 2043; x_wconf 87' lang='lat' dir='ltr'><strong>ex</strong></span> <span class='ocrx_word' id='word_1_155' title='bbox 870 1998 1133 2043; x_wconf 87' lang='lat' dir='ltr'><strong>definienda</strong></span> <span class='ocrx_word' id='word_1_156' title='bbox 1169 2008 1265 2042; x_wconf 88' lang='lat' dir='ltr'><strong>aeta-</strong></span> 
     </span>
     <span class='ocr_line' id='line_1_27' title="bbox 30 2063 1263 2136; baseline -0.002 -16"><span class='ocrx_word' id='word_1_157' title='bbox 30 2086 90 2131; x_wconf 88' lang='lat' dir='ltr'><strong>te,</strong></span> <span class='ocrx_word' id='word_1_158' title='bbox 112 2074 243 2136; x_wconf 86' lang='lat' dir='ltr'><strong>cujus</strong></span> <span class='ocrx_word' id='word_1_159' title='bbox 258 2085 421 2121; x_wconf 92' lang='lat' dir='ltr'><strong>statum</strong></span> <span class='ocrx_word' id='word_1_160' title='bbox 443 2075 798 2136; x_wconf 79' lang='lat' dir='ltr'><strong>geographicuni</strong></span> <span class='ocrx_word' id='word_1_161' title='bbox 818 2075 938 2120; x_wconf 87' lang='lat' dir='ltr'><strong>liber</strong></span> <span class='ocrx_word' id='word_1_162' title='bbox 959 2063 1263 2136; x_wconf 84' lang='lat' dir='ltr'><strong>repraesentet.</strong></span> 
     </span>
     <span class='ocr_line' id='line_1_28' title="bbox 31 2150 1263 2211; baseline -0.002 -14"><span class='ocrx_word' id='word_1_163' title='bbox 31 2152 161 2197; x_wconf 91' lang='lat' dir='ltr'><strong>Hunc</strong></span> <span class='ocrx_word' id='word_1_164' title='bbox 183 2150 295 2197; x_wconf 73' lang='lat' dir='ltr'><strong>vero</strong></span> <span class='ocrx_word' id='word_1_165' title='bbox 319 2153 638 2197; x_wconf 69' lang='lat' dir='ltr'><strong>eruimus&#39;tum</strong></span> <span class='ocrx_word' id='word_1_166' title='bbox 660 2167 717 2196; x_wconf 84' lang='lat' dir='ltr'><strong>ex</strong></span> <span class='ocrx_word' id='word_1_167' title='bbox 739 2152 799 2196; x_wconf 91' lang='lat' dir='ltr'><strong>iis</strong></span> <span class='ocrx_word' id='word_1_168' title='bbox 830 2167 931 2211; x_wconf 88' lang='lat' dir='ltr'><strong>quae</strong></span> <span class='ocrx_word' id='word_1_169' title='bbox 962 2162 1065 2196; x_wconf 89' lang='lat' dir='ltr'><strong>ante</strong></span> <span class='ocrx_word' id='word_1_170' title='bbox 1092 2161 1263 2196; x_wconf 88' lang='lat' dir='ltr'><strong>certum</strong></span> 
     </span>
     <span class='ocr_line' id='line_1_29' title="bbox 31 2225 1266 2287; baseline -0.002 -16"><span class='ocrx_word' id='word_1_171' title='bbox 31 2227 260 2287; x_wconf 88' lang='lat' dir='ltr'><strong>quoddam</strong></span> <span class='ocrx_word' id='word_1_172' title='bbox 282 2237 460 2286; x_wconf 89' lang='lat' dir='ltr'><strong>tempus</strong></span> <span class='ocrx_word' id='word_1_173' title='bbox 484 2226 625 2271; x_wconf 88' lang='lat' dir='ltr'><strong>scribi</strong></span> <span class='ocrx_word' id='word_1_174' title='bbox 639 2242 732 2270; x_wconf 90' lang='lat' dir='ltr'><strong>non</strong></span> <span class='ocrx_word' id='word_1_175' title='bbox 748 2236 975 2286; x_wconf 86' lang='lat' dir='ltr'><strong>poterant,</strong></span> <span class='ocrx_word' id='word_1_176' title='bbox 1004 2237 1097 2269; x_wconf 92' lang='lat' dir='ltr'><strong>tum</strong></span> <span class='ocrx_word' id='word_1_177' title='bbox 1129 2241 1185 2268; x_wconf 82' lang='lat' dir='ltr'><strong>ex</strong></span> <span class='ocrx_word' id='word_1_178' title='bbox 1208 2225 1266 2268; x_wconf 91' lang='lat' dir='ltr'><strong>iis</strong></span> 
     </span>
     <span class='ocr_line' id='line_1_30' title="bbox 31 2301 1262 2362; baseline -0.003 -14"><span class='ocrx_word' id='word_1_179' title='bbox 31 2319 131 2362; x_wconf 87' lang='lat' dir='ltr'><strong>quae</strong></span> <span class='ocrx_word' id='word_1_180' title='bbox 158 2319 250 2347; x_wconf 89' lang='lat' dir='ltr'><strong>non</strong></span> <span class='ocrx_word' id='word_1_181' title='bbox 275 2313 602 2357; x_wconf 80' lang='lat' dir='ltr'><strong>memorantur,</strong></span> <span class='ocrx_word' id='word_1_182' title='bbox 629 2302 706 2346; x_wconf 91' lang='lat' dir='ltr'><strong>sed</strong></span> <span class='ocrx_word' id='word_1_183' title='bbox 728 2301 1024 2346; x_wconf 87' lang='lat' dir='ltr'><strong>memoranda</strong></span> <span class='ocrx_word' id='word_1_184' title='bbox 1049 2302 1262 2354; x_wconf 88' lang='lat' dir='ltr'><strong>fuissent,</strong></span> 
     </span>
    </p>
   </div>
   <div class='ocr_carea' id='block_1_4' title="bbox 858 164 1738 216">
    <p class='ocr_par' dir='ltr' id='par_1_5' title="bbox 858 164 1738 216">
     <span class='ocr_line' id='line_1_31' title="bbox 858 164 1738 216; baseline 0.006 -8"><span class='ocrx_word' id='word_1_185' title='bbox 858 165 936 208; x_wconf 91' lang='lat' dir='ltr'><strong>DE</strong></span> <span class='ocrx_word' id='word_1_186' title='bbox 969 164 1232 210; x_wconf 85' lang='lat' dir='ltr'><strong>SCYLACE</strong></span> <span class='ocrx_word' id='word_1_187' title='bbox 1271 167 1516 213; x_wconf 88' lang='lat' dir='ltr'><strong>CARYAN</strong></span> <span class='ocrx_word' id='word_1_188' title='bbox 1525 169 1646 215; x_wconf 90' lang='lat' dir='ltr'><strong>DEN</strong></span> <span class='ocrx_word' id='word_1_189' title='bbox 1651 170 1738 216; x_wconf 89' lang='lat' dir='ltr'><strong>SE.</strong></span> 
     </span>
    </p>
   </div>
   <div class='ocr_carea' id='block_1_5' title="bbox 2428 202 2553 237">
    <p class='ocr_par' dir='ltr' id='par_1_6' title="bbox 2428 202 2553 237">
     <span class='ocr_line' id='line_1_32' title="bbox 2428 202 2553 237; baseline 0.04 -5"><span class='ocrx_word' id='word_1_190' title='bbox 2428 202 2553 237; x_wconf 74' lang='lat' dir='ltr'><strong>xun</strong></span> 
     </span>
    </p>
   </div>
   <div class='ocr_carea' id='block_1_6' title="bbox 1327 267 2571 2362">
    <p class='ocr_par' dir='ltr' id='par_1_7' title="bbox 1334 267 2560 552">
     <span class='ocr_line' id='line_1_33' title="bbox 1334 267 2559 333; baseline 0.012 -19"><span class='ocrx_word' id='word_1_191' title='bbox 1334 267 1602 327; x_wconf 87' lang='lat' dir='ltr'><strong>Letronnio,</strong></span> <span class='ocrx_word' id='word_1_192' title='bbox 1621 271 1888 327; x_wconf 86' lang='lat' dir='ltr'><strong>Clausenio,</strong></span> <span class='ocrx_word' id='word_1_193' title='bbox 1914 282 1957 316; x_wconf 91' lang='lat' dir='ltr'><strong>et</strong></span> <span class='ocrx_word' id='word_1_194' title='bbox 1987 289 2086 332; x_wconf 86' lang='lat' dir='ltr'><strong>quae</strong></span> <span class='ocrx_word' id='word_1_195' title='bbox 2118 276 2190 322; x_wconf 90' lang='lat' dir='ltr'><strong>his</strong></span> <span class='ocrx_word' id='word_1_196' title='bbox 2218 280 2421 327; x_wconf 89' lang='lat' dir='ltr'><strong>addenda</strong></span> <span class='ocrx_word' id='word_1_197' title='bbox 2448 289 2559 333; x_wconf 85' lang='lat' dir='ltr'><strong>mihi</strong></span> 
     </span>
     <span class='ocr_line' id='line_1_34' title="bbox 1335 343 2560 405; baseline 0.015 -18"><span class='ocrx_word' id='word_1_198' title='bbox 1335 343 1731 404; x_wconf 82' lang='lat' dir='ltr'><strong>relinquebantur,</strong></span> <span class='ocrx_word' id='word_1_199' title='bbox 1761 361 1902 405; x_wconf 86' lang='lat' dir='ltr'><strong>quum</strong></span> <span class='ocrx_word' id='word_1_200' title='bbox 1930 346 1979 390; x_wconf 91' lang='lat' dir='ltr'><strong>in</strong></span> <span class='ocrx_word' id='word_1_201' title='bbox 2011 350 2300 395; x_wconf 89' lang='lat' dir='ltr'><strong>annotatione</strong></span> <span class='ocrx_word' id='word_1_202' title='bbox 2318 354 2457 402; x_wconf 87' lang='lat' dir='ltr'><strong>fusius</strong></span> <span class='ocrx_word' id='word_1_203' title='bbox 2480 375 2560 404; x_wconf 82' lang='lat' dir='ltr'><strong>ex-</strong></span> 
     </span>
     <span class='ocr_line' id='line_1_35' title="bbox 1334 419 2560 489; baseline 0.012 -28"><span class='ocrx_word' id='word_1_204' title='bbox 1334 419 1591 477; x_wconf 84' lang='lat' dir='ltr'><strong>posuerim,</strong></span> <span class='ocrx_word' id='word_1_205' title='bbox 1639 436 1762 465; x_wconf 91' lang='lat' dir='ltr'><strong>nunc</strong></span> <span class='ocrx_word' id='word_1_206' title='bbox 1805 420 1986 480; x_wconf 90' lang='lat' dir='ltr'><strong>potiora</strong></span> <span class='ocrx_word' id='word_1_207' title='bbox 2032 422 2194 468; x_wconf 88' lang='lat' dir='ltr'><strong>ordine</strong></span> <span class='ocrx_word' id='word_1_208' title='bbox 2240 425 2560 489; x_wconf 84' lang='lat' dir='ltr'><strong>chronologico</strong></span> 
     </span>
     <span class='ocr_line' id='line_1_36' title="bbox 1334 492 1751 552; baseline 0.007 -16"><span class='ocrx_word' id='word_1_209' title='bbox 1334 492 1493 552; x_wconf 90' lang='lat' dir='ltr'><strong>paucis</strong></span> <span class='ocrx_word' id='word_1_210' title='bbox 1518 493 1751 540; x_wconf 87' lang='lat' dir='ltr'><strong>indicab0.</strong></span> 
     </span>
    </p>

    <p class='ocr_par' dir='ltr' id='par_1_8' title="bbox 1327 567 2571 2362">
     <span class='ocr_line' id='line_1_37' title="bbox 1398 567 2564 632; baseline 0.01 -20"><span class='ocrx_word' id='word_1_211' title='bbox 1398 569 1476 614; x_wconf 91' lang='lat'><strong>61.</strong></span> <span class='ocrx_word' id='word_1_212' title='bbox 1495 567 1806 615; x_wconf 85' lang='lat' dir='ltr'><strong>Memorantur</strong></span> <span class='ocrx_word' id='word_1_213' title='bbox 1821 571 1870 615; x_wconf 92' lang='lat' dir='ltr'><strong>in</strong></span> <span class='ocrx_word' id='word_1_214' title='bbox 1893 571 2077 632; x_wconf 87' lang='lat' dir='ltr'><strong>periplo</strong></span> <span class='ocrx_word' id='word_1_215' title='bbox 2097 586 2106 618; x_wconf 82' lang='lat' dir='ltr'><strong><em>z</em></strong></span> <span class='ocrx_word' id='word_1_216' title='bbox 2125 573 2151 631; x_wconf 98' lang='grc'>5</span> <span class='ocrx_word' id='word_1_217' title='bbox 2174 574 2246 619; x_wconf 88' lang='grc'><strong>13.</strong></span> <span class='ocrx_word' id='word_1_218' title='bbox 2271 573 2478 620; x_wconf 90' lang='lat' dir='ltr'><strong>Messana</strong></span> <span class='ocrx_word' id='word_1_219' title='bbox 2498 580 2564 623; x_wconf 91' lang='lat' dir='ltr'><strong>Si-</strong></span> 
     </span>
     <span class='ocr_line' id='line_1_38' title="bbox 1335 642 2565 713; baseline 0.008 -26"><span class='ocrx_word' id='word_1_220' title='bbox 1335 643 1453 688; x_wconf 82' lang='lat' dir='ltr'><strong>ciliae</strong></span> <span class='ocrx_word' id='word_1_221' title='bbox 1488 642 1626 703; x_wconf 88' lang='lat' dir='ltr'><strong>urbs,</strong></span> <span class='ocrx_word' id='word_1_222' title='bbox 1654 644 1703 689; x_wconf 92' lang='lat' dir='ltr'><strong>id</strong></span> <span class='ocrx_word' id='word_1_223' title='bbox 1726 661 1894 690; x_wconf 91' lang='lat' dir='ltr'><strong>nomen</strong></span> <span class='ocrx_word' id='word_1_224' title='bbox 1927 657 2057 691; x_wconf 90' lang='lat' dir='ltr'><strong>nacta</strong></span> <span class='ocrx_word' id='word_1_225' title='bbox 2083 646 2140 691; x_wconf 91' lang='lat' dir='ltr'><strong>ab</strong></span> <span class='ocrx_word' id='word_1_226' title='bbox 2166 648 2389 694; x_wconf 88' lang='lat' dir='ltr'><strong>Anaxilao</strong></span> <span class='ocrx_word' id='word_1_227' title='bbox 2415 650 2479 713; x_wconf 61' lang='grc' dir='ltr'><strong>(Τ</strong></span> <span class='ocrx_word' id='word_1_228' title='bbox 2497 652 2565 698; x_wconf 89' lang='grc'><strong>01.</strong></span> 
     </span>
     <span class='ocr_line' id='line_1_39' title="bbox 1336 717 2563 782; baseline 0.007 -20"><span class='ocrx_word' id='word_1_229' title='bbox 1336 720 1413 775; x_wconf 90' lang='lat'><strong>76,</strong></span> <span class='ocrx_word' id='word_1_230' title='bbox 1437 735 1478 764; x_wconf 91' lang='lat'><strong>1.</strong></span> <span class='ocrx_word' id='word_1_231' title='bbox 1502 719 1592 772; x_wconf 88' lang='grc'><strong>480</strong></span> <span class='ocrx_word' id='word_1_232' title='bbox 1614 733 1656 763; x_wconf 87' lang='grc'><strong>3.</strong></span> <span class='ocrx_word' id='word_1_233' title='bbox 1677 717 1765 780; x_wconf 88' lang='lat' dir='ltr'><strong>C.)‚</strong></span> <span class='ocrx_word' id='word_1_234' title='bbox 1785 730 1915 764; x_wconf 90' lang='lat' dir='ltr'><strong>antea</strong></span> <span class='ocrx_word' id='word_1_235' title='bbox 1933 719 2097 765; x_wconf 90' lang='lat' dir='ltr'><strong>Zancle</strong></span> <span class='ocrx_word' id='word_1_236' title='bbox 2113 722 2343 781; x_wconf 57' lang='grc' dir='ltr'><strong>ὀίεαι-5</strong></span> <span class='ocrx_word' id='word_1_237' title='bbox 2358 726 2432 776; x_wconf 89' lang='grc'><strong>43.</strong></span> <span class='ocrx_word' id='word_1_238' title='bbox 2453 726 2563 782; x_wconf 88' lang='lat' dir='ltr'><strong>Elis,</strong></span> 
     </span>
     <span class='ocr_line' id='line_1_40' title="bbox 1335 793 2567 856; baseline 0.006 -18"><span class='ocrx_word' id='word_1_239' title='bbox 1335 793 1518 839; x_wconf 86' lang='grc' dir='ltr'>συνοικία</span> <span class='ocrx_word' id='word_1_240' title='bbox 1548 794 1723 851; x_wconf 75' lang='grc' dir='ltr'>πόλεων,</span> <span class='ocrx_word' id='word_1_241' title='bbox 1746 806 1852 856; x_wconf 89' lang='lat' dir='ltr'><strong>post</strong></span> <span class='ocrx_word' id='word_1_242' title='bbox 1870 795 1991 846; x_wconf 89' lang='lat' dir='ltr'><strong>bella</strong></span> <span class='ocrx_word' id='word_1_243' title='bbox 2025 797 2212 842; x_wconf 89' lang='lat' dir='ltr'><strong>Persica</strong></span> <span class='ocrx_word' id='word_1_244' title='bbox 2233 801 2488 848; x_wconf 88' lang='lat' dir='ltr'><strong>constituta.</strong></span> <span class='ocrx_word' id='word_1_245' title='bbox 2506 830 2567 837; x_wconf 94' lang='lat'><strong>—-</strong></span> 
     </span>
     <span class='ocr_line' id='line_1_41' title="bbox 1336 869 2563 930; baseline 0.006 -16"><span class='ocrx_word' id='word_1_246' title='bbox 1336 871 1361 929; x_wconf 94' lang='grc'>5</span> <span class='ocrx_word' id='word_1_247' title='bbox 1385 870 1462 916; x_wconf 86' lang='grc'><strong>58.</strong></span> <span class='ocrx_word' id='word_1_248' title='bbox 1484 869 1609 917; x_wconf 81' lang='lat' dir='ltr'><strong>Muri</strong></span> <span class='ocrx_word' id='word_1_249' title='bbox 1633 871 1761 930; x_wconf 86' lang='lat' dir='ltr'><strong>longi</strong></span> <span class='ocrx_word' id='word_1_250' title='bbox 1774 871 2054 916; x_wconf 87' lang='lat' dir='ltr'><strong>Athenarum</strong></span> <span class='ocrx_word' id='word_1_251' title='bbox 2076 872 2149 916; x_wconf 91' lang='lat' dir='ltr'><strong>Ol.</strong></span> <span class='ocrx_word' id='word_1_252' title='bbox 2174 873 2249 929; x_wconf 87' lang='lat'><strong>84,</strong></span> <span class='ocrx_word' id='word_1_253' title='bbox 2268 879 2314 926; x_wconf 96' lang='lat'><strong>4.</strong></span> <span class='ocrx_word' id='word_1_254' title='bbox 2338 875 2421 926; x_wconf 82' lang='grc'><strong>451</strong></span> <span class='ocrx_word' id='word_1_255' title='bbox 2450 892 2491 922; x_wconf 92' lang='lat' dir='ltr'><strong>a.</strong></span> <span class='ocrx_word' id='word_1_256' title='bbox 2513 877 2563 921; x_wconf 93' lang='lat' dir='ltr'><strong>C.</strong></span> 
     </span>
     <span class='ocr_line' id='line_1_42' title="bbox 1331 947 2567 1007; baseline 0.005 -17"><span class='ocrx_word' id='word_1_257' title='bbox 1331 948 1511 994; x_wconf 90' lang='lat' dir='ltr'><strong>structi.</strong></span> <span class='ocrx_word' id='word_1_258' title='bbox 1532 949 1638 1007; x_wconf 83' lang='grc'><strong>-5</strong></span> <span class='ocrx_word' id='word_1_259' title='bbox 1666 964 1737 992; x_wconf 82' lang='lat'><strong>12.</strong></span> <span class='ocrx_word' id='word_1_260' title='bbox 1757 947 1925 992; x_wconf 86' lang='lat' dir='ltr'><strong>Thurii</strong></span> <span class='ocrx_word' id='word_1_261' title='bbox 1948 948 2021 994; x_wconf 93' lang='lat' dir='ltr'><strong>Ol.</strong></span> <span class='ocrx_word' id='word_1_262' title='bbox 2053 950 2183 1004; x_wconf 87' lang='lat'><strong>84,1.</strong></span> <span class='ocrx_word' id='word_1_263' title='bbox 2210 951 2299 1000; x_wconf 72' lang='lat' dir='ltr'><strong>lilill·</strong></span> <span class='ocrx_word' id='word_1_264' title='bbox 2324 964 2360 992; x_wconf 89' lang='lat' dir='ltr'><strong>a.</strong></span> <span class='ocrx_word' id='word_1_265' title='bbox 2385 950 2432 994; x_wconf 87' lang='lat' dir='ltr'><strong>C.</strong></span> <span class='ocrx_word' id='word_1_266' title='bbox 2461 967 2567 996; x_wconf 93' lang='lat' dir='ltr'><strong>con·</strong></span> 
     </span>
     <span class='ocr_line' id='line_1_43' title="bbox 1332 1021 2569 1087; baseline 0.003 -21"><span class='ocrx_word' id='word_1_267' title='bbox 1332 1021 1434 1066; x_wconf 87' lang='lat' dir='ltr'><strong>diti.</strong></span> <span class='ocrx_word' id='word_1_268' title='bbox 1457 1048 1518 1056; x_wconf 90' lang='lat'><strong>-—</strong></span> <span class='ocrx_word' id='word_1_269' title='bbox 1545 1023 1570 1082; x_wconf 88' lang='grc'>5</span> <span class='ocrx_word' id='word_1_270' title='bbox 1596 1038 1664 1068; x_wconf 91' lang='grc'><strong>10.</strong></span> <span class='ocrx_word' id='word_1_271' title='bbox 1687 1021 1926 1087; x_wconf 89' lang='lat' dir='ltr'><strong>Campani,</strong></span> <span class='ocrx_word' id='word_1_272' title='bbox 1956 1022 2087 1083; x_wconf 89' lang='lat' dir='ltr'><strong>cujus</strong></span> <span class='ocrx_word' id='word_1_273' title='bbox 2108 1023 2254 1081; x_wconf 85' lang='lat' dir='ltr'><strong>gentis</strong></span> <span class='ocrx_word' id='word_1_274' title='bbox 2278 1023 2410 1068; x_wconf 89' lang='lat' dir='ltr'><strong>initia</strong></span> <span class='ocrx_word' id='word_1_275' title='bbox 2431 1027 2569 1084; x_wconf 89' lang='lat' dir='ltr'><strong>perti-</strong></span> 
     </span>
     <span class='ocr_line' id='line_1_44' title="bbox 1330 1096 2568 1160; baseline 0.005 -20"><span class='ocrx_word' id='word_1_276' title='bbox 1330 1097 1510 1141; x_wconf 90' lang='lat' dir='ltr'><strong>nentad</strong></span> <span class='ocrx_word' id='word_1_277' title='bbox 1534 1097 1606 1141; x_wconf 90' lang='lat' dir='ltr'><strong>Ol.</strong></span> <span class='ocrx_word' id='word_1_278' title='bbox 1632 1096 1760 1152; x_wconf 80' lang='lat'><strong>85,3.</strong></span> <span class='ocrx_word' id='word_1_279' title='bbox 1794 1098 1882 1148; x_wconf 91' lang='grc'><strong>438</strong></span> <span class='ocrx_word' id='word_1_280' title='bbox 1902 1113 1942 1142; x_wconf 87' lang='grc'><strong>3.</strong></span> <span class='ocrx_word' id='word_1_281' title='bbox 1969 1097 2022 1143; x_wconf 87' lang='lat' dir='ltr'><strong>C.</strong></span> <span class='ocrx_word' id='word_1_282' title='bbox 2047 1124 2106 1131; x_wconf 92' lang='lat'><strong>—</strong></span> <span class='ocrx_word' id='word_1_283' title='bbox 2127 1098 2153 1156; x_wconf 90' lang='grc'>5</span> <span class='ocrx_word' id='word_1_284' title='bbox 2176 1098 2250 1154; x_wconf 90' lang='lat'><strong>67.</strong></span> <span class='ocrx_word' id='word_1_285' title='bbox 2279 1099 2568 1160; x_wconf 87' lang='lat' dir='ltr'><strong>Amphipolis</strong></span> 
     </span>
     <span class='ocr_line' id='line_1_45' title="bbox 1329 1171 2570 1231; baseline 0.004 -16"><span class='ocrx_word' id='word_1_286' title='bbox 1329 1171 1402 1216; x_wconf 91' lang='lat' dir='ltr'><strong>Ol.</strong></span> <span class='ocrx_word' id='word_1_287' title='bbox 1434 1171 1512 1230; x_wconf 86' lang='lat'><strong>85,</strong></span> <span class='ocrx_word' id='word_1_288' title='bbox 1540 1178 1584 1223; x_wconf 87' lang='lat'><strong>4.</strong></span> <span class='ocrx_word' id='word_1_289' title='bbox 1610 1174 1697 1227; x_wconf 84' lang='lat'><strong>437</strong></span> <span class='ocrx_word' id='word_1_290' title='bbox 1722 1171 1919 1217; x_wconf 91' lang='lat' dir='ltr'><strong>condita.</strong></span> <span class='ocrx_word' id='word_1_291' title='bbox 1944 1197 2005 1206; x_wconf 87' lang='lat'><strong>—-</strong></span> <span class='ocrx_word' id='word_1_292' title='bbox 2028 1172 2054 1231; x_wconf 89' lang='grc'>5</span> <span class='ocrx_word' id='word_1_293' title='bbox 2077 1188 2150 1218; x_wconf 85' lang='lat'><strong>12.</strong></span> <span class='ocrx_word' id='word_1_294' title='bbox 2183 1172 2398 1218; x_wconf 87' lang='lat' dir='ltr'><strong>Heraclea</strong></span> <span class='ocrx_word' id='word_1_295' title='bbox 2418 1174 2473 1219; x_wconf 89' lang='lat' dir='ltr'><strong>ad</strong></span> <span class='ocrx_word' id='word_1_296' title='bbox 2495 1174 2570 1220; x_wconf 87' lang='lat' dir='ltr'><strong>Si-</strong></span> 
     </span>
     <span class='ocr_line' id='line_1_46' title="bbox 1333 1247 2570 1308; baseline 0.004 -17"><span class='ocrx_word' id='word_1_297' title='bbox 1333 1247 1407 1291; x_wconf 90' lang='lat' dir='ltr'><strong>rin</strong></span> <span class='ocrx_word' id='word_1_298' title='bbox 1425 1248 1609 1292; x_wconf 90' lang='lat' dir='ltr'><strong>condita</strong></span> <span class='ocrx_word' id='word_1_299' title='bbox 1631 1247 1703 1291; x_wconf 88' lang='lat' dir='ltr'><strong>Ol.</strong></span> <span class='ocrx_word' id='word_1_300' title='bbox 1722 1248 1798 1303; x_wconf 85' lang='lat'><strong>86,</strong></span> <span class='ocrx_word' id='word_1_301' title='bbox 1821 1254 1863 1300; x_wconf 88' lang='lat'><strong>4.</strong></span> <span class='ocrx_word' id='word_1_302' title='bbox 1890 1249 1978 1302; x_wconf 90' lang='grc'><strong>433</strong></span> <span class='ocrx_word' id='word_1_303' title='bbox 2001 1263 2043 1295; x_wconf 86' lang='lat' dir='ltr'><strong>a.</strong></span> <span class='ocrx_word' id='word_1_304' title='bbox 2060 1248 2111 1294; x_wconf 93' lang='lat' dir='ltr'><strong>C.</strong></span> <span class='ocrx_word' id='word_1_305' title='bbox 2133 1247 2235 1308; x_wconf 55' lang='grc' dir='ltr'><strong>ωδ</strong></span> <span class='ocrx_word' id='word_1_306' title='bbox 2253 1251 2329 1293; x_wconf 81' lang='lat'><strong>62.</strong></span> <span class='ocrx_word' id='word_1_307' title='bbox 2359 1250 2570 1296; x_wconf 86' lang='lat' dir='ltr'><strong>Heraclea</strong></span> 
     </span>
     <span class='ocr_line' id='line_1_47' title="bbox 1327 1321 2565 1384; baseline 0.003 -19"><span class='ocrx_word' id='word_1_308' title='bbox 1327 1321 1587 1367; x_wconf 87' lang='lat' dir='ltr'><strong>Trachiniae</strong></span> <span class='ocrx_word' id='word_1_309' title='bbox 1611 1322 1792 1367; x_wconf 87' lang='lat' dir='ltr'><strong>condita</strong></span> <span class='ocrx_word' id='word_1_310' title='bbox 1824 1323 1900 1376; x_wconf 67' lang='lat' dir='ltr'><strong>Ol.</strong></span> <span class='ocrx_word' id='word_1_311' title='bbox 1930 1322 2057 1380; x_wconf 85' lang='grc'>88,3.</span> <span class='ocrx_word' id='word_1_312' title='bbox 2086 1323 2176 1376; x_wconf 77' lang='lat'><strong>426</strong></span> <span class='ocrx_word' id='word_1_313' title='bbox 2200 1338 2238 1368; x_wconf 90' lang='lat' dir='ltr'><strong>a.</strong></span> <span class='ocrx_word' id='word_1_314' title='bbox 2274 1324 2323 1368; x_wconf 93' lang='lat' dir='ltr'><strong>C.</strong></span> <span class='ocrx_word' id='word_1_315' title='bbox 2355 1351 2409 1357; x_wconf 87' lang='lat'><em>-</em></span> <span class='ocrx_word' id='word_1_316' title='bbox 2438 1326 2464 1384; x_wconf 90' lang='grc'>5</span> <span class='ocrx_word' id='word_1_317' title='bbox 2494 1342 2565 1373; x_wconf 84' lang='grc'><strong>10.</strong></span> 
     </span>
     <span class='ocr_line' id='line_1_48' title="bbox 1331 1397 2568 1462; baseline 0.004 -21"><span class='ocrx_word' id='word_1_318' title='bbox 1331 1397 1474 1443; x_wconf 87' lang='lat' dir='ltr'><strong>Cuma</strong></span> <span class='ocrx_word' id='word_1_319' title='bbox 1505 1398 1843 1459; x_wconf 90' lang='lat' dir='ltr'><strong>Campanorum</strong></span> <span class='ocrx_word' id='word_1_320' title='bbox 1879 1399 2014 1455; x_wconf 91' lang='lat' dir='ltr'><strong>urbs,</strong></span> <span class='ocrx_word' id='word_1_321' title='bbox 2049 1415 2140 1460; x_wconf 87' lang='lat' dir='ltr'><strong>qua</strong></span> <span class='ocrx_word' id='word_1_322' title='bbox 2177 1400 2397 1462; x_wconf 88' lang='lat' dir='ltr'><strong>Campani</strong></span> <span class='ocrx_word' id='word_1_323' title='bbox 2432 1401 2568 1461; x_wconf 85' lang='lat' dir='ltr'><strong>potiti</strong></span> 
     </span>
     <span class='ocr_line' id='line_1_49' title="bbox 1331 1474 2571 1535; baseline 0.002 -16"><span class='ocrx_word' id='word_1_324' title='bbox 1331 1485 1437 1519; x_wconf 91' lang='lat' dir='ltr'><strong>sunt</strong></span> <span class='ocrx_word' id='word_1_325' title='bbox 1459 1474 1529 1521; x_wconf 90' lang='lat' dir='ltr'><strong>Ol.</strong></span> <span class='ocrx_word' id='word_1_326' title='bbox 1573 1477 1651 1534; x_wconf 86' lang='lat'><strong>89,</strong></span> <span class='ocrx_word' id='word_1_327' title='bbox 1689 1482 1730 1529; x_wconf 88' lang='lat'><strong>4.</strong></span> <span class='ocrx_word' id='word_1_328' title='bbox 1767 1482 1853 1528; x_wconf 80' lang='lat'><strong>421</strong></span> <span class='ocrx_word' id='word_1_329' title='bbox 1889 1492 1930 1520; x_wconf 93' lang='lat' dir='ltr'><strong>a.</strong></span> <span class='ocrx_word' id='word_1_330' title='bbox 1966 1475 2018 1520; x_wconf 92' lang='lat' dir='ltr'><strong>C.</strong></span> <span class='ocrx_word' id='word_1_331' title='bbox 2047 1503 2105 1510; x_wconf 88' lang='grc'><strong>--</strong></span> <span class='ocrx_word' id='word_1_332' title='bbox 2127 1477 2153 1535; x_wconf 91' lang='grc'>5</span> <span class='ocrx_word' id='word_1_333' title='bbox 2191 1477 2267 1534; x_wconf 84' lang='grc'><strong>57.</strong></span> <span class='ocrx_word' id='word_1_334' title='bbox 2310 1477 2503 1522; x_wconf 89' lang='lat' dir='ltr'><strong>Sunium</strong></span> <span class='ocrx_word' id='word_1_335' title='bbox 2527 1487 2571 1522; x_wconf 92' lang='lat' dir='ltr'><strong>et</strong></span> 
     </span>
     <span class='ocr_line' id='line_1_50' title="bbox 1332 1548 2568 1611; baseline 0.002 -18"><span class='ocrx_word' id='word_1_336' title='bbox 1332 1549 1560 1594; x_wconf 87' lang='lat' dir='ltr'><strong>Thoricus</strong></span> <span class='ocrx_word' id='word_1_337' title='bbox 1583 1548 1724 1611; x_wconf 86' lang='grc' dir='ltr'>τείχη,</span> <span class='ocrx_word' id='word_1_338' title='bbox 1755 1566 1950 1611; x_wconf 90' lang='lat' dir='ltr'><strong>quorum</strong></span> <span class='ocrx_word' id='word_1_339' title='bbox 1988 1552 2194 1596; x_wconf 89' lang='lat' dir='ltr'><strong>locorum</strong></span> <span class='ocrx_word' id='word_1_340' title='bbox 2220 1551 2333 1596; x_wconf 89' lang='lat' dir='ltr'><strong>alter</strong></span> <span class='ocrx_word' id='word_1_341' title='bbox 2367 1553 2568 1597; x_wconf 91' lang='lat' dir='ltr'><strong>munitus</strong></span> 
     </span>
     <span class='ocr_line' id='line_1_51' title="bbox 1331 1625 2567 1685; baseline 0.001 -16"><span class='ocrx_word' id='word_1_342' title='bbox 1331 1634 1399 1669; x_wconf 90' lang='lat' dir='ltr'><strong>est</strong></span> <span class='ocrx_word' id='word_1_343' title='bbox 1414 1625 1487 1671; x_wconf 92' lang='lat' dir='ltr'><strong>Ol.</strong></span> <span class='ocrx_word' id='word_1_344' title='bbox 1513 1642 1590 1685; x_wconf 89' lang='lat'><strong>91,</strong></span> <span class='ocrx_word' id='word_1_345' title='bbox 1625 1642 1661 1670; x_wconf 92' lang='lat'><strong>1.</strong></span> <span class='ocrx_word' id='word_1_346' title='bbox 1685 1627 1797 1680; x_wconf 94' lang='grc'>416,</span> <span class='ocrx_word' id='word_1_347' title='bbox 1821 1626 1934 1670; x_wconf 88' lang='lat' dir='ltr'><strong>alter</strong></span> <span class='ocrx_word' id='word_1_348' title='bbox 1968 1626 2041 1670; x_wconf 90' lang='lat' dir='ltr'><strong>Ol.</strong></span> <span class='ocrx_word' id='word_1_349' title='bbox 2064 1642 2138 1685; x_wconf 84' lang='lat'><strong>92,</strong></span> <span class='ocrx_word' id='word_1_350' title='bbox 2172 1626 2214 1671; x_wconf 87' lang='lat'><strong>3.</strong></span> <span class='ocrx_word' id='word_1_351' title='bbox 2245 1632 2332 1679; x_wconf 84' lang='lat'><strong>410</strong></span> <span class='ocrx_word' id='word_1_352' title='bbox 2358 1642 2398 1672; x_wconf 90' lang='lat' dir='ltr'><strong>a.</strong></span> <span class='ocrx_word' id='word_1_353' title='bbox 2426 1626 2479 1670; x_wconf 90' lang='lat' dir='ltr'><strong>C.</strong></span> <span class='ocrx_word' id='word_1_354' title='bbox 2508 1653 2567 1659; x_wconf 89' lang='lat'>—</span> 
     </span>
     <span class='ocr_line' id='line_1_52' title="bbox 1329 1700 2567 1762; baseline 0 -18"><span class='ocrx_word' id='word_1_355' title='bbox 1329 1701 1354 1759; x_wconf 84' lang='grc'>5</span> <span class='ocrx_word' id='word_1_356' title='bbox 1390 1701 1460 1746; x_wconf 92' lang='grc'><strong>13.</strong></span> <span class='ocrx_word' id='word_1_357' title='bbox 1490 1700 1529 1744; x_wconf 86' lang='lat' dir='ltr'>T</span> <span class='ocrx_word' id='word_1_358' title='bbox 1532 1701 1859 1760; x_wconf 88' lang='lat' dir='ltr'><strong>aurominium,</strong></span> <span class='ocrx_word' id='word_1_359' title='bbox 1902 1700 2034 1762; x_wconf 88' lang='lat' dir='ltr'><strong>cujus</strong></span> <span class='ocrx_word' id='word_1_360' title='bbox 2078 1700 2212 1745; x_wconf 88' lang='lat' dir='ltr'><strong>initia</strong></span> <span class='ocrx_word' id='word_1_361' title='bbox 2242 1701 2474 1761; x_wconf 89' lang='lat' dir='ltr'><strong>pertinent</strong></span> <span class='ocrx_word' id='word_1_362' title='bbox 2511 1701 2567 1744; x_wconf 90' lang='lat' dir='ltr'><strong>ad</strong></span> 
     </span>
     <span class='ocr_line' id='line_1_53' title="bbox 1330 1775 2568 1838; baseline 0.001 -18"><span class='ocrx_word' id='word_1_363' title='bbox 1330 1775 1403 1823; x_wconf 89' lang='lat' dir='ltr'><strong>Ol.</strong></span> <span class='ocrx_word' id='word_1_364' title='bbox 1432 1779 1510 1835; x_wconf 86' lang='grc'><strong>96,</strong></span> <span class='ocrx_word' id='word_1_365' title='bbox 1541 1795 1580 1823; x_wconf 94' lang='grc'><strong>1.</strong></span> <span class='ocrx_word' id='word_1_366' title='bbox 1602 1778 1689 1836; x_wconf 91' lang='grc'><strong>394</strong></span> <span class='ocrx_word' id='word_1_367' title='bbox 1714 1794 1756 1824; x_wconf 89' lang='lat' dir='ltr'><strong>a.</strong></span> <span class='ocrx_word' id='word_1_368' title='bbox 1774 1778 1826 1822; x_wconf 86' lang='lat' dir='ltr'><strong>C.</strong></span> <span class='ocrx_word' id='word_1_369' title='bbox 1848 1779 1951 1838; x_wconf 88' lang='grc'><strong>-5</strong></span> <span class='ocrx_word' id='word_1_370' title='bbox 1977 1779 2045 1824; x_wconf 91' lang='grc'><strong>18.</strong></span> <span class='ocrx_word' id='word_1_371' title='bbox 2061 1777 2196 1822; x_wconf 83' lang='lat' dir='ltr'><strong>Celtae</strong></span> <span class='ocrx_word' id='word_1_372' title='bbox 2223 1777 2278 1822; x_wconf 90' lang='lat' dir='ltr'><strong>ad</strong></span> <span class='ocrx_word' id='word_1_373' title='bbox 2295 1777 2466 1822; x_wconf 90' lang='lat' dir='ltr'><strong>Padum</strong></span> <span class='ocrx_word' id='word_1_374' title='bbox 2485 1777 2568 1821; x_wconf 90' lang='lat' dir='ltr'><strong>flu-</strong></span> 
     </span>
     <span class='ocr_line' id='line_1_54' title="bbox 1332 1854 2568 1916; baseline 0.001 -19"><span class='ocrx_word' id='word_1_375' title='bbox 1332 1854 1460 1897; x_wconf 90' lang='lat' dir='ltr'><strong>vium</strong></span> <span class='ocrx_word' id='word_1_376' title='bbox 1484 1854 1816 1916; x_wconf 81' lang='grc' dir='ltr'>ἇπολειφθέντες,</span> <span class='ocrx_word' id='word_1_377' title='bbox 1840 1871 1901 1900; x_wconf 89' lang='grc'><strong>50.</strong></span> <span class='ocrx_word' id='word_1_378' title='bbox 1922 1865 2025 1915; x_wconf 85' lang='lat' dir='ltr'><strong>post</strong></span> <span class='ocrx_word' id='word_1_379' title='bbox 2047 1854 2283 1899; x_wconf 89' lang='lat' dir='ltr'><strong>Gallorum</strong></span> <span class='ocrx_word' id='word_1_380' title='bbox 2318 1854 2568 1916; x_wconf 82' lang='lat' dir='ltr'><strong>expeditio-</strong></span> 
     </span>
     <span class='ocr_line' id='line_1_55' title="bbox 1332 1928 2567 1989; baseline 0.001 -18"><span class='ocrx_word' id='word_1_381' title='bbox 1332 1943 1435 1972; x_wconf 90' lang='lat' dir='ltr'><strong>nem</strong></span> <span class='ocrx_word' id='word_1_382' title='bbox 1454 1944 1526 1972; x_wconf 86' lang='lat' dir='ltr'><strong>an.</strong></span> <span class='ocrx_word' id='word_1_383' title='bbox 1553 1931 1642 1988; x_wconf 88' lang='grc'><strong>390</strong></span> <span class='ocrx_word' id='word_1_384' title='bbox 1661 1945 1703 1977; x_wconf 87' lang='grc'><strong>3.</strong></span> <span class='ocrx_word' id='word_1_385' title='bbox 1725 1929 1778 1976; x_wconf 89' lang='lat' dir='ltr'><strong>C.</strong></span> <span class='ocrx_word' id='word_1_386' title='bbox 1799 1957 1860 1963; x_wconf 90' lang='lat'><strong>-—</strong></span> <span class='ocrx_word' id='word_1_387' title='bbox 1883 1931 1909 1989; x_wconf 93' lang='grc'>5</span> <span class='ocrx_word' id='word_1_388' title='bbox 1933 1931 2008 1974; x_wconf 80' lang='lat'><strong>23.</strong></span> <span class='ocrx_word' id='word_1_389' title='bbox 2029 1929 2204 1974; x_wconf 89' lang='lat' dir='ltr'><strong>Pharus</strong></span> <span class='ocrx_word' id='word_1_390' title='bbox 2232 1932 2258 1984; x_wconf 79' lang='grc' dir='ltr'>ἡ</span> <span class='ocrx_word' id='word_1_391' title='bbox 2278 1928 2384 1983; x_wconf 83' lang='grc' dir='ltr'>νέος,</span> <span class='ocrx_word' id='word_1_392' title='bbox 2412 1928 2507 1973; x_wconf 84' lang='grc' dir='ltr'>Ι553</span> <span class='ocrx_word' id='word_1_393' title='bbox 2523 1938 2567 1972; x_wconf 93' lang='lat' dir='ltr'><strong>et</strong></span> 
     </span>
     <span class='ocr_line' id='line_1_56' title="bbox 1332 2001 2561 2064; baseline 0 -17"><span class='ocrx_word' id='word_1_394' title='bbox 1332 2003 1520 2048; x_wconf 93' lang='lat' dir='ltr'><strong>Ancona</strong></span> <span class='ocrx_word' id='word_1_395' title='bbox 1563 2020 1589 2048; x_wconf 92' lang='lat' dir='ltr'><strong>a</strong></span> <span class='ocrx_word' id='word_1_396' title='bbox 1630 2004 1855 2064; x_wconf 85' lang='lat' dir='ltr'><strong>Dionysio</strong></span> <span class='ocrx_word' id='word_1_397' title='bbox 1899 2004 2023 2049; x_wconf 89' lang='lat' dir='ltr'><strong>circa</strong></span> <span class='ocrx_word' id='word_1_398' title='bbox 2047 2004 2117 2049; x_wconf 89' lang='lat' dir='ltr'><strong>Ol.</strong></span> <span class='ocrx_word' id='word_1_399' title='bbox 2147 2005 2224 2063; x_wconf 89' lang='grc'><strong>98,</strong></span> <span class='ocrx_word' id='word_1_400' title='bbox 2247 2010 2288 2054; x_wconf 91' lang='grc'><strong>4.</strong></span> <span class='ocrx_word' id='word_1_401' title='bbox 2313 2002 2399 2046; x_wconf 83' lang='grc'><strong>385</strong></span> <span class='ocrx_word' id='word_1_402' title='bbox 2428 2018 2469 2048; x_wconf 87' lang='grc'><strong>3.</strong></span> <span class='ocrx_word' id='word_1_403' title='bbox 2509 2001 2561 2047; x_wconf 92' lang='lat' dir='ltr'><strong>C.</strong></span> 
     </span>
     <span class='ocr_line' id='line_1_57' title="bbox 1333 2077 2564 2139; baseline -0.002 -17"><span class='ocrx_word' id='word_1_404' title='bbox 1333 2078 1540 2123; x_wconf 82' lang='lat' dir='ltr'><strong>conditae.</strong></span> <span class='ocrx_word' id='word_1_405' title='bbox 1565 2080 1671 2138; x_wconf 86' lang='grc'><strong>-5</strong></span> <span class='ocrx_word' id='word_1_406' title='bbox 1695 2079 1771 2139; x_wconf 92' lang='grc'><strong>98.</strong></span> <span class='ocrx_word' id='word_1_407' title='bbox 1803 2079 1963 2124; x_wconf 86' lang='lat' dir='ltr'><strong>Leucae</strong></span> <span class='ocrx_word' id='word_1_408' title='bbox 1986 2079 2034 2123; x_wconf 92' lang='lat' dir='ltr'><strong>in</strong></span> <span class='ocrx_word' id='word_1_409' title='bbox 2073 2079 2183 2124; x_wconf 85' lang='lat' dir='ltr'><strong>Asia</strong></span> <span class='ocrx_word' id='word_1_410' title='bbox 2205 2078 2374 2122; x_wconf 91' lang='lat' dir='ltr'><strong>minori</strong></span> <span class='ocrx_word' id='word_1_411' title='bbox 2393 2077 2464 2121; x_wconf 91' lang='lat' dir='ltr'><strong>Ol.</strong></span> <span class='ocrx_word' id='word_1_412' title='bbox 2485 2093 2564 2135; x_wconf 88' lang='lat'><strong>99,</strong></span> 
     </span>
     <span class='ocr_line' id='line_1_58' title="bbox 1334 2151 2566 2214; baseline -0.001 -18"><span class='ocrx_word' id='word_1_413' title='bbox 1334 2168 1375 2197; x_wconf 83' lang='lat'><strong>2.</strong></span> <span class='ocrx_word' id='word_1_414' title='bbox 1397 2154 1484 2196; x_wconf 90' lang='grc'><strong>383</strong></span> <span class='ocrx_word' id='word_1_415' title='bbox 1506 2153 1717 2213; x_wconf 60' lang='grc'>0011111130,</span> <span class='ocrx_word' id='word_1_416' title='bbox 1740 2180 1800 2187; x_wconf 90' lang='grc'><strong>-</strong></span> <span class='ocrx_word' id='word_1_417' title='bbox 1820 2155 1845 2211; x_wconf 90' lang='grc'>5</span> <span class='ocrx_word' id='word_1_418' title='bbox 1881 2154 1955 2206; x_wconf 83' lang='grc'><strong>45.</strong></span> <span class='ocrx_word' id='word_1_419' title='bbox 1983 2153 2189 2214; x_wconf 88' lang='lat' dir='ltr'><strong>Lepreon</strong></span> <span class='ocrx_word' id='word_1_420' title='bbox 2214 2168 2320 2213; x_wconf 92' lang='lat' dir='ltr'><strong>pars</strong></span> <span class='ocrx_word' id='word_1_421' title='bbox 2342 2151 2566 2206; x_wconf 87' lang='lat' dir='ltr'><strong>Arcadiae,</strong></span> 
     </span>
     <span class='ocr_line' id='line_1_59' title="bbox 1332 2225 2570 2286; baseline -0.001 -16"><span class='ocrx_word' id='word_1_422' title='bbox 1332 2227 1406 2273; x_wconf 91' lang='lat' dir='ltr'><strong>cui</strong></span> <span class='ocrx_word' id='word_1_423' title='bbox 1426 2226 1600 2286; x_wconf 83' lang='lat' dir='ltr'><strong>adjecta</strong></span> <span class='ocrx_word' id='word_1_424' title='bbox 1613 2238 1680 2271; x_wconf 90' lang='lat' dir='ltr'><strong>est</strong></span> <span class='ocrx_word' id='word_1_425' title='bbox 1695 2227 1767 2271; x_wconf 91' lang='lat' dir='ltr'><strong>Ol.</strong></span> <span class='ocrx_word' id='word_1_426' title='bbox 1791 2229 1892 2280; x_wconf 92' lang='grc'>103,</span> <span class='ocrx_word' id='word_1_427' title='bbox 1914 2235 1955 2280; x_wconf 89' lang='lat'><strong>4.</strong></span> <span class='ocrx_word' id='word_1_428' title='bbox 1977 2225 2084 2273; x_wconf 84' lang='grc'>365.</span> <span class='ocrx_word' id='word_1_429' title='bbox 2100 2227 2265 2271; x_wconf 89' lang='lat' dir='ltr'><strong>Eadem</strong></span> <span class='ocrx_word' id='word_1_430' title='bbox 2278 2236 2481 2286; x_wconf 89' lang='lat' dir='ltr'><strong>tempora</strong></span> <span class='ocrx_word' id='word_1_431' title='bbox 2500 2226 2570 2269; x_wconf 89' lang='lat' dir='ltr'><strong>in-</strong></span> 
     </span>
     <span class='ocr_line' id='line_1_60' title="bbox 1332 2290 2567 2362; baseline -0.001 -18"><span class='ocrx_word' id='word_1_432' title='bbox 1332 2311 1478 2344; x_wconf 92' lang='lat' dir='ltr'><strong>nuunt</strong></span> <span class='ocrx_word' id='word_1_433' title='bbox 1501 2316 1602 2359; x_wconf 89' lang='lat' dir='ltr'><strong>quae</strong></span> <span class='ocrx_word' id='word_1_434' title='bbox 1626 2302 1650 2359; x_wconf 89' lang='grc'>5</span> <span class='ocrx_word' id='word_1_435' title='bbox 1673 2303 1728 2352; x_wconf 92' lang='grc'><strong>46</strong></span> <span class='ocrx_word' id='word_1_436' title='bbox 1755 2301 1810 2344; x_wconf 90' lang='lat' dir='ltr'><strong>de</strong></span> <span class='ocrx_word' id='word_1_437' title='bbox 1838 2290 2078 2362; x_wconf 83' lang='lat' dir='ltr'><strong>Messenia,</strong></span> <span class='ocrx_word' id='word_1_438' title='bbox 2106 2311 2200 2344; x_wconf 90' lang='lat' dir='ltr'><strong>tum</strong></span> <span class='ocrx_word' id='word_1_439' title='bbox 2225 2315 2382 2344; x_wconf 89' lang='lat' dir='ltr'><strong>recens</strong></span> <span class='ocrx_word' id='word_1_440' title='bbox 2398 2301 2567 2344; x_wconf 87' lang='lat' dir='ltr'><strong>instau-</strong></span> 
     </span>
    </p>
   </div>
   <div class='ocr_carea' id='block_1_7' title="bbox 25 2373 2566 2584">
    <p class='ocr_par' dir='ltr' id='par_1_9' title="bbox 25 2373 2566 2584">
     <span class='ocr_line' id='line_1_61' title="bbox 29 2373 2565 2438; baseline -0.003 -15"><span class='ocrx_word' id='word_1_441' title='bbox 29 2379 187 2438; x_wconf 90' lang='lat' dir='ltr'><strong>sipost</strong></span> <span class='ocrx_word' id='word_1_442' title='bbox 214 2386 386 2421; x_wconf 89' lang='lat' dir='ltr'><strong>certum</strong></span> <span class='ocrx_word' id='word_1_443' title='bbox 415 2376 602 2434; x_wconf 92' lang='lat' dir='ltr'><strong>aliquod</strong></span> <span class='ocrx_word' id='word_1_444' title='bbox 620 2374 798 2435; x_wconf 85' lang='lat' dir='ltr'><strong>tempus</strong></span> <span class='ocrx_word' id='word_1_445' title='bbox 820 2386 976 2419; x_wconf 87' lang='lat' dir='ltr'><strong>auctor</strong></span> <span class='ocrx_word' id='word_1_446' title='bbox 997 2374 1265 2433; x_wconf 89' lang='lat' dir='ltr'><strong>scripsisset.</strong></span> <span class='ocrx_word' id='word_1_447' title='bbox 1334 2384 1456 2428; x_wconf 87' lang='lat' dir='ltr'><strong>rata,</strong></span> <span class='ocrx_word' id='word_1_448' title='bbox 1485 2375 1714 2430; x_wconf 86' lang='lat' dir='ltr'><strong>leguntur.</strong></span> <span class='ocrx_word' id='word_1_449' title='bbox 1736 2405 1797 2412; x_wconf 74' lang='grc'><strong>--</strong></span> <span class='ocrx_word' id='word_1_450' title='bbox 1825 2374 1850 2430; x_wconf 87' lang='grc'>5</span> <span class='ocrx_word' id='word_1_451' title='bbox 1875 2374 1949 2427; x_wconf 92' lang='grc'><strong>67.</strong></span> <span class='ocrx_word' id='word_1_452' title='bbox 1975 2375 2136 2416; x_wconf 84' lang='lat' dir='ltr'><strong>Datum</strong></span> <span class='ocrx_word' id='word_1_453' title='bbox 2171 2389 2280 2432; x_wconf 90' lang='lat' dir='ltr'><strong>opp.</strong></span> <span class='ocrx_word' id='word_1_454' title='bbox 2306 2373 2565 2416; x_wconf 90' lang='lat' dir='ltr'><strong>Callistrato</strong></span> 
     </span>
     <span class='ocr_line' id='line_1_62' title="bbox 25 2445 2562 2506; baseline -0.003 -7"><span class='ocrx_word' id='word_1_455' title='bbox 25 2454 224 2499; x_wconf 91' lang='lat' dir='ltr'><strong>Collecta</strong></span> <span class='ocrx_word' id='word_1_456' title='bbox 246 2454 294 2497; x_wconf 90' lang='lat' dir='ltr'><strong>in</strong></span> <span class='ocrx_word' id='word_1_457' title='bbox 310 2452 426 2496; x_wconf 91' lang='lat' dir='ltr'><strong>hanc</strong></span> <span class='ocrx_word' id='word_1_458' title='bbox 454 2468 548 2495; x_wconf 89' lang='lat' dir='ltr'><strong>rem</strong></span> <span class='ocrx_word' id='word_1_459' title='bbox 573 2467 598 2495; x_wconf 92' lang='lat' dir='ltr'><strong>a</strong></span> <span class='ocrx_word' id='word_1_460' title='bbox 620 2452 737 2496; x_wconf 87' lang='lat' dir='ltr'><strong>viris</strong></span> <span class='ocrx_word' id='word_1_461' title='bbox 761 2451 932 2505; x_wconf 90' lang='lat' dir='ltr'><strong>doctis,</strong></span> <span class='ocrx_word' id='word_1_462' title='bbox 959 2456 1011 2494; x_wconf 83' lang='lat' dir='ltr'><strong>ut</strong></span> <span class='ocrx_word' id='word_1_463' title='bbox 1032 2450 1258 2506; x_wconf 86' lang='lat' dir='ltr'><strong>Bougain-</strong></span> <span class='ocrx_word' id='word_1_464' title='bbox 1330 2457 1513 2492; x_wconf 89' lang='lat' dir='ltr'><strong>auctore</strong></span> <span class='ocrx_word' id='word_1_465' title='bbox 1542 2447 1720 2490; x_wconf 89' lang='lat' dir='ltr'><strong>colonis</strong></span> <span class='ocrx_word' id='word_1_466' title='bbox 1756 2448 2088 2505; x_wconf 89' lang='lat' dir='ltr'><strong>frequentatum</strong></span> <span class='ocrx_word' id='word_1_467' title='bbox 2114 2449 2235 2491; x_wconf 83' lang='lat' dir='ltr'><strong>circa</strong></span> <span class='ocrx_word' id='word_1_468' title='bbox 2273 2445 2340 2488; x_wconf 89' lang='lat' dir='ltr'><strong>Ol.</strong></span> <span class='ocrx_word' id='word_1_469' title='bbox 2386 2446 2488 2500; x_wconf 82' lang='lat'><strong>105,</strong></span> <span class='ocrx_word' id='word_1_470' title='bbox 2521 2463 2562 2491; x_wconf 87' lang='lat'><strong>1.</strong></span> 
     </span>
     <span class='ocr_line' id='line_1_63' title="bbox 26 2519 2566 2584; baseline -0.003 -12"><span class='ocrx_word' id='word_1_471' title='bbox 26 2529 174 2584; x_wconf 91' lang='lat' dir='ltr'><strong>villio,</strong></span> <span class='ocrx_word' id='word_1_472' title='bbox 200 2526 554 2581; x_wconf 87' lang='lat' dir='ltr'><strong>Sancta—Cruce,</strong></span> <span class='ocrx_word' id='word_1_473' title='bbox 571 2525 847 2580; x_wconf 87' lang='lat' dir='ltr'><strong>Niebuhrio,</strong></span> <span class='ocrx_word' id='word_1_474' title='bbox 873 2525 1043 2578; x_wconf 91' lang='lat' dir='ltr'><strong>Gailio,</strong></span> <span class='ocrx_word' id='word_1_475' title='bbox 1068 2522 1255 2577; x_wconf 86' lang='lat' dir='ltr'><strong>Ukerto,</strong></span> <span class='ocrx_word' id='word_1_476' title='bbox 1333 2523 1421 2565; x_wconf 93' lang='grc'><strong>360</strong></span> <span class='ocrx_word' id='word_1_477' title='bbox 1452 2537 1492 2565; x_wconf 86' lang='grc'><strong>3.</strong></span> <span class='ocrx_word' id='word_1_478' title='bbox 1520 2521 1567 2567; x_wconf 84' lang='lat' dir='ltr'><strong>G.</strong></span> <span class='ocrx_word' id='word_1_479' title='bbox 1596 2520 1706 2580; x_wconf 75' lang='lat'><strong>(&#39;‘&#39;‘*).</strong></span> <span class='ocrx_word' id='word_1_480' title='bbox 1726 2521 1832 2578; x_wconf 80' lang='grc'><strong>--5</strong></span> <span class='ocrx_word' id='word_1_481' title='bbox 1858 2522 1931 2565; x_wconf 89' lang='grc'><strong>61.</strong></span> <span class='ocrx_word' id='word_1_482' title='bbox 1950 2519 2199 2564; x_wconf 86' lang='lat' dir='ltr'><strong>Locrorum</strong></span> <span class='ocrx_word' id='word_1_483' title='bbox 2223 2519 2566 2578; x_wconf 84' lang='lat' dir='ltr'><strong>Epicnemidio-</strong></span> 
     </span>
    </p>
   </div>
   <div class='ocr_carea' id='block_1_8' title="bbox 0 2654 2573 4051">
    <p class='ocr_par' dir='ltr' id='par_1_10' title="bbox 25 2654 2569 2875">
     <span class='ocr_line' id='line_1_64' title="bbox 72 2654 2566 2712; baseline -0.006 -12"><span class='ocrx_word' id='word_1_484' title='bbox 72 2664 120 2712; x_wconf 84' lang='lat'><strong>(*)</strong></span> <span class='ocrx_word' id='word_1_485' title='bbox 144 2663 246 2700; x_wconf 81' lang='lat' dir='ltr'><strong>idem</strong></span> <span class='ocrx_word' id='word_1_486' title='bbox 267 2662 344 2710; x_wconf 83' lang='lat' dir='ltr'><strong>jam</strong></span> <span class='ocrx_word' id='word_1_487' title='bbox 363 2661 539 2699; x_wconf 82' lang='lat' dir='ltr'><strong>statuisse</strong></span> <span class='ocrx_word' id='word_1_488' title='bbox 557 2660 706 2698; x_wconf 86' lang='lat' dir='ltr'><strong>videtur</strong></span> <span class='ocrx_word' id='word_1_489' title='bbox 721 2663 837 2698; x_wconf 84' lang='lat' dir='ltr'><strong>Isaac.</strong></span> <span class='ocrx_word' id='word_1_490' title='bbox 851 2659 1003 2698; x_wconf 89' lang='lat' dir='ltr'><strong>Vossius</strong></span> <span class='ocrx_word' id='word_1_491' title='bbox 1027 2658 1072 2694; x_wconf 88' lang='lat' dir='ltr'><strong>ad</strong></span> <span class='ocrx_word' id='word_1_492' title='bbox 1094 2657 1227 2695; x_wconf 87' lang='lat' dir='ltr'><strong>Melam</strong></span> <span class='ocrx_word' id='word_1_493' title='bbox 1247 2657 1275 2701; x_wconf 89' lang='lat' dir='ltr'><strong>t,</strong></span> <span class='ocrx_word' id='word_1_494' title='bbox 1297 2660 1356 2702; x_wconf 84' lang='lat'><strong>16,</strong></span> <span class='ocrx_word' id='word_1_495' title='bbox 1382 2667 1418 2704; x_wconf 88' lang='lat' dir='ltr'><strong>p.</strong></span> <span class='ocrx_word' id='word_1_496' title='bbox 1442 2659 1514 2695; x_wconf 87' lang='grc'><strong>638</strong></span> <span class='ocrx_word' id='word_1_497' title='bbox 1534 2671 1544 2693; x_wconf 75' lang='lat'>2</span> <span class='ocrx_word' id='word_1_498' title='bbox 1564 2671 1582 2689; x_wconf 72' lang='grc' dir='ltr'><strong>«ι</strong></span> <span class='ocrx_word' id='word_1_499' title='bbox 1597 2655 1822 2694; x_wconf 78' lang='lat' dir='ltr'><strong>certissimis</strong></span> <span class='ocrx_word' id='word_1_500' title='bbox 1843 2657 2073 2702; x_wconf 77' lang='lat' dir='ltr'><strong>argumentis</strong></span> <span class='ocrx_word' id='word_1_501' title='bbox 2094 2655 2215 2693; x_wconf 77' lang='lat' dir='ltr'><strong>evinci</strong></span> <span class='ocrx_word' id='word_1_502' title='bbox 2236 2656 2357 2702; x_wconf 78' lang='lat' dir='ltr'><strong>potest</strong></span> <span class='ocrx_word' id='word_1_503' title='bbox 2381 2654 2566 2703; x_wconf 75' lang='lat' dir='ltr'><strong>periplum</strong></span> 
     </span>
     <span class='ocr_line' id='line_1_65' title="bbox 26 2709 2569 2767; baseline -0.004 -8"><span class='ocrx_word' id='word_1_504' title='bbox 26 2722 154 2765; x_wconf 80' lang='lat' dir='ltr'><strong>istum,</strong></span> <span class='ocrx_word' id='word_1_505' title='bbox 172 2719 236 2767; x_wconf 86' lang='lat' dir='ltr'><strong>qui</strong></span> <span class='ocrx_word' id='word_1_506' title='bbox 255 2718 418 2766; x_wconf 88' lang='lat' dir='ltr'><strong>Scylacis</strong></span> <span class='ocrx_word' id='word_1_507' title='bbox 437 2717 711 2765; x_wconf 74' lang='lat' dir='ltr'><strong>cau-yandensis</strong></span> <span class='ocrx_word' id='word_1_508' title='bbox 730 2727 867 2754; x_wconf 90' lang='lat' dir='ltr'><strong>nomen</strong></span> <span class='ocrx_word' id='word_1_509' title='bbox 893 2726 968 2763; x_wconf 77' lang='lat' dir='ltr'><strong>prae</strong></span> <span class='ocrx_word' id='word_1_510' title='bbox 988 2725 1026 2752; x_wconf 85' lang='lat' dir='ltr'><strong>se</strong></span> <span class='ocrx_word' id='word_1_511' title='bbox 1049 2715 1134 2759; x_wconf 76' lang='lat' dir='ltr'><strong>fert,</strong></span> <span class='ocrx_word' id='word_1_512' title='bbox 1155 2722 1344 2760; x_wconf 86' lang='lat' dir='ltr'><strong>quemque</strong></span> <span class='ocrx_word' id='word_1_513' title='bbox 1374 2712 1590 2749; x_wconf 86' lang='lat' dir='ltr'><strong>adolescens</strong></span> <span class='ocrx_word' id='word_1_514' title='bbox 1613 2711 1818 2748; x_wconf 89' lang='lat' dir='ltr'><strong>admodum</strong></span> <span class='ocrx_word' id='word_1_515' title='bbox 1851 2710 2106 2748; x_wconf 85' lang='lat' dir='ltr'><strong>recudendum</strong></span> <span class='ocrx_word' id='word_1_516' title='bbox 2139 2710 2282 2756; x_wconf 91' lang='lat' dir='ltr'><strong>curavi,</strong></span> <span class='ocrx_word' id='word_1_517' title='bbox 2304 2709 2471 2756; x_wconf 86' lang='lat' dir='ltr'><strong>cujusvis</strong></span> <span class='ocrx_word' id='word_1_518' title='bbox 2490 2721 2569 2748; x_wconf 84' lang='lat' dir='ltr'><strong>esse</strong></span> 
     </span>
     <span class='ocr_line' id='line_1_66' title="bbox 27 2765 2568 2824; baseline -0.004 -10"><span class='ocrx_word' id='word_1_519' title='bbox 27 2776 149 2824; x_wconf 84' lang='lat' dir='ltr'><strong>potius</strong></span> <span class='ocrx_word' id='word_1_520' title='bbox 170 2784 284 2822; x_wconf 88' lang='lat' dir='ltr'><strong>quam</strong></span> <span class='ocrx_word' id='word_1_521' title='bbox 305 2773 483 2821; x_wconf 86' lang='lat' dir='ltr'><strong>Scylacis.</strong></span> <span class='ocrx_word' id='word_1_522' title='bbox 508 2775 550 2809; x_wconf 92' lang='lat' dir='ltr'><strong>In</strong></span> <span class='ocrx_word' id='word_1_523' title='bbox 584 2772 760 2809; x_wconf 92' lang='lat' dir='ltr'><strong>omnibus</strong></span> <span class='ocrx_word' id='word_1_524' title='bbox 784 2771 861 2808; x_wconf 84' lang='lat' dir='ltr'><strong>fere</strong></span> <span class='ocrx_word' id='word_1_525' title='bbox 881 2770 959 2807; x_wconf 89' lang='lat' dir='ltr'><strong>abit</strong></span> <span class='ocrx_word' id='word_1_526' title='bbox 978 2779 999 2805; x_wconf 86' lang='lat' dir='ltr'><strong>a</strong></span> <span class='ocrx_word' id='word_1_527' title='bbox 1024 2768 1179 2815; x_wconf 86' lang='lat' dir='ltr'><strong>Scylace</strong></span> <span class='ocrx_word' id='word_1_528' title='bbox 1202 2777 1317 2815; x_wconf 89' lang='lat' dir='ltr'><strong>quam</strong></span> <span class='ocrx_word' id='word_1_529' title='bbox 1351 2767 1582 2815; x_wconf 81' lang='lat' dir='ltr'><strong>longissime,</strong></span> <span class='ocrx_word' id='word_1_530' title='bbox 1612 2769 1655 2804; x_wconf 90' lang='lat' dir='ltr'><strong>ut</strong></span> <span class='ocrx_word' id='word_1_531' title='bbox 1687 2767 1726 2804; x_wconf 89' lang='lat' dir='ltr'><strong>in</strong></span> <span class='ocrx_word' id='word_1_532' title='bbox 1748 2766 1922 2804; x_wconf 83' lang='lat' dir='ltr'><strong>secundis</strong></span> <span class='ocrx_word' id='word_1_533' title='bbox 1948 2767 2048 2804; x_wconf 86' lang='lat' dir='ltr'><strong>curis</strong></span> <span class='ocrx_word' id='word_1_534' title='bbox 2085 2767 2222 2804; x_wconf 84' lang='lat' dir='ltr'><strong>clarius</strong></span> <span class='ocrx_word' id='word_1_535' title='bbox 2242 2765 2475 2803; x_wconf 86' lang='lat' dir='ltr'><strong>docebimus.</strong></span> <span class='ocrx_word' id='word_1_536' title='bbox 2508 2766 2568 2803; x_wconf 78' lang='lat' dir='ltr'><strong>Sic</strong></span> 
     </span>
     <span class='ocr_line' id='line_1_67' title="bbox 25 2823 1971 2875; baseline -0.007 -6"><span class='ocrx_word' id='word_1_537' title='bbox 25 2831 124 2870; x_wconf 85' lang='lat' dir='ltr'><strong>enim</strong></span> <span class='ocrx_word' id='word_1_538' title='bbox 143 2829 311 2868; x_wconf 82' lang='lat' dir='ltr'><strong>sotebant</strong></span> <span class='ocrx_word' id='word_1_539' title='bbox 337 2828 498 2866; x_wconf 83' lang='lat' dir='ltr'><strong>Graeculi</strong></span> <span class='ocrx_word' id='word_1_540' title='bbox 524 2827 708 2875; x_wconf 88' lang='lat' dir='ltr'><strong>sequioris</strong></span> <span class='ocrx_word' id='word_1_541' title='bbox 728 2827 814 2872; x_wconf 81' lang='lat' dir='ltr'><strong>aevi,</strong></span> <span class='ocrx_word' id='word_1_542' title='bbox 830 2828 872 2863; x_wconf 88' lang='lat' dir='ltr'><strong>ut</strong></span> <span class='ocrx_word' id='word_1_543' title='bbox 883 2825 1081 2872; x_wconf 86' lang='lat' dir='ltr'><strong>anonymis</strong></span> <span class='ocrx_word' id='word_1_544' title='bbox 1095 2823 1241 2870; x_wconf 84' lang='lat' dir='ltr'><strong>scriptis</strong></span> <span class='ocrx_word' id='word_1_545' title='bbox 1260 2824 1369 2860; x_wconf 86' lang='lat' dir='ltr'><strong>notos</strong></span> <span class='ocrx_word' id='word_1_546' title='bbox 1388 2834 1488 2871; x_wconf 80' lang='lat' dir='ltr'><strong>saepe</strong></span> <span class='ocrx_word' id='word_1_547' title='bbox 1502 2823 1721 2869; x_wconf 75' lang='lat' dir='ltr'><strong>attingerent</strong></span> <span class='ocrx_word' id='word_1_548' title='bbox 1742 2825 1929 2860; x_wconf 86' lang='lat' dir='ltr'><strong>auctores.</strong></span> <span class='ocrx_word' id='word_1_549' title='bbox 1953 2838 1971 2855; x_wconf 84' lang='grc'>»</span> 
     </span>
    </p>

    <p class='ocr_par' dir='ltr' id='par_1_11' title="bbox 0 2876 2572 3155">
     <span class='ocr_line' id='line_1_68' title="bbox 77 2876 2570 2935; baseline -0.004 -12"><span class='ocrx_word' id='word_1_550' title='bbox 77 2885 145 2935; x_wconf 78' lang='lat'><strong>(**)</strong></span> <span class='ocrx_word' id='word_1_551' title='bbox 163 2884 398 2929; x_wconf 81' lang='lat' dir='ltr'><strong>Letronnius,</strong></span> <span class='ocrx_word' id='word_1_552' title='bbox 418 2885 545 2922; x_wconf 74' lang='lat' dir='ltr'><strong>Poem.</strong></span> <span class='ocrx_word' id='word_1_553' title='bbox 560 2883 684 2931; x_wconf 78' lang='lat' dir='ltr'><strong>geogr.</strong></span> <span class='ocrx_word' id='word_1_554' title='bbox 702 2893 736 2929; x_wconf 64' lang='lat' dir='ltr'><strong>ir.</strong></span> <span class='ocrx_word' id='word_1_555' title='bbox 762 2886 830 2920; x_wconf 90' lang='lat'><strong>172</strong></span> <span class='ocrx_word' id='word_1_556' title='bbox 851 2896 860 2919; x_wconf 90' lang='lat'>:</span> <span class='ocrx_word' id='word_1_557' title='bbox 880 2896 898 2914; x_wconf 90' lang='lat'>«</span> <span class='ocrx_word' id='word_1_558' title='bbox 914 2883 971 2918; x_wconf 94' lang='lat' dir='ltr'><strong>On</strong></span> <span class='ocrx_word' id='word_1_559' title='bbox 991 2882 1073 2918; x_wconf 85' lang='lat' dir='ltr'><strong>sent</strong></span> <span class='ocrx_word' id='word_1_560' title='bbox 1091 2878 1208 2926; x_wconf 86' lang='lat' dir='ltr'><strong>qu&#39;uu</strong></span> <span class='ocrx_word' id='word_1_561' title='bbox 1226 2879 1318 2916; x_wconf 91' lang='lat' dir='ltr'><strong>livrc</strong></span> <span class='ocrx_word' id='word_1_562' title='bbox 1335 2879 1434 2917; x_wconf 88' lang='lat' dir='ltr'><strong>aussi</strong></span> <span class='ocrx_word' id='word_1_563' title='bbox 1446 2879 1664 2927; x_wconf 89' lang='lat' dir='ltr'><strong>incomplet,</strong></span> <span class='ocrx_word' id='word_1_564' title='bbox 1682 2878 1780 2915; x_wconf 88' lang='lat' dir='ltr'><strong>aussi</strong></span> <span class='ocrx_word' id='word_1_565' title='bbox 1797 2888 1867 2926; x_wconf 88' lang='lat' dir='ltr'><strong>peu</strong></span> <span class='ocrx_word' id='word_1_566' title='bbox 1884 2877 2050 2925; x_wconf 77' lang='grc'>(10131110,</span> <span class='ocrx_word' id='word_1_567' title='bbox 2072 2877 2216 2915; x_wconf 74' lang='grc' dir='ltr'><strong><em>η’έιαὶί</em></strong></span> <span class='ocrx_word' id='word_1_568' title='bbox 2234 2876 2357 2925; x_wconf 83' lang='lat' dir='ltr'><strong>qu&#39;un</strong></span> <span class='ocrx_word' id='word_1_569' title='bbox 2377 2876 2476 2914; x_wconf 81' lang='lat' dir='ltr'><strong>livre</strong></span> <span class='ocrx_word' id='word_1_570' title='bbox 2491 2876 2570 2914; x_wconf 77' lang='grc' dir='ltr'><strong>έίό·</strong></span> 
     </span>
     <span class='ocr_line' id='line_1_69' title="bbox 26 2932 2572 2986; baseline -0.004 -8"><span class='ocrx_word' id='word_1_571' title='bbox 26 2932 242 2986; x_wconf 75' lang='lat' dir='ltr'><strong>vtentaz&#39;re,</strong></span> <span class='ocrx_word' id='word_1_572' title='bbox 266 2940 303 2976; x_wconf 88' lang='lat' dir='ltr'><strong>et</strong></span> <span class='ocrx_word' id='word_1_573' title='bbox 337 2937 396 2975; x_wconf 91' lang='lat' dir='ltr'><strong>n&#39;a</strong></span> <span class='ocrx_word' id='word_1_574' title='bbox 421 2948 471 2985; x_wconf 85' lang='lat' dir='ltr'><strong>pu</strong></span> <span class='ocrx_word' id='word_1_575' title='bbox 492 2938 595 2983; x_wconf 79' lang='grc'>0110,</span> <span class='ocrx_word' id='word_1_576' title='bbox 622 2938 712 2984; x_wconf 87' lang='lat' dir='ltr'><strong>quoi</strong></span> <span class='ocrx_word' id='word_1_577' title='bbox 732 2935 847 2983; x_wconf 87' lang='lat' dir='ltr'><strong>qu’on</strong></span> <span class='ocrx_word' id='word_1_578' title='bbox 865 2946 911 2973; x_wconf 90' lang='lat' dir='ltr'><strong>en</strong></span> <span class='ocrx_word' id='word_1_579' title='bbox 940 2935 1031 2979; x_wconf 86' lang='lat' dir='ltr'><strong>dise,</strong></span> <span class='ocrx_word' id='word_1_580' title='bbox 1052 2932 1237 2970; x_wconf 85' lang='lat' dir='ltr'><strong>d’aucuue</strong></span> <span class='ocrx_word' id='word_1_581' title='bbox 1274 2933 1397 2972; x_wconf 78' lang='lat' dir='ltr'><strong>utilite</strong></span> <span class='ocrx_word' id='word_1_582' title='bbox 1421 2935 1593 2982; x_wconf 87' lang='lat' dir='ltr'><strong>pratique</strong></span> <span class='ocrx_word' id='word_1_583' title='bbox 1621 2944 1698 2971; x_wconf 84' lang='lat' dir='ltr'><strong>aux</strong></span> <span class='ocrx_word' id='word_1_584' title='bbox 1716 2934 1966 2981; x_wconf 86' lang='lat' dir='ltr'><strong>navigateurs.</strong></span> <span class='ocrx_word' id='word_1_585' title='bbox 1999 2934 2122 2971; x_wconf 85' lang='lat' dir='ltr'><strong>Note:</strong></span> <span class='ocrx_word' id='word_1_586' title='bbox 2145 2933 2317 2970; x_wconf 86' lang='lat' dir='ltr'><strong>Mannert</strong></span> <span class='ocrx_word' id='word_1_587' title='bbox 2341 2934 2372 2975; x_wconf 91' lang='lat' dir='ltr'><strong>l,</strong></span> <span class='ocrx_word' id='word_1_588' title='bbox 2402 2943 2437 2978; x_wconf 87' lang='lat' dir='ltr'><strong>p.</strong></span> <span class='ocrx_word' id='word_1_589' title='bbox 2463 2935 2506 2970; x_wconf 84' lang='lat'><strong>67</strong></span> <span class='ocrx_word' id='word_1_590' title='bbox 2534 2932 2572 2968; x_wconf 87' lang='lat' dir='ltr'><strong>et</strong></span> 
     </span>
     <span class='ocr_line' id='line_1_70' title="bbox 27 2987 2570 3039; baseline -0.004 -6"><span class='ocrx_word' id='word_1_591' title='bbox 27 2995 289 3039; x_wconf 86' lang='lat' dir='ltr'><strong>Walckenaer‚</strong></span> <span class='ocrx_word' id='word_1_592' title='bbox 320 2993 458 3039; x_wconf 67' lang='lat' dir='ltr'><strong>Geoqr.</strong></span> <span class='ocrx_word' id='word_1_593' title='bbox 476 3003 567 3031; x_wconf 85' lang='lat' dir='ltr'><strong>ane.</strong></span> <span class='ocrx_word' id='word_1_594' title='bbox 588 2991 636 3030; x_wconf 84' lang='lat' dir='ltr'><strong>de</strong></span> <span class='ocrx_word' id='word_1_595' title='bbox 658 2992 701 3029; x_wconf 84' lang='lat' dir='ltr'><strong>la</strong></span> <span class='ocrx_word' id='word_1_596' title='bbox 726 2991 852 3029; x_wconf 82' lang='lat' dir='ltr'><strong>Gaule</strong></span> <span class='ocrx_word' id='word_1_597' title='bbox 874 2994 910 3038; x_wconf 91' lang='lat'><strong>1,</strong></span> <span class='ocrx_word' id='word_1_598' title='bbox 930 3001 966 3038; x_wconf 87' lang='lat' dir='ltr'><strong>p.</strong></span> <span class='ocrx_word' id='word_1_599' title='bbox 989 2994 1051 3033; x_wconf 89' lang='lat'><strong>30,</strong></span> <span class='ocrx_word' id='word_1_600' title='bbox 1072 2989 1214 3026; x_wconf 87' lang='lat' dir='ltr'><strong>croient</strong></span> <span class='ocrx_word' id='word_1_601' title='bbox 1237 2989 1270 3025; x_wconf 92' lang='lat' dir='ltr'><strong>le</strong></span> <span class='ocrx_word' id='word_1_602' title='bbox 1289 2990 1488 3030; x_wconf 87' lang='lat' dir='ltr'><strong>contraire.</strong></span> <span class='ocrx_word' id='word_1_603' title='bbox 1509 3007 1528 3024; x_wconf 73' lang='lat'><strong>2,</strong></span> <span class='ocrx_word' id='word_1_604' title='bbox 1548 2990 1695 3036; x_wconf 88' lang='lat' dir='ltr'><strong>Quibus</strong></span> <span class='ocrx_word' id='word_1_605' title='bbox 1713 2989 1809 3027; x_wconf 84' lang='lat' dir='ltr'><strong>adde</strong></span> <span class='ocrx_word' id='word_1_606' title='bbox 1831 2989 2080 3028; x_wconf 85' lang='lat' dir='ltr'><strong>Niebuhrium</strong></span> <span class='ocrx_word' id='word_1_607' title='bbox 2102 2990 2115 3036; x_wconf 95' lang='lat'>(</span> <span class='ocrx_word' id='word_1_608' title='bbox 2134 2989 2277 3027; x_wconf 63' lang='lat' dir='ltr'><strong>Kleine</strong></span> <span class='ocrx_word' id='word_1_609' title='bbox 2298 2987 2395 3026; x_wconf 73' lang='lat' dir='ltr'><strong>laist.</strong></span> <span class='ocrx_word' id='word_1_610' title='bbox 2416 2998 2455 3026; x_wconf 82' lang='lat' dir='ltr'><strong>u.</strong></span> <span class='ocrx_word' id='word_1_611' title='bbox 2476 2987 2570 3036; x_wconf 78' lang='lat' dir='ltr'><strong>phi-</strong></span> 
     </span>
     <span class='ocr_line' id='line_1_71' title="bbox 28 3043 2568 3098; baseline -0.004 -8"><span class='ocrx_word' id='word_1_612' title='bbox 28 3052 97 3091; x_wconf 80' lang='lat' dir='ltr'><strong>lol.</strong></span> <span class='ocrx_word' id='word_1_613' title='bbox 118 3050 324 3098; x_wconf 68' lang='lat' dir='ltr'><strong>Schriften</strong></span> <span class='ocrx_word' id='word_1_614' title='bbox 342 3052 436 3087; x_wconf 88' lang='lat' dir='ltr'><strong>tom.</strong></span> <span class='ocrx_word' id='word_1_615' title='bbox 456 3052 468 3086; x_wconf 91' lang='lat'>1</span> <span class='ocrx_word' id='word_1_616' title='bbox 491 3064 500 3087; x_wconf 90' lang='lat'><strong>:</strong></span> <span class='ocrx_word' id='word_1_617' title='bbox 528 3049 648 3087; x_wconf 84' lang='lat' dir='ltr'><strong>Ueber</strong></span> <span class='ocrx_word' id='word_1_618' title='bbox 672 3047 747 3085; x_wconf 86' lang='lat' dir='ltr'><strong>das</strong></span> <span class='ocrx_word' id='word_1_619' title='bbox 767 3048 880 3086; x_wconf 80' lang='lat' dir='ltr'><strong>Alter</strong></span> <span class='ocrx_word' id='word_1_620' title='bbox 897 3046 965 3084; x_wconf 84' lang='lat' dir='ltr'><strong>des</strong></span> <span class='ocrx_word' id='word_1_621' title='bbox 993 3045 1421 3085; x_wconf 75' lang='lat' dir='ltr'><strong>Kascenbesclzrewers</strong></span> <span class='ocrx_word' id='word_1_622' title='bbox 1454 3048 1606 3095; x_wconf 76' lang='lat' dir='ltr'><strong>Scylax</strong></span> <span class='ocrx_word' id='word_1_623' title='bbox 1637 3056 1713 3084; x_wconf 86' lang='lat' dir='ltr'><strong>von</strong></span> <span class='ocrx_word' id='word_1_624' title='bbox 1746 3043 1975 3093; x_wconf 76' lang='lat' dir='ltr'><strong>Karyanda</strong></span> <span class='ocrx_word' id='word_1_625' title='bbox 1995 3056 2031 3093; x_wconf 85' lang='lat' dir='ltr'><strong>p.</strong></span> <span class='ocrx_word' id='word_1_626' title='bbox 2071 3049 2163 3090; x_wconf 68' lang='grc'>107,</span> <span class='ocrx_word' id='word_1_627' title='bbox 2176 3046 2213 3082; x_wconf 91' lang='lat' dir='ltr'><strong>et</strong></span> <span class='ocrx_word' id='word_1_628' title='bbox 2237 3045 2397 3082; x_wconf 87' lang='lat' dir='ltr'><strong>Clausen</strong></span> <span class='ocrx_word' id='word_1_629' title='bbox 2413 3043 2451 3080; x_wconf 91' lang='lat' dir='ltr'><strong>in</strong></span> <span class='ocrx_word' id='word_1_630' title='bbox 2469 3044 2568 3090; x_wconf 86' lang='lat' dir='ltr'><strong>Scyl.</strong></span> 
     </span>
     <span class='ocr_line' id='line_1_72' title="bbox 0 3100 2568 3155; baseline -0.004 -9"><span class='ocrx_word' id='word_1_631' title='bbox 0 3149 1 3154; x_wconf 17' lang='lat'>¹</span> <span class='ocrx_word' id='word_1_632' title='bbox 28 3107 116 3146; x_wconf 85' lang='lat' dir='ltr'><strong>edit.</strong></span> <span class='ocrx_word' id='word_1_633' title='bbox 138 3118 175 3155; x_wconf 85' lang='lat' dir='ltr'><strong>p.</strong></span> <span class='ocrx_word' id='word_1_634' title='bbox 197 3111 282 3153; x_wconf 84' lang='lat'><strong>261,</strong></span> <span class='ocrx_word' id='word_1_635' title='bbox 305 3106 369 3143; x_wconf 87' lang='lat' dir='ltr'><strong>ubi</strong></span> <span class='ocrx_word' id='word_1_636' title='bbox 393 3108 524 3142; x_wconf 89' lang='lat' dir='ltr'><strong>contra</strong></span> <span class='ocrx_word' id='word_1_637' title='bbox 554 3107 845 3142; x_wconf 81' lang='lat' dir='ltr'><strong>sanctacrucem</strong></span> <span class='ocrx_word' id='word_1_638' title='bbox 868 3105 1087 3149; x_wconf 82' lang='lat' dir='ltr'><strong>ceterosque</strong></span> <span class='ocrx_word' id='word_1_639' title='bbox 1103 3130 1112 3146; x_wconf 93' lang='lat'><em>‚</em></span> <span class='ocrx_word' id='word_1_640' title='bbox 1133 3101 1197 3148; x_wconf 91' lang='lat' dir='ltr'><strong>qui</strong></span> <span class='ocrx_word' id='word_1_641' title='bbox 1230 3104 1400 3141; x_wconf 78' lang='lat' dir='ltr'><strong>nostrum</strong></span> <span class='ocrx_word' id='word_1_642' title='bbox 1434 3105 1618 3153; x_wconf 77' lang='lat' dir='ltr'><strong>pei-iplum</strong></span> <span class='ocrx_word' id='word_1_643' title='bbox 1656 3103 1803 3151; x_wconf 87' lang='lat' dir='ltr'><strong>Scylaci</strong></span> <span class='ocrx_word' id='word_1_644' title='bbox 1837 3102 2062 3150; x_wconf 79' lang='lat' dir='ltr'><strong>logographo</strong></span> <span class='ocrx_word' id='word_1_645' title='bbox 2090 3101 2345 3147; x_wconf 84' lang='lat' dir='ltr'><strong>vindicabant,</strong></span> <span class='ocrx_word' id='word_1_646' title='bbox 2375 3100 2568 3147; x_wconf 84' lang='lat' dir='ltr'><strong>disputat:</strong></span> 
     </span>
    </p>

    <p class='ocr_par' dir='ltr' id='par_1_12' title="bbox 0 3155 2573 3267">
     <span class='ocr_line' id='line_1_73' title="bbox 30 3155 2573 3211; baseline -0.002 -13"><span class='ocrx_word' id='word_1_647' title='bbox 30 3178 48 3198; x_wconf 72' lang='grc' dir='ltr'><strong>ι(</strong></span> <span class='ocrx_word' id='word_1_648' title='bbox 68 3165 197 3211; x_wconf 88' lang='lat' dir='ltr'><strong>ltaque</strong></span> <span class='ocrx_word' id='word_1_649' title='bbox 220 3164 249 3201; x_wconf 90' lang='lat' dir='ltr'><strong>si</strong></span> <span class='ocrx_word' id='word_1_650' title='bbox 266 3163 304 3200; x_wconf 90' lang='lat' dir='ltr'><strong>in</strong></span> <span class='ocrx_word' id='word_1_651' title='bbox 334 3165 534 3199; x_wconf 90' lang='lat' dir='ltr'><strong>nautarum</strong></span> <span class='ocrx_word' id='word_1_652' title='bbox 555 3171 666 3198; x_wconf 87' lang='lat' dir='ltr'><strong>usum</strong></span> <span class='ocrx_word' id='word_1_653' title='bbox 687 3160 832 3198; x_wconf 91' lang='lat' dir='ltr'><strong>editum</strong></span> <span class='ocrx_word' id='word_1_654' title='bbox 856 3161 937 3196; x_wconf 87' lang='lat' dir='ltr'><strong>erat</strong></span> <span class='ocrx_word' id='word_1_655' title='bbox 961 3159 1031 3196; x_wconf 85' lang='lat' dir='ltr'><strong>hoc</strong></span> <span class='ocrx_word' id='word_1_656' title='bbox 1060 3167 1171 3204; x_wconf 75' lang='lat' dir='ltr'><strong>opuS,</strong></span> <span class='ocrx_word' id='word_1_657' title='bbox 1207 3157 1237 3194; x_wconf 91' lang='lat' dir='ltr'><strong>is</strong></span> <span class='ocrx_word' id='word_1_658' title='bbox 1256 3158 1354 3195; x_wconf 80' lang='lat' dir='ltr'><strong>baud</strong></span> <span class='ocrx_word' id='word_1_659' title='bbox 1374 3158 1489 3197; x_wconf 90' lang='lat' dir='ltr'><strong>dubie</strong></span> <span class='ocrx_word' id='word_1_660' title='bbox 1510 3161 1548 3197; x_wconf 92' lang='lat' dir='ltr'><strong>in</strong></span> <span class='ocrx_word' id='word_1_661' title='bbox 1572 3170 1615 3197; x_wconf 89' lang='lat' dir='ltr'><strong>eo</strong></span> <span class='ocrx_word' id='word_1_662' title='bbox 1641 3161 1762 3196; x_wconf 86' lang='lat' dir='ltr'><strong>status</strong></span> <span class='ocrx_word' id='word_1_663' title='bbox 1780 3158 2043 3204; x_wconf 82' lang='lat' dir='ltr'><strong>exhibebatur,</strong></span> <span class='ocrx_word' id='word_1_664' title='bbox 2075 3157 2140 3205; x_wconf 90' lang='lat' dir='ltr'><strong>qui</strong></span> <span class='ocrx_word' id='word_1_665' title='bbox 2169 3159 2249 3195; x_wconf 88' lang='lat' dir='ltr'><strong>erat</strong></span> <span class='ocrx_word' id='word_1_666' title='bbox 2279 3155 2399 3192; x_wconf 81' lang='lat' dir='ltr'><strong>aetatis</strong></span> <span class='ocrx_word' id='word_1_667' title='bbox 2419 3155 2573 3192; x_wconf 85' lang='lat' dir='ltr'><strong>editoris</strong></span> 
     </span>
     <span class='ocr_line' id='line_1_74' title="bbox 29 3210 2570 3267; baseline -0.004 -11.102"><span class='ocrx_word' id='word_1_668' title='bbox 29 3212 154 3267; x_wconf 75' lang='lat' dir='ltr'><strong>ipsius.</strong></span> <span class='ocrx_word' id='word_1_669' title='bbox 178 3218 343 3255; x_wconf 84' lang='lat' dir='ltr'><strong>Aliorum</strong></span> <span class='ocrx_word' id='word_1_670' title='bbox 367 3228 456 3254; x_wconf 91' lang='lat' dir='ltr'><strong>vero</strong></span> <span class='ocrx_word' id='word_1_671' title='bbox 472 3217 555 3253; x_wconf 87' lang='lat' dir='ltr'><strong>usui</strong></span> <span class='ocrx_word' id='word_1_672' title='bbox 575 3227 662 3253; x_wconf 91' lang='lat' dir='ltr'><strong>eum</strong></span> <span class='ocrx_word' id='word_1_673' title='bbox 690 3215 791 3252; x_wconf 83' lang='lat' dir='ltr'><strong>haud</strong></span> <span class='ocrx_word' id='word_1_674' title='bbox 812 3214 923 3252; x_wconf 78' lang='grc'>1111550</span> <span class='ocrx_word' id='word_1_675' title='bbox 943 3213 1171 3251; x_wconf 88' lang='lat' dir='ltr'><strong>destinatum</strong></span> <span class='ocrx_word' id='word_1_676' title='bbox 1189 3215 1244 3250; x_wconf 85' lang='lat' dir='ltr'><strong>est</strong></span> <span class='ocrx_word' id='word_1_677' title='bbox 1264 3215 1513 3252; x_wconf 87' lang='lat' dir='ltr'><strong>certissimum</strong></span> <span class='ocrx_word' id='word_1_678' title='bbox 1539 3216 1583 3263; x_wconf 79' lang='lat' dir='ltr'><strong>(l)</strong></span> <span class='ocrx_word' id='word_1_679' title='bbox 1602 3227 1609 3252; x_wconf 95' lang='lat'>:</span> <span class='ocrx_word' id='word_1_680' title='bbox 1628 3215 1695 3252; x_wconf 88' lang='lat' dir='ltr'><strong>soli</strong></span> <span class='ocrx_word' id='word_1_681' title='bbox 1715 3215 1759 3262; x_wconf 85' lang='lat' dir='ltr'><strong>(l)</strong></span> <span class='ocrx_word' id='word_1_682' title='bbox 1794 3214 1893 3251; x_wconf 90' lang='lat' dir='ltr'><strong>enim</strong></span> <span class='ocrx_word' id='word_1_683' title='bbox 1917 3215 2062 3261; x_wconf 82' lang='lat' dir='ltr'><strong>portus,</strong></span> <span class='ocrx_word' id='word_1_684' title='bbox 2094 3213 2215 3257; x_wconf 90' lang='lat' dir='ltr'><strong>litora,</strong></span> <span class='ocrx_word' id='word_1_685' title='bbox 2240 3211 2321 3248; x_wconf 92' lang='grc'>1003</span> <span class='ocrx_word' id='word_1_686' title='bbox 2339 3210 2377 3247; x_wconf 91' lang='lat' dir='ltr'><strong>in</strong></span> <span class='ocrx_word' id='word_1_687' title='bbox 2402 3210 2570 3247; x_wconf 87' lang='lat' dir='ltr'><strong>litoribus</strong></span> 
     </span>
    </p>

    <p class='ocr_par' dir='ltr' id='par_1_13' title="bbox 0 3264 2573 4051">
     <span class='ocr_line' id='line_1_75' title="bbox 28 3264 2568 3321; baseline -0.004 -10"><span class='ocrx_word' id='word_1_688' title='bbox 28 3274 228 3321; x_wconf 86' lang='lat' dir='ltr'><strong>conspicua</strong></span> <span class='ocrx_word' id='word_1_689' title='bbox 247 3276 284 3311; x_wconf 87' lang='lat' dir='ltr'><strong>et</strong></span> <span class='ocrx_word' id='word_1_690' title='bbox 298 3273 577 3321; x_wconf 83' lang='lat' dir='ltr'><strong>navigationum</strong></span> <span class='ocrx_word' id='word_1_691' title='bbox 599 3272 847 3319; x_wconf 85' lang='lat' dir='ltr'><strong>longitudines</strong></span> <span class='ocrx_word' id='word_1_692' title='bbox 862 3270 1124 3308; x_wconf 85' lang='lat' dir='ltr'><strong>describuntur</strong></span> <span class='ocrx_word' id='word_1_693' title='bbox 1144 3266 1218 3317; x_wconf 73' lang='lat' dir='ltr'><strong>[At</strong></span> <span class='ocrx_word' id='word_1_694' title='bbox 1240 3269 1290 3306; x_wconf 89' lang='lat' dir='ltr'><strong>ita</strong></span> <span class='ocrx_word' id='word_1_695' title='bbox 1306 3269 1376 3307; x_wconf 89' lang='grc'>1100</span> <span class='ocrx_word' id='word_1_696' title='bbox 1393 3270 1449 3317; x_wconf 82' lang='lat' dir='ltr'><strong>fit,</strong></span> <span class='ocrx_word' id='word_1_697' title='bbox 1467 3273 1509 3309; x_wconf 90' lang='lat' dir='ltr'><strong>ut</strong></span> <span class='ocrx_word' id='word_1_698' title='bbox 1533 3270 1657 3308; x_wconf 90' lang='lat' dir='ltr'><strong>nautis</strong></span> <span class='ocrx_word' id='word_1_699' title='bbox 1675 3270 1803 3306; x_wconf 89' lang='lat' dir='ltr'><strong>nullus</strong></span> <span class='ocrx_word' id='word_1_700' title='bbox 1821 3279 1952 3306; x_wconf 89' lang='lat' dir='ltr'><strong>eorum</strong></span> <span class='ocrx_word' id='word_1_701' title='bbox 1974 3279 2062 3305; x_wconf 89' lang='lat' dir='ltr'><strong>usus</strong></span> <span class='ocrx_word' id='word_1_702' title='bbox 2081 3270 2189 3305; x_wconf 90' lang='lat' dir='ltr'><strong>esset.</strong></span> <span class='ocrx_word' id='word_1_703' title='bbox 2208 3265 2307 3310; x_wconf 90' lang='lat' dir='ltr'><strong>Quid</strong></span> <span class='ocrx_word' id='word_1_704' title='bbox 2329 3264 2501 3301; x_wconf 85' lang='lat' dir='ltr'><strong>nauticus</strong></span> <span class='ocrx_word' id='word_1_705' title='bbox 2518 3264 2568 3301; x_wconf 87' lang='lat' dir='ltr'><strong>sit</strong></span> 
     </span>
     <span class='ocr_line' id='line_1_76' title="bbox 31 3320 2570 3377; baseline -0.004 -12"><span class='ocrx_word' id='word_1_706' title='bbox 31 3328 194 3377; x_wconf 83' lang='lat' dir='ltr'><strong>periplus</strong></span> <span class='ocrx_word' id='word_1_707' title='bbox 212 3329 297 3366; x_wconf 85' lang='lat' dir='ltr'><strong>vide</strong></span> <span class='ocrx_word' id='word_1_708' title='bbox 309 3329 347 3366; x_wconf 90' lang='lat' dir='ltr'><strong>in</strong></span> <span class='ocrx_word' id='word_1_709' title='bbox 370 3329 582 3367; x_wconf 89' lang='lat' dir='ltr'><strong>Stadiasmo</strong></span> <span class='ocrx_word' id='word_1_710' title='bbox 606 3329 717 3366; x_wconf 86' lang='lat' dir='ltr'><strong>Maris</strong></span> <span class='ocrx_word' id='word_1_711' title='bbox 731 3327 868 3376; x_wconf 83' lang='lat' dir='ltr'><strong>magni.</strong></span> <span class='ocrx_word' id='word_1_712' title='bbox 886 3325 949 3376; x_wconf 90' lang='lat'><strong>]...</strong></span> <span class='ocrx_word' id='word_1_713' title='bbox 971 3329 1100 3374; x_wconf 88' lang='lat' dir='ltr'><strong>Neque</strong></span> <span class='ocrx_word' id='word_1_714' title='bbox 1119 3325 1167 3362; x_wconf 91' lang='lat' dir='ltr'><strong>ab</strong></span> <span class='ocrx_word' id='word_1_715' title='bbox 1182 3326 1259 3363; x_wconf 93' lang='lat' dir='ltr'><strong>ullo</strong></span> <span class='ocrx_word' id='word_1_716' title='bbox 1276 3327 1429 3366; x_wconf 87' lang='lat' dir='ltr'><strong>homine</strong></span> <span class='ocrx_word' id='word_1_717' title='bbox 1452 3328 1614 3376; x_wconf 82' lang='lat' dir='ltr'><strong>ingenuo</strong></span> <span class='ocrx_word' id='word_1_718' title='bbox 1637 3325 1852 3364; x_wconf 84' lang='lat' dir='ltr'><strong>Atheniensi</strong></span> <span class='ocrx_word' id='word_1_719' title='bbox 1870 3325 1958 3363; x_wconf 78' lang='lat' dir='ltr'><strong>ferri</strong></span> <span class='ocrx_word' id='word_1_720' title='bbox 1979 3326 2123 3372; x_wconf 85' lang='lat' dir='ltr'><strong>poterat</strong></span> <span class='ocrx_word' id='word_1_721' title='bbox 2147 3324 2206 3360; x_wconf 86' lang='lat' dir='ltr'><strong>hic</strong></span> <span class='ocrx_word' id='word_1_722' title='bbox 2222 3322 2329 3369; x_wconf 90' lang='lat' dir='ltr'><strong>liber,</strong></span> <span class='ocrx_word' id='word_1_723' title='bbox 2352 3320 2423 3358; x_wconf 89' lang='lat' dir='ltr'><strong>nisi</strong></span> <span class='ocrx_word' id='word_1_724' title='bbox 2438 3331 2570 3358; x_wconf 87' lang='lat' dir='ltr'><strong>anau-</strong></span> 
     </span>
     <span class='ocr_line' id='line_1_77' title="bbox 30 3375 2570 3433; baseline -0.004 -12"><span class='ocrx_word' id='word_1_725' title='bbox 30 3384 90 3429; x_wconf 81' lang='lat' dir='ltr'><strong>tis,</strong></span> <span class='ocrx_word' id='word_1_726' title='bbox 115 3384 204 3431; x_wconf 89' lang='lat' dir='ltr'><strong>quia</strong></span> <span class='ocrx_word' id='word_1_727' title='bbox 223 3384 390 3422; x_wconf 88' lang='lat' dir='ltr'><strong>universe</strong></span> <span class='ocrx_word' id='word_1_728' title='bbox 413 3395 528 3433; x_wconf 89' lang='lat' dir='ltr'><strong>prave</strong></span> <span class='ocrx_word' id='word_1_729' title='bbox 551 3385 710 3433; x_wconf 85' lang='lat' dir='ltr'><strong>scriptus</strong></span> <span class='ocrx_word' id='word_1_730' title='bbox 724 3386 794 3429; x_wconf 86' lang='lat' dir='ltr'><strong>est,</strong></span> <span class='ocrx_word' id='word_1_731' title='bbox 817 3383 920 3421; x_wconf 88' lang='lat' dir='ltr'><strong>omni</strong></span> <span class='ocrx_word' id='word_1_732' title='bbox 937 3392 1068 3420; x_wconf 89' lang='lat' dir='ltr'><strong>carens</strong></span> <span class='ocrx_word' id='word_1_733' title='bbox 1086 3382 1264 3419; x_wconf 84' lang='lat' dir='ltr'><strong>orationis</strong></span> <span class='ocrx_word' id='word_1_734' title='bbox 1295 3384 1558 3431; x_wconf 85' lang='lat' dir='ltr'><strong>pulcritudine,</strong></span> <span class='ocrx_word' id='word_1_735' title='bbox 1583 3382 1744 3431; x_wconf 85' lang='lat' dir='ltr'><strong>puritate</strong></span> <span class='ocrx_word' id='word_1_736' title='bbox 1764 3385 1800 3418; x_wconf 91' lang='lat' dir='ltr'><strong>et</strong></span> <span class='ocrx_word' id='word_1_737' title='bbox 1819 3383 1969 3418; x_wconf 81' lang='lat' dir='ltr'><strong>ornatu.</strong></span> <span class='ocrx_word' id='word_1_738' title='bbox 1998 3382 2127 3428; x_wconf 87' lang='lat' dir='ltr'><strong>Neque</strong></span> <span class='ocrx_word' id='word_1_739' title='bbox 2149 3378 2208 3416; x_wconf 85' lang='lat' dir='ltr'><strong>hae</strong></span> <span class='ocrx_word' id='word_1_740' title='bbox 2229 3376 2388 3414; x_wconf 81' lang='lat' dir='ltr'><strong>maculae</strong></span> <span class='ocrx_word' id='word_1_741' title='bbox 2419 3386 2487 3424; x_wconf 77' lang='lat' dir='ltr'><strong>pro</strong></span> <span class='ocrx_word' id='word_1_742' title='bbox 2511 3375 2570 3412; x_wconf 91' lang='lat' dir='ltr'><strong>in-</strong></span> 
     </span>
     <span class='ocr_line' id='line_1_78' title="bbox 0 3431 2572 3489; baseline -0.002 -16"><span class='ocrx_word' id='word_1_743' title='bbox 0 3468 1 3473; x_wconf 73' lang='grc'>,</span> <span class='ocrx_word' id='word_1_744' title='bbox 29 3438 337 3486; x_wconf 87' lang='lat' dir='ltr'><strong>terpolationibus</strong></span> <span class='ocrx_word' id='word_1_745' title='bbox 351 3440 477 3478; x_wconf 86' lang='lat' dir='ltr'><strong>haberi</strong></span> <span class='ocrx_word' id='word_1_746' title='bbox 501 3443 661 3489; x_wconf 83' lang='lat' dir='ltr'><strong>possunt</strong></span> <span class='ocrx_word' id='word_1_747' title='bbox 670 3452 683 3487; x_wconf 86' lang='lat'>;</span> <span class='ocrx_word' id='word_1_748' title='bbox 707 3441 861 3477; x_wconf 88' lang='lat' dir='ltr'><strong>manent</strong></span> <span class='ocrx_word' id='word_1_749' title='bbox 876 3439 975 3476; x_wconf 89' lang='lat' dir='ltr'><strong>enim</strong></span> <span class='ocrx_word' id='word_1_750' title='bbox 998 3440 1055 3475; x_wconf 90' lang='lat' dir='ltr'><strong>sat</strong></span> <span class='ocrx_word' id='word_1_751' title='bbox 1071 3437 1191 3474; x_wconf 86' lang='lat' dir='ltr'><strong>multa</strong></span> <span class='ocrx_word' id='word_1_752' title='bbox 1208 3448 1294 3485; x_wconf 82' lang='lat' dir='ltr'><strong>quae</strong></span> <span class='ocrx_word' id='word_1_753' title='bbox 1314 3450 1428 3487; x_wconf 88' lang='lat' dir='ltr'><strong>prava</strong></span> <span class='ocrx_word' id='word_1_754' title='bbox 1451 3442 1553 3484; x_wconf 86' lang='lat' dir='ltr'><strong>sunt,</strong></span> <span class='ocrx_word' id='word_1_755' title='bbox 1571 3439 1657 3476; x_wconf 86' lang='lat' dir='ltr'><strong>licet</strong></span> <span class='ocrx_word' id='word_1_756' title='bbox 1680 3437 1786 3485; x_wconf 88' lang='lat' dir='ltr'><strong>plura</strong></span> <span class='ocrx_word' id='word_1_757' title='bbox 1809 3436 1986 3483; x_wconf 82' lang='lat' dir='ltr'><strong>ejeceris:</strong></span> <span class='ocrx_word' id='word_1_758' title='bbox 2010 3437 2136 3483; x_wconf 87' lang='lat' dir='ltr'><strong>itaque</strong></span> <span class='ocrx_word' id='word_1_759' title='bbox 2160 3435 2258 3471; x_wconf 89' lang='grc'>113110</span> <span class='ocrx_word' id='word_1_760' title='bbox 2277 3432 2376 3469; x_wconf 87' lang='lat' dir='ltr'><strong>viam</strong></span> <span class='ocrx_word' id='word_1_761' title='bbox 2407 3441 2428 3468; x_wconf 90' lang='lat' dir='ltr'><strong>a</strong></span> <span class='ocrx_word' id='word_1_762' title='bbox 2446 3431 2572 3469; x_wconf 86' lang='lat' dir='ltr'><strong>novis-</strong></span> 
     </span>
     <span class='ocr_line' id='line_1_79' title="bbox 29 3486 2573 3544; baseline -0.004 -12"><span class='ocrx_word' id='word_1_763' title='bbox 29 3495 123 3532; x_wconf 83' lang='lat' dir='ltr'><strong>simo</strong></span> <span class='ocrx_word' id='word_1_764' title='bbox 157 3493 298 3531; x_wconf 83' lang='lat' dir='ltr'><strong>editore</strong></span> <span class='ocrx_word' id='word_1_765' title='bbox 344 3495 489 3542; x_wconf 89' lang='lat' dir='ltr'><strong>(Gailio</strong></span> <span class='ocrx_word' id='word_1_766' title='bbox 518 3508 570 3535; x_wconf 87' lang='lat' dir='ltr'><strong>sc.</strong></span> <span class='ocrx_word' id='word_1_767' title='bbox 590 3498 603 3544; x_wconf 88' lang='lat'>)</span> <span class='ocrx_word' id='word_1_768' title='bbox 627 3497 759 3533; x_wconf 88' lang='lat' dir='ltr'><strong>initam</strong></span> <span class='ocrx_word' id='word_1_769' title='bbox 791 3495 946 3533; x_wconf 89' lang='lat' dir='ltr'><strong>omnino</strong></span> <span class='ocrx_word' id='word_1_770' title='bbox 976 3494 1138 3532; x_wconf 88' lang='lat' dir='ltr'><strong>deserui.</strong></span> <span class='ocrx_word' id='word_1_771' title='bbox 1167 3494 1239 3532; x_wconf 87' lang='lat' dir='ltr'><strong>Sed</strong></span> <span class='ocrx_word' id='word_1_772' title='bbox 1268 3498 1326 3533; x_wconf 88' lang='lat' dir='ltr'><strong>est</strong></span> <span class='ocrx_word' id='word_1_773' title='bbox 1352 3497 1513 3544; x_wconf 81' lang='lat' dir='ltr'><strong>scriptus</strong></span> <span class='ocrx_word' id='word_1_774' title='bbox 1535 3495 1595 3532; x_wconf 84' lang='grc'>1110</span> <span class='ocrx_word' id='word_1_775' title='bbox 1626 3493 1717 3531; x_wconf 90' lang='lat' dir='ltr'><strong>liber</strong></span> <span class='ocrx_word' id='word_1_776' title='bbox 1756 3492 1804 3530; x_wconf 86' lang='lat' dir='ltr'><strong>ab</strong></span> <span class='ocrx_word' id='word_1_777' title='bbox 1836 3491 1987 3529; x_wconf 86' lang='lat' dir='ltr'><strong>homine</strong></span> <span class='ocrx_word' id='word_1_778' title='bbox 2015 3490 2115 3535; x_wconf 88' lang='lat' dir='ltr'><strong>rudi,</strong></span> <span class='ocrx_word' id='word_1_779' title='bbox 2136 3490 2174 3527; x_wconf 88' lang='lat' dir='ltr'><strong>in</strong></span> <span class='ocrx_word' id='word_1_780' title='bbox 2198 3486 2397 3527; x_wconf 89' lang='lat' dir='ltr'><strong>scribendo</strong></span> <span class='ocrx_word' id='word_1_781' title='bbox 2421 3486 2573 3524; x_wconf 86' lang='lat' dir='ltr'><strong>minime</strong></span> 
     </span>
     <span class='ocr_line' id='line_1_80' title="bbox 0 3543 2573 3600; baseline -0.005 -10"><span class='ocrx_word' id='word_1_782' title='bbox 0 3551 1 3600; x_wconf 70' lang='lat'>3</span> <span class='ocrx_word' id='word_1_783' title='bbox 30 3550 252 3596; x_wconf 86' lang='lat' dir='ltr'><strong>exercitato,</strong></span> <span class='ocrx_word' id='word_1_784' title='bbox 273 3550 336 3598; x_wconf 91' lang='lat' dir='ltr'><strong>qui</strong></span> <span class='ocrx_word' id='word_1_785' title='bbox 355 3551 433 3588; x_wconf 86' lang='lat' dir='ltr'><strong>loca</strong></span> <span class='ocrx_word' id='word_1_786' title='bbox 451 3552 489 3590; x_wconf 92' lang='lat' dir='ltr'><strong>in</strong></span> <span class='ocrx_word' id='word_1_787' title='bbox 510 3553 682 3591; x_wconf 89' lang='lat' dir='ltr'><strong>litoribus</strong></span> <span class='ocrx_word' id='word_1_788' title='bbox 699 3553 811 3590; x_wconf 89' lang='lat' dir='ltr'><strong>obvia</strong></span> <span class='ocrx_word' id='word_1_789' title='bbox 825 3552 956 3590; x_wconf 86' lang='lat' dir='ltr'><strong>ordine</strong></span> <span class='ocrx_word' id='word_1_790' title='bbox 974 3550 1159 3590; x_wconf 87' lang='lat' dir='ltr'><strong>recensuit</strong></span> <span class='ocrx_word' id='word_1_791' title='bbox 1174 3550 1215 3587; x_wconf 89' lang='lat' dir='ltr'><strong>ut</strong></span> <span class='ocrx_word' id='word_1_792' title='bbox 1231 3551 1300 3599; x_wconf 90' lang='lat' dir='ltr'><strong>ipsi</strong></span> <span class='ocrx_word' id='word_1_793' title='bbox 1321 3554 1411 3589; x_wconf 89' lang='lat' dir='ltr'><strong>nota</strong></span> <span class='ocrx_word' id='word_1_794' title='bbox 1431 3555 1536 3589; x_wconf 86' lang='lat' dir='ltr'><strong>erant</strong></span> <span class='ocrx_word' id='word_1_795' title='bbox 1555 3553 1593 3589; x_wconf 87' lang='lat' dir='ltr'><strong>et</strong></span> <span class='ocrx_word' id='word_1_796' title='bbox 1612 3552 1656 3587; x_wconf 90' lang='lat' dir='ltr'><strong>ut</strong></span> <span class='ocrx_word' id='word_1_797' title='bbox 1669 3548 1844 3586; x_wconf 81' lang='lat' dir='ltr'><strong>facillime</strong></span> <span class='ocrx_word' id='word_1_798' title='bbox 1863 3546 2148 3591; x_wconf 88' lang='lat' dir='ltr'><strong>enarrabantur,</strong></span> <span class='ocrx_word' id='word_1_799' title='bbox 2171 3544 2276 3581; x_wconf 87' lang='lat' dir='ltr'><strong>nulla</strong></span> <span class='ocrx_word' id='word_1_800' title='bbox 2291 3543 2445 3579; x_wconf 86' lang='lat' dir='ltr'><strong>omnino</strong></span> <span class='ocrx_word' id='word_1_801' title='bbox 2461 3552 2573 3590; x_wconf 87' lang='lat' dir='ltr'><strong>opera</strong></span> 
     </span>
     <span class='ocr_line' id='line_1_81' title="bbox 0 3598 2571 3657; baseline -0.005 -11"><span class='ocrx_word' id='word_1_802' title='bbox 0 3604 1 3657; x_wconf 55' lang='grc' dir='ltr'>ᾖ</span> <span class='ocrx_word' id='word_1_803' title='bbox 31 3607 215 3646; x_wconf 85' lang='lat' dir='ltr'><strong>adhibita.</strong></span> <span class='ocrx_word' id='word_1_804' title='bbox 238 3608 370 3654; x_wconf 88' lang='lat' dir='ltr'><strong>ltaque</strong></span> <span class='ocrx_word' id='word_1_805' title='bbox 391 3608 511 3646; x_wconf 86' lang='lat' dir='ltr'><strong>oratio</strong></span> <span class='ocrx_word' id='word_1_806' title='bbox 534 3613 590 3647; x_wconf 87' lang='lat' dir='ltr'><strong>est</strong></span> <span class='ocrx_word' id='word_1_807' title='bbox 605 3610 769 3657; x_wconf 83' lang='lat' dir='ltr'><strong>vulgaris</strong></span> <span class='ocrx_word' id='word_1_808' title='bbox 787 3612 1003 3655; x_wconf 88' lang='lat' dir='ltr'><strong>nautarum,</strong></span> <span class='ocrx_word' id='word_1_809' title='bbox 1025 3610 1081 3646; x_wconf 90' lang='lat' dir='ltr'><strong>est</strong></span> <span class='ocrx_word' id='word_1_810' title='bbox 1104 3607 1224 3645; x_wconf 88' lang='lat' dir='ltr'><strong>oratio</strong></span> <span class='ocrx_word' id='word_1_811' title='bbox 1255 3607 1417 3646; x_wconf 87' lang='lat' dir='ltr'><strong>hominis</strong></span> <span class='ocrx_word' id='word_1_812' title='bbox 1439 3606 1603 3652; x_wconf 88' lang='lat' dir='ltr'><strong>barbari,</strong></span> <span class='ocrx_word' id='word_1_813' title='bbox 1624 3605 1688 3653; x_wconf 88' lang='lat' dir='ltr'><strong>qui</strong></span> <span class='ocrx_word' id='word_1_814' title='bbox 1709 3614 1829 3651; x_wconf 84' lang='lat' dir='ltr'><strong>graece</strong></span> <span class='ocrx_word' id='word_1_815' title='bbox 1851 3602 2003 3647; x_wconf 86' lang='lat' dir='ltr'><strong>sciebat,</strong></span> <span class='ocrx_word' id='word_1_816' title='bbox 2023 3600 2087 3639; x_wconf 86' lang='lat' dir='ltr'><strong>sed</strong></span> <span class='ocrx_word' id='word_1_817' title='bbox 2109 3600 2262 3637; x_wconf 90' lang='lat' dir='ltr'><strong>minime</strong></span> <span class='ocrx_word' id='word_1_818' title='bbox 2280 3599 2480 3645; x_wconf 81' lang='lat' dir='ltr'><strong>eleganter,</strong></span> <span class='ocrx_word' id='word_1_819' title='bbox 2509 3598 2571 3644; x_wconf 82' lang='lat' dir='ltr'><strong>qui</strong></span> 
     </span>
     <span class='ocr_line' id='line_1_82' title="bbox 0 3655 2569 3713; baseline -0.005 -10"><span class='ocrx_word' id='word_1_820' title='bbox 0 3666 1 3688; x_wconf 69' lang='lat'><em>³</em></span> <span class='ocrx_word' id='word_1_821' title='bbox 32 3672 75 3702; x_wconf 88' lang='lat' dir='ltr'><strong>ea</strong></span> <span class='ocrx_word' id='word_1_822' title='bbox 91 3664 127 3702; x_wconf 92' lang='lat' dir='ltr'><strong>in</strong></span> <span class='ocrx_word' id='word_1_823' title='bbox 145 3662 344 3700; x_wconf 83' lang='lat' dir='ltr'><strong>scribendo</strong></span> <span class='ocrx_word' id='word_1_824' title='bbox 362 3672 452 3700; x_wconf 86' lang='lat' dir='ltr'><strong>usus</strong></span> <span class='ocrx_word' id='word_1_825' title='bbox 478 3667 533 3701; x_wconf 87' lang='lat' dir='ltr'><strong>est</strong></span> <span class='ocrx_word' id='word_1_826' title='bbox 545 3664 722 3711; x_wconf 89' lang='lat' dir='ltr'><strong>dialecto,</strong></span> <span class='ocrx_word' id='word_1_827' title='bbox 743 3676 829 3713; x_wconf 84' lang='lat' dir='ltr'><strong>quae</strong></span> <span class='ocrx_word' id='word_1_828' title='bbox 852 3666 933 3702; x_wconf 87' lang='lat' dir='ltr'><strong>erat</strong></span> <span class='ocrx_word' id='word_1_829' title='bbox 952 3665 1034 3712; x_wconf 76' lang='lat' dir='ltr'><strong>eius</strong></span> <span class='ocrx_word' id='word_1_830' title='bbox 1050 3663 1175 3709; x_wconf 90' lang='lat' dir='ltr'><strong>urbis,</strong></span> <span class='ocrx_word' id='word_1_831' title='bbox 1197 3663 1339 3710; x_wconf 79' lang='lat' dir='ltr'><strong>quaein</strong></span> <span class='ocrx_word' id='word_1_832' title='bbox 1363 3664 1530 3702; x_wconf 86' lang='lat' dir='ltr'><strong>maribus</strong></span> <span class='ocrx_word' id='word_1_833' title='bbox 1562 3665 1780 3701; x_wconf 80' lang='lat' dir='ltr'><strong>Graecorum</strong></span> <span class='ocrx_word' id='word_1_834' title='bbox 1809 3660 2007 3708; x_wconf 87' lang='lat' dir='ltr'><strong>imperium</strong></span> <span class='ocrx_word' id='word_1_835' title='bbox 2033 3657 2247 3703; x_wconf 86' lang='lat' dir='ltr'><strong>exercebat,</strong></span> <span class='ocrx_word' id='word_1_836' title='bbox 2267 3658 2339 3693; x_wconf 86' lang='lat' dir='ltr'><strong>etc.</strong></span> <span class='ocrx_word' id='word_1_837' title='bbox 2364 3669 2382 3686; x_wconf 89' lang='lat'>»</span> <span class='ocrx_word' id='word_1_838' title='bbox 2402 3675 2450 3685; x_wconf 90' lang='lat'><em>-</em></span> <span class='ocrx_word' id='word_1_839' title='bbox 2474 3655 2569 3690; x_wconf 87' lang='lat' dir='ltr'><strong>Cum</strong></span> 
     </span>
     <span class='ocr_line' id='line_1_83' title="bbox 0 3707 2571 3765; baseline -0.003 -5"><span class='ocrx_word' id='word_1_840' title='bbox 0 3757 1 3760; x_wconf 73' lang='grc'>,</span> <span class='ocrx_word' id='word_1_841' title='bbox 28 3718 235 3762; x_wconf 67' lang='grc' dir='ltr'>,110110ηηί0</span> <span class='ocrx_word' id='word_1_842' title='bbox 259 3719 358 3755; x_wconf 88' lang='lat' dir='ltr'><strong>recte</strong></span> <span class='ocrx_word' id='word_1_843' title='bbox 375 3718 464 3754; x_wconf 79' lang='lat' dir='ltr'><strong>facit</strong></span> <span class='ocrx_word' id='word_1_844' title='bbox 481 3719 593 3756; x_wconf 87' lang='lat' dir='ltr'><strong>etiam</strong></span> <span class='ocrx_word' id='word_1_845' title='bbox 612 3719 807 3757; x_wconf 88' lang='lat' dir='ltr'><strong>Fabricius</strong></span> <span class='ocrx_word' id='word_1_846' title='bbox 824 3721 861 3758; x_wconf 89' lang='lat' dir='ltr'><strong>in</strong></span> <span class='ocrx_word' id='word_1_847' title='bbox 878 3723 913 3759; x_wconf 94' lang='lat' dir='ltr'><em>Z</em></span> <span class='ocrx_word' id='word_1_848' title='bbox 917 3719 1120 3765; x_wconf 76' lang='lat' dir='ltr'><strong>eitschrisc</strong></span> <span class='ocrx_word' id='word_1_849' title='bbox 1130 3717 1172 3765; x_wconf 87' lang='lat' dir='ltr'><strong>f.</strong></span> <span class='ocrx_word' id='word_1_850' title='bbox 1191 3720 1495 3759; x_wconf 75' lang='lat' dir='ltr'><strong>Alterthumsw.</strong></span> <span class='ocrx_word' id='word_1_851' title='bbox 1516 3721 1609 3758; x_wconf 85' lang='grc'>1844</span> <span class='ocrx_word' id='word_1_852' title='bbox 1626 3719 1670 3756; x_wconf 84' lang='grc' dir='ltr'><strong>Ν.</strong></span> <span class='ocrx_word' id='word_1_853' title='bbox 1694 3720 1776 3764; x_wconf 90' lang='grc'>137,</span> <span class='ocrx_word' id='word_1_854' title='bbox 1795 3718 1838 3754; x_wconf 90' lang='lat' dir='ltr'><strong>ut</strong></span> <span class='ocrx_word' id='word_1_855' title='bbox 1857 3715 1959 3753; x_wconf 86' lang='lat' dir='ltr'><strong>disco</strong></span> <span class='ocrx_word' id='word_1_856' title='bbox 1978 3725 2025 3753; x_wconf 87' lang='lat' dir='ltr'><strong>ex</strong></span> <span class='ocrx_word' id='word_1_857' title='bbox 2042 3715 2334 3753; x_wconf 85' lang='lat' dir='ltr'><strong>Westermanno</strong></span> <span class='ocrx_word' id='word_1_858' title='bbox 2353 3710 2391 3748; x_wconf 90' lang='lat' dir='ltr'><strong>in</strong></span> <span class='ocrx_word' id='word_1_859' title='bbox 2407 3707 2571 3753; x_wconf 67' lang='lat' dir='ltr'><strong>Pauly&#39;s</strong></span> 
     </span>
     <span class='ocr_line' id='line_1_84' title="bbox 0 3773 872 3821; baseline 0.006 -13"><span class='ocrx_word' id='word_1_860' title='bbox 0 3797 1 3808; x_wconf 57' lang='lat'>2</span> <span class='ocrx_word' id='word_1_861' title='bbox 39 3774 282 3821; x_wconf 71' lang='lat' dir='ltr'><strong>Realencycl.</strong></span> <span class='ocrx_word' id='word_1_862' title='bbox 304 3784 339 3810; x_wconf 94' lang='lat' dir='ltr'><strong>v.</strong></span> <span class='ocrx_word' id='word_1_863' title='bbox 360 3773 512 3821; x_wconf 78' lang='lat' dir='ltr'><strong>Scylax</strong></span> <span class='ocrx_word' id='word_1_864' title='bbox 538 3775 566 3810; x_wconf 85' lang='lat' dir='ltr'><strong>t.</strong></span> <span class='ocrx_word' id='word_1_865' title='bbox 586 3776 654 3820; x_wconf 87' lang='lat' dir='ltr'><strong>Vl,</strong></span> <span class='ocrx_word' id='word_1_866' title='bbox 681 3778 693 3810; x_wconf 83' lang='lat'>1</span> <span class='ocrx_word' id='word_1_867' title='bbox 724 3785 759 3821; x_wconf 82' lang='lat' dir='ltr'><strong>p.</strong></span> <span class='ocrx_word' id='word_1_868' title='bbox 787 3779 872 3813; x_wconf 87' lang='lat'><strong>892.</strong></span> 
     </span>
     <span class='ocr_line' id='line_1_85' title="bbox 0 3822 2568 3882; baseline -0.007 -13"><span class='ocrx_word' id='word_1_869' title='bbox 0 3878 1 3882; x_wconf 10' lang='grc' dir='ltr'><strong>Ἰ</strong></span> <span class='ocrx_word' id='word_1_870' title='bbox 86 3828 178 3877; x_wconf 86' lang='lat'><strong>(***)</strong></span> <span class='ocrx_word' id='word_1_871' title='bbox 206 3831 249 3867; x_wconf 91' lang='grc'><strong>111</strong></span> <span class='ocrx_word' id='word_1_872' title='bbox 263 3832 390 3866; x_wconf 88' lang='lat' dir='ltr'><strong>annot.</strong></span> <span class='ocrx_word' id='word_1_873' title='bbox 406 3827 453 3865; x_wconf 91' lang='lat' dir='ltr'><strong>ad</strong></span> <span class='ocrx_word' id='word_1_874' title='bbox 469 3840 504 3875; x_wconf 86' lang='lat' dir='ltr'><strong>p.</strong></span> <span class='ocrx_word' id='word_1_875' title='bbox 524 3833 568 3866; x_wconf 81' lang='lat'><strong>55</strong></span> <span class='ocrx_word' id='word_1_876' title='bbox 591 3828 768 3875; x_wconf 84' lang='lat' dir='ltr'><strong>putabam</strong></span> <span class='ocrx_word' id='word_1_877' title='bbox 785 3841 863 3868; x_wconf 86' lang='lat' dir='ltr'><strong>rem</strong></span> <span class='ocrx_word' id='word_1_878' title='bbox 880 3831 1065 3879; x_wconf 87' lang='lat' dir='ltr'><strong>pertinere</strong></span> <span class='ocrx_word' id='word_1_879' title='bbox 1084 3830 1132 3868; x_wconf 91' lang='lat' dir='ltr'><strong>ad</strong></span> <span class='ocrx_word' id='word_1_880' title='bbox 1148 3830 1241 3867; x_wconf 91' lang='lat' dir='ltr'><strong>illud</strong></span> <span class='ocrx_word' id='word_1_881' title='bbox 1258 3833 1406 3880; x_wconf 87' lang='lat' dir='ltr'><strong>tempus</strong></span> <span class='ocrx_word' id='word_1_882' title='bbox 1422 3842 1497 3881; x_wconf 89' lang='lat' dir='ltr'><strong>quo</strong></span> <span class='ocrx_word' id='word_1_883' title='bbox 1513 3830 1704 3878; x_wconf 77' lang='lat' dir='ltr'><strong>Philippos</strong></span> <span class='ocrx_word' id='word_1_884' title='bbox 1725 3828 1919 3875; x_wconf 85' lang='lat' dir='ltr'><strong>Philippus</strong></span> <span class='ocrx_word' id='word_1_885' title='bbox 1945 3825 2111 3863; x_wconf 87' lang='lat' dir='ltr'><strong>condidit</strong></span> <span class='ocrx_word' id='word_1_886' title='bbox 2132 3825 2220 3872; x_wconf 91' lang='lat' dir='ltr'><strong>(Ol.</strong></span> <span class='ocrx_word' id='word_1_887' title='bbox 2252 3827 2333 3866; x_wconf 87' lang='lat'><strong>105,</strong></span> <span class='ocrx_word' id='word_1_888' title='bbox 2352 3825 2385 3858; x_wconf 90' lang='lat'><strong>3.</strong></span> <span class='ocrx_word' id='word_1_889' title='bbox 2408 3822 2477 3856; x_wconf 75' lang='grc'><strong>358</strong></span> <span class='ocrx_word' id='word_1_890' title='bbox 2497 3826 2568 3853; x_wconf 87' lang='grc'>500.</span> 
     </span>
     <span class='ocr_line' id='line_1_86' title="bbox 0 3870 2569 3936; baseline -0 -15"><span class='ocrx_word' id='word_1_891' title='bbox 0 3886 13 3895; x_wconf 82' lang='grc'><strong>”</strong></span> <span class='ocrx_word' id='word_1_892' title='bbox 37 3884 189 3922; x_wconf 87' lang='lat' dir='ltr'><strong>Diodor.</strong></span> <span class='ocrx_word' id='word_1_893' title='bbox 217 3886 320 3931; x_wconf 87' lang='lat' dir='ltr'><strong>XVI,</strong></span> <span class='ocrx_word' id='word_1_894' title='bbox 347 3888 381 3931; x_wconf 90' lang='lat'><strong>8,</strong></span> <span class='ocrx_word' id='word_1_895' title='bbox 403 3883 454 3931; x_wconf 90' lang='lat'><strong>6)</strong></span> <span class='ocrx_word' id='word_1_896' title='bbox 469 3896 481 3930; x_wconf 71' lang='grc' dir='ltr'><strong><em>ς</em></strong></span> <span class='ocrx_word' id='word_1_897' title='bbox 500 3882 565 3921; x_wconf 87' lang='lat' dir='ltr'><strong>sed</strong></span> <span class='ocrx_word' id='word_1_898' title='bbox 590 3884 760 3930; x_wconf 87' lang='lat' dir='ltr'><strong>ponenda</strong></span> <span class='ocrx_word' id='word_1_899' title='bbox 786 3887 910 3932; x_wconf 85' lang='lat' dir='ltr'><strong>potius</strong></span> <span class='ocrx_word' id='word_1_900' title='bbox 933 3887 969 3924; x_wconf 91' lang='lat' dir='ltr'><strong>in</strong></span> <span class='ocrx_word' id='word_1_901' title='bbox 996 3887 1054 3924; x_wconf 93' lang='lat' dir='ltr'><strong>Ol.</strong></span> <span class='ocrx_word' id='word_1_902' title='bbox 1082 3891 1161 3931; x_wconf 84' lang='lat'><strong>105,</strong></span> <span class='ocrx_word' id='word_1_903' title='bbox 1191 3891 1223 3924; x_wconf 91' lang='lat'><strong>1.</strong></span> <span class='ocrx_word' id='word_1_904' title='bbox 1248 3894 1335 3935; x_wconf 74' lang='grc'>360,</span> <span class='ocrx_word' id='word_1_905' title='bbox 1360 3890 1403 3926; x_wconf 88' lang='lat' dir='ltr'><strong>ut</strong></span> <span class='ocrx_word' id='word_1_906' title='bbox 1430 3898 1451 3925; x_wconf 92' lang='lat' dir='ltr'><strong>e</strong></span> <span class='ocrx_word' id='word_1_907' title='bbox 1475 3885 1619 3924; x_wconf 87' lang='lat' dir='ltr'><strong>collatis</strong></span> <span class='ocrx_word' id='word_1_908' title='bbox 1642 3883 1795 3922; x_wconf 89' lang='lat' dir='ltr'><strong>Zenobii</strong></span> <span class='ocrx_word' id='word_1_909' title='bbox 1820 3885 1856 3920; x_wconf 93' lang='lat' dir='ltr'><strong>et</strong></span> <span class='ocrx_word' id='word_1_910' title='bbox 1878 3881 2029 3919; x_wconf 88' lang='lat' dir='ltr'><strong>Diodori</strong></span> <span class='ocrx_word' id='word_1_911' title='bbox 2054 3882 2091 3917; x_wconf 90' lang='lat' dir='ltr'><strong>et</strong></span> <span class='ocrx_word' id='word_1_912' title='bbox 2114 3877 2307 3925; x_wconf 83' lang='lat' dir='ltr'><strong>Hyperidis</strong></span> <span class='ocrx_word' id='word_1_913' title='bbox 2329 3874 2414 3911; x_wconf 87' lang='lat' dir='ltr'><strong>locis</strong></span> <span class='ocrx_word' id='word_1_914' title='bbox 2435 3870 2569 3936; x_wconf 64' lang='lat' dir='ltr'>PFPha·</span> 
     </span>
     <span class='ocr_line' id='line_1_87' title="bbox 0 3928 2567 3992; baseline -0.005 -14"><span class='ocrx_word' id='word_1_915' title='bbox 0 3953 1 3982; x_wconf 64' lang='lat'>}</span> <span class='ocrx_word' id='word_1_916' title='bbox 38 3939 112 3978; x_wconf 87' lang='lat' dir='ltr'><strong>bile</strong></span> <span class='ocrx_word' id='word_1_917' title='bbox 132 3940 186 3978; x_wconf 85' lang='lat' dir='ltr'><strong>fit.</strong></span> <span class='ocrx_word' id='word_1_918' title='bbox 205 3942 299 3978; x_wconf 83' lang='lat' dir='ltr'><strong>Nam</strong></span> <span class='ocrx_word' id='word_1_919' title='bbox 319 3940 506 3978; x_wconf 82' lang='lat' dir='ltr'><strong>zenobius</strong></span> <span class='ocrx_word' id='word_1_920' title='bbox 530 3941 597 3986; x_wconf 89' lang='lat' dir='ltr'><strong>1v,</strong></span> <span class='ocrx_word' id='word_1_921' title='bbox 616 3941 662 3978; x_wconf 82' lang='lat'><strong>34</strong></span> <span class='ocrx_word' id='word_1_922' title='bbox 679 3951 688 3977; x_wconf 88' lang='lat'>:</span> <span class='ocrx_word' id='word_1_923' title='bbox 709 3941 979 3991; x_wconf 79' lang='grc' dir='ltr'>Καλλίστρατος</span> <span class='ocrx_word' id='word_1_924' title='bbox 1012 3945 1031 3980; x_wconf 84' lang='grc' dir='ltr'><strong>ὁ</strong></span> <span class='ocrx_word' id='word_1_925' title='bbox 1051 3944 1169 3992; x_wconf 84' lang='grc' dir='ltr'>ῥήτωρ</span> <span class='ocrx_word' id='word_1_926' title='bbox 1193 3942 1361 3983; x_wconf 83' lang='grc' dir='ltr'>ἐκπεσὼν</span> <span class='ocrx_word' id='word_1_927' title='bbox 1392 3943 1580 3988; x_wconf 75' lang='grc' dir='ltr'>Ἀθήνηθεν</span> <span class='ocrx_word' id='word_1_928' title='bbox 1609 3941 1732 3978; x_wconf 81' lang='grc' dir='ltr'>ἔπεισε</span> <span class='ocrx_word' id='word_1_929' title='bbox 1751 3939 1836 3980; x_wconf 79' lang='grc' dir='ltr'>τοὺς</span> <span class='ocrx_word' id='word_1_930' title='bbox 1864 3936 2024 3978; x_wconf 86' lang='grc' dir='ltr'>Θασίους</span> <span class='ocrx_word' id='word_1_931' title='bbox 2043 3936 2107 3979; x_wconf 85' lang='grc' dir='ltr'><strong>τήν</strong></span> <span class='ocrx_word' id='word_1_932' title='bbox 2126 3932 2316 3979; x_wconf 82' lang='grc' dir='ltr'>ἀντιπέραν</span> <span class='ocrx_word' id='word_1_933' title='bbox 2331 3931 2397 3976; x_wconf 89' lang='grc' dir='ltr'><strong>γῆν</strong></span> <span class='ocrx_word' id='word_1_934' title='bbox 2417 3928 2567 3962; x_wconf 74' lang='grc' dir='ltr'>οἶκισαι.</span> 
     </span>
     <span class='ocr_line' id='line_1_88' title="bbox 0 3979 2570 4051; baseline -0.001 -19"><span class='ocrx_word' id='word_1_935' title='bbox 0 4000 1 4031; x_wconf 77' lang='lat' dir='ltr'><strong>j</strong></span> <span class='ocrx_word' id='word_1_936' title='bbox 40 3993 224 4033; x_wconf 81' lang='lat' dir='ltr'><strong>Diodorus</strong></span> <span class='ocrx_word' id='word_1_937' title='bbox 246 4006 336 4033; x_wconf 86' lang='lat' dir='ltr'><strong>vero</strong></span> <span class='ocrx_word' id='word_1_938' title='bbox 354 3997 455 4043; x_wconf 85' lang='lat' dir='ltr'><strong>XVI,</strong></span> <span class='ocrx_word' id='word_1_939' title='bbox 483 3999 518 4042; x_wconf 91' lang='grc'><strong>3,</strong></span> <span class='ocrx_word' id='word_1_940' title='bbox 539 3999 559 4034; x_wconf 95' lang='grc'>7</span> <span class='ocrx_word' id='word_1_941' title='bbox 578 3994 625 4032; x_wconf 82' lang='lat' dir='ltr'><strong>ad</strong></span> <span class='ocrx_word' id='word_1_942' title='bbox 645 3995 704 4033; x_wconf 90' lang='grc'><strong>01.</strong></span> <span class='ocrx_word' id='word_1_943' title='bbox 739 3999 821 4043; x_wconf 79' lang='grc'>105,</span> <span class='ocrx_word' id='word_1_944' title='bbox 845 4003 857 4034; x_wconf 89' lang='grc'><strong>1</strong></span> <span class='ocrx_word' id='word_1_945' title='bbox 882 4008 893 4034; x_wconf 92' lang='grc'><strong>·.</strong></span> <span class='ocrx_word' id='word_1_946' title='bbox 922 3998 999 4047; x_wconf 82' lang='grc' dir='ltr'><strong>ἅμα</strong></span> <span class='ocrx_word' id='word_1_947' title='bbox 1014 3999 1051 4036; x_wconf 83' lang='grc' dir='ltr'><strong>δὲ</strong></span> <span class='ocrx_word' id='word_1_948' title='bbox 1071 4001 1210 4045; x_wconf 78' lang='grc' dir='ltr'>τούτοις</span> <span class='ocrx_word' id='word_1_949' title='bbox 1226 4001 1487 4051; x_wconf 73' lang='grc' dir='ltr'>πραττομένοις</span> <span class='ocrx_word' id='word_1_950' title='bbox 1515 3998 1646 4037; x_wconf 65' lang='grc' dir='ltr'>Θάσιοι</span> <span class='ocrx_word' id='word_1_951' title='bbox 1670 3996 1732 4045; x_wconf 83' lang='grc' dir='ltr'><strong>μὲν</strong></span> <span class='ocrx_word' id='word_1_952' title='bbox 1762 3994 1903 4043; x_wconf 79' lang='grc' dir='ltr'>ᾤκισαν</span> <span class='ocrx_word' id='word_1_953' title='bbox 1928 3993 1991 4034; x_wconf 79' lang='grc' dir='ltr'><strong>τὰς</strong></span> <span class='ocrx_word' id='word_1_954' title='bbox 2014 3989 2291 4037; x_wconf 63' lang='grc' dir='ltr'>ὠνομαζομένας</span> <span class='ocrx_word' id='word_1_955' title='bbox 2317 3981 2511 4031; x_wconf 59' lang='grc' dir='ltr'><strong>Κρηνίδας»</strong></span> <span class='ocrx_word' id='word_1_956' title='bbox 2528 3979 2570 4023; x_wconf 70' lang='grc' dir='ltr'><strong>ἃῧ</strong></span> 
     </span>
    </p>
   </div>
   <div class='ocr_carea' id='block_1_9' title="bbox 0 2083 4 3146">
    <p class='ocr_par' dir='ltr' id='par_1_14' title="bbox 0 2083 4 3146">
     <span class='ocr_line' id='line_1_89' title="bbox 0 2083 4 3146; baseline 0 0"><span class='ocrx_word' id='word_1_957' title='bbox 0 2083 4 3146; x_wconf 95' lang='lat' dir='ltr'><strong> </strong></span> 
     </span>
    </p>
   </div>
  </div>
 </body>
</html>
