2808 4342
900 161 1278 210 STADIASMUS
1311 163 1508 210 MARIS
1545 164 1720 211 MAGN
1727 165 1763 210 1.

123 283 158 313 6.
195 266 294 314 Ἀπὸ
317 268 386 311 τοῦ
404 262 531 324 Χιμὼ
554 261 623 308 ἐπὶ
645 262 713 309 τὸν
736 264 923 310 Γλαῦκον
945 264 1102 312 στάδιοι
1124 266 1182 314 π’.

124 353 159 385 7.
198 333 296 382 Ἀπὸ
328 336 399 379 τοῦ
422 332 613 380 Γλαύκου
637 334 692 384 εἷς
721 331 933 396 Ἀντίφρας
950 359 1014 369 -
1037 334 1160 388 σάλος
1182 335 1290 382 ἐστὶν

60 406 81 449 ὁ
99 403 219 456 τ’όπος
238 429 301 438 -
320 401 476 447 στάδιοι
497 401 559 449 π’.

121 489 156 518 8.
195 471 294 517 Ἀπὸ
317 472 396 515 τῶν
422 469 642 533 Ἀντιφρῶν
665 469 829 526 ἐπὶ.τὴν
852 470 1012 534 Δέρραν
1033 500 1093 506 -—
1113 471 1292 536 ὅφορμός

15 561 34 591 5
60 541 143 600 ἔστι
160 538 333 601 θερινὸς,
352 538 422 584 καὶ
447 538 556 601 ὕδωρ
577 538 663 600 ἔχει
682 566 745 575 —
765 539 921 585 στάδιοι
944 540 995 593 ζ’.

2508 185 2590 226 431

1420 277 1459 314 6.
1493 275 1530 315 Α
1548 274 1698 315 Chimo
1717 273 1770 315 ad
1788 274 1992 316 Glaucum
2014 275 2145 317 stadia
2165 278 2230 319 80.

1419 355 1459 394 7.
1493 343 1527 382 Α
1557 341 1786 383 Glauco-ad
1810 343 2099 398 Antiphras—
2115 344 2245 386 salum
2283 359 2381 388 ocus
2404 348 2527 391 habet
2545 376 2600 383 —

1362 407 1494 449 stadia
1523 410 1590 451 80.

1418 477 1458 516 8.
1493 476 1558 517 Ab
1579 477 1794 532 Antiphris
1810 477 1865 518 'ad
1896 480 2072 519 Derram
2095 479 2111 532 (
2127 479 2185 520 al.
2208 482 2359 522 Derrin
2377 484 2391 536 )
2410 507 2465 514 —
2482 489 2600 529 statio

1362 544 1502 586 subest
1519 547 1679 595 aestiva,
1702 554 1743 587 et
1762 561 1911 602 aquam
1929 547 2044 588 locus
2068 547 2190 597 habet
2209 573 2264 580 -—
2283 550 2413 592 stadia
2433 567 2486 606 90
2506 555 2598 610 (W)-

75 654 2590 679 Ἣ

58 710 400 759 Μεᾱίίενναηεαη,
414 706 637 764 published
653 715 700 746 at
715 707 781 747 the
799 707 1161 764 Hydrograplzical
1179 711 1295 766 office

18 763 24 768 '
55 774 112 826 of
126 774 191 814 the
219 772 472 825 Admiralty.
505 768 640 811 Lond.
668 770 789 823 1839.
816 773 953 825 Rupes
981 772 1066 812 illas
1093 788 1292 828 aquarum

56 835 316 891 superficiem
334 835 576 887 attingentes
595 840 739 878 auctor
767 842 907 874 noster
923 843 1041 875 vocat
1062 836 1187 891 βράχη
1217 836 1294 878 ἐπι-

49 898 284 952 φαινόμενα,
306 897 448 948 sicut§
469 896 519 949 37
539 895 664 935 habes
686 895 811 950 βράχη
836 895 961 951 ὒψηλά
983 904 1023 937 et
1042 899 1063 949 ς
1096 897 1146 951 57
1166 898 1289 952 βράχη

59 961 241 1016 μετέωρα.
268 961 462 1000 Ceterum
482 972 614 1012 usque
628 957 681 998 ad
697 958 847 998 Chimo
871 959 1007 999 vicum
1026 959 1136 1014 apud
1156 961 1290 1002 Ptole-

55 1037 205 1064 maeum
222 1022 403 1078 pertinet
427 1020 450 1072 ἣ
473 1023 540 1062 τοῦ
561 1021 772 1075 Μαρεώτου
793 1024 914 1076 νομοῦ
934 1021 1133 1076 παράλιος.

109 1088 131 1138 S
163 1090 202 1128 6.
226 1084 254 1125 Γ
265 1083 292 1124 λ
304 1087 356 1123 αὖ
369 1099 391 1124 κ
404 1099 424 1123 ο
438 1098 456 1123 ν
473 1084 487 1138 ]
503 1082 746 1124 Ptolemaeus
764 1091 967 1123 memorat
983 1082 1157 1125 Γλαῦκον
1174 1084 1289 1139 ἄκρον

51 1149 71 1199 <
88 1146 201 1201 quod
235 1154 380 1187 contra
415 1153 514 1185 vett.
542 1152 796 1199 praeceptum
832 1145 876 1184 in
908 1145 1080 1186 Γλαυκὸν
1117 1148 1291 1187 mutavit

50 1210 261 1262 Wilberg.
290 1210 346 1248 V.
385 1207 573 1248 Eustath.
606 1221 649 1261 p.
672 1210 768 1259 906,
788 1208 870 1261 42)
897 1215 937 1247 et
961 1207 1012 1247 ab
1030 1222 1079 1248 eo
1094 1222 1290 1262 promon-

53 1273 159 1313 torio
174 1285 364 1311 occasum
388 1284 528 1310 versus
550 1270 593 1309 in
613 1268 921 1309 mediterraneis
941 1269 1114 1310 Γλαῦκον
1133 1270 1286 1321 locum,

50 1337 118 1376 cui
142 1337 184 1375 in
206 1349 278 1376 ora
296 1331 518 1387 respondet
533 1332 577 1372 in
589 1330 736 1372 eodem
750 1330 1018 1384 longitudinis
1040 1332 1170 1386 gradu
1190 1334 1289 1373 situs

52 1398 261 1444 Αεύκασπις
282 1396 399 1450 λιμήν
427 1394 440 1449 (
462 1414 479 1429 α
502 1395 660 1448 Depuis
683 1393 866 1434 Abousir
886 1392 1114 1448 jusqu’a-la
1137 1395 1290 1449 grande

53 1459 230 1499 Akahcdae
245 1458 281 1498 le
293 1458 429 1509 rivage
443 1463 483 1496 et
494 1455 531 1495 le
548 1455 641 1509 plus
657 1463 832 1495 souvent
844 1454 975 1495 forme
989 1470 1063 1510 par
1079 1471 1160 1497 une
1168 1456 1290 1511 digue

50 1520 104 1561 de
122 1520 250 1561 sables
264 1516 522 1559 blanchdtres
541 1537 557 1551 ι»
575 1517 713 1557 Pacho
722 1532 765 1571 p.
788 1531 836 1571 19
851 1516 882 1572 ).
897 1519 945 1557 In
958 1519 1115 1573 periplo
1131 1528 1287 1570 nostro,

50 1597 182 1638 quum
209 1582 378 1628 Γλαῦκος
408 1580 521 1620 locus
546 1579 776 1619 accuratius
809 1593 894 1618 non
919 1579 1154 1631 definiatur,
1185 1596 1290 1622 non-

52 1645 163 1686 nulla
181 1644 363 1685 omisisse
378 1642 512 1682 scriba
537 1639 766 1682 censendus
782 1648 857 1689 est,
879 1641 1000 1681 sicuti
1019 1643 1164 1682 ceteris
1186 1657 1290 1697 quo-

53 1721 133 1761 que
162 1707 276 1756 locis,
307 1705 380 1746 ubi
409 1704 523 1745 nuda
550 1703 721 1743 nomina
742 1703 979 1757 apposuisse
999 1704 1101 1743 ⁴satis
1127 1704 1287 1745 habuit.

50 1770 267 1811 Probabile
284 1782 382 1808 vero
404 1775 464 1807 est
479 1766 532 1807 ad
555 1766 681 1806 verba
697 1764 758 1806 ἐπὶ
779 1764 845 1805 τὸν
867 1764 1041 1805 Γλαῦκον
1064 1765 1291 1806 subintelli-

52 1825 233 1886 gendum
248 1844 334 1871 esse
349 1829 508 1883 λιμένα,
535 1827 638 1868 adeo
657 1835 705 1867 ut
730 1835 914 1881 portum,
936 1840 1060 1881 quem
1078 1827 1290 1869 Λεύκασπιν

50 1894 291 1935 Ptolemaeus
317 1905 413 1931 cum
443 1888 644 1930 Strabone
676 1887 792 1938 dicit,
824 1889 973 1928 Noster
1002 1890 1291 1942 cognominem

50 1956 191 1997 fecerit
205 1956 296 1996 vico
311 1953 374 1994 vel
385 1950 540 2008 oppido
557 1950 873 1991 mediterraneo.
891 1951 1128 2005 Utrumque
1138 1966 1291 1993 nomen

50 2018 102 2059 de
114 2017 259 2059 eodem
275 2017 365 2057 loco
377 2015 567 2069 usurpari
580 2021 754 2068 poterat,
770 2027 899 2067 quum
915 2012 1083 2068 γλαυκὸς
1094 2014 1293 2068 significet

50 2081 256 2128 ὓπόλευκος
282 2079 338 2135 (ν.
360 2080 498 2133 Etym.
515 2079 575 2117 M.
594 2091 636 2131 p.
656 2076 754 2126 233,
774 2089 842 2126 20,
862 2076 955 2117 coll.
976 2077 1166 2117 Eustath.
1186 2078 1228 2118 in
1240 2078 1288 2118 Il.

49 2158 92 2198 p.
127 2146 219 2192 116,
242 2156 257 2181 1
271 2155 287 2180 1
308 2143 339 2195 ).
359 2139 485 2192 Quod
503 2138 746 2180 Ptolemaeus
766 2138 981 2192 distinguit
998 2139 1106 2179 inter
1123 2148 1291 2194 portum

51 2203 303 2259 Leucaspida
320 2212 360 2243 et
378 2202 581 2243 Glaucum
607 2201 746 2253 vicum
768 2200 1114 2240 mediterraneum
1130 2231 1141 2250 ,
1163 2201 1206 2241 id
1226 2217 1294 2243 ne·

49 2269 134 2309 scio
151 2281 203 2307 an
222 2278 438 2321 perperam
457 2263 542 2304 fiat.
563 2264 729 2302 Etenim
752 2262 914 2316 Libycae
930 2277 1012 2302 01·ae
1032 2263 1291 2318 regionisque

48 2332 86 2372 ei
119 2330 318 2385 proximae
346 2326 568 2381 descriptio
601 2325 864 2365 vehementer
885 2323 995 2379 apud
1024 2324 1288 2367 Ptolemaeum

50 2390 220 2431 laborat.
242 2391 385 2444 Neque
400 2387 582 2443 expediri
603 2395 777 2442 possunt
789 2385 1098 2441 impedimenta,
1119 2387 1197 2427 nisi
1213 2396 1290 2428 sta-

49 2462 138 2494 tuas
157 2452 393 2494 adhibuisse
410 2459 622 2492 auctorem
636 2450 787 2504 partim
807 2449 985 2504 periplos
1000 2450 1150 2504 partim
1171 2450 1290 2491 itine-

49 2517 177 2566 raria3
195 2516 270 2556 hos
290 2523 427 2555 autem
448 2512 596 2562 fontes,
619 2526 749 2566 quum
772 2510 915 2551 eadem
944 2525 1049 2565 saepe
1071 2511 1160 2552 loca
1177 2526 1290 2552 com·

50 2586 342 2627 memorarent,
365 2591 499 2631 neque
518 2575 569 2615 de
592 2574 832 2615 nominibus
854 2588 988 2628 neque
1007 2573 1059 2614 de
1088 2573 1291 2616 distantiis

49 2640 203 2695 ubique
228 2647 500 2680 consentanea
523 2636 756 2692 prodidisse
771 2669 782 2686 ,
805 2634 985 2690 indeque
1008 2635 1161 2676 factum
1180 2650 1287 2687 esse,

49 2710 95 2742 ut
126 2702 264 2742 tabula
296 2700 560 2753 effingeretur
588 2712 738 2753 parum
761 2697 986 2745 concinna,
1021 2698 1064 2736 in
1095 2711 1176 2751 qua
1200 2712 1290 2752 quae

47 2763 302 2818 conjunctim
316 2761 652 2819 poni-'‘debebant,
669 2759 732 2799 vel
747 2758 987 2799 nominibus
1003 2758 1066 2798 vel
1084 2757 1287 2799 distantiis

49 2841 263 2882 perperam
285 2832 584 2881 separarentur.
600 2847 656 2871 ε-
674 2823 869 2863 Ceterum
888 2820 1035 2862 Strabo
1053 2821 1160 2861 inter
1180 2823 1287 2862 Leu-

46 2890 255 2946 caspidem
287 2897 327 2930 et
362 2889 610 2943 Cynossema
642 2886 743 2926 alios
774 2884 1005 2939 complures
1027 2898 1112 2924 esse
1144 2893 1288 2939 portus

50 2951 194 3002 refert,
219 2951 332 3006 quod
353 2952 395 2990 in
418 2958 502 2990 tam
521 2949 636 2989 brevi
656 2948 787 3003 spatio
817 2946 1138 2987 addubitaveris.
1165 2949 1289 2987 Octo-

50 3016 161 3066 ginta
177 3015 315 3054 Nostri
331 3012 461 3053 stadia
475 3011 633 3052 ducunt
651 3010 704 3051 ad
726 3010 840 3051 Erab
861 3009 1019 3058 Kallia,
1038 3009 1109 3048 ubi
1130 3017 1290 3050 exstant

49 3077 194 3117 ruinae.
226 3078 337 3117 Num
374 3074 426 3115 ad
458 3073 637 3115 eundem
663 3073 811 3131 locum
848 3071 1052 3126 pertineat
1086 3071 1284 3120 Lamatcl,

55 3157 72 3173 «
105 3139 276 3179 chateau
310 3138 508 3188 sarrasin,
531 3138 636 3176 situe
658 3150 739 3176 aux
761 3133 868 3175 bord
898 3133 949 3173 de
977 3133 1015 3173 la
1042 3148 1144 3182 mer,
1170 3132 1194 3173 a
1227 3134 1288 3173 six

50 3199 197 3240 heures
223 3200 274 3240 de
297 3200 477 3240 distance
503 3199 554 3239 de
569 3196 764 3239 Bourden
788 3195 956 3250 (Pacho
976 3195 1003 3236 l.
1030 3195 1056 3236 1.
1079 3209 1120 3250 p.
1149 3209 1193 3235 11
1214 3197 1246 3249 )‚
1267 3213 1282 3233 n

48 3276 203 3301 nescio.

109 3328 130 3377 S
149 3330 190 3366 7.
217 3324 309 3365 Ἀντ
325 3325 370 3379 {cp
384 3340 403 3379 ρ
420 3340 443 3364 α
456 3326 500 3379 ς]
527 3328 548 3377 §
571 3327 594 3366 8
618 3325 747 3365 codex
766 3323 923 3379 praebet
947 3322 1021 3364 ἀπὸ
1040 3326 1107 3364 τοῦ
1131 3319 1287 3378 Ἀντιφρ’

55 3386 164 3443 (sic).
193 3386 329 3427 Stadia
349 3389 400 3428 80
419 3386 471 3427 ad
485 3401 580 3427 eum
599 3386 758 3427 ducunt
780 3400 862 3427 orae
877 3386 1031 3436 locum,
1049 3386 1121 3426 ubi
1142 3387 1185 3426 in
1204 3400 1291 3426 me-

47 3450 293 3489 diterraneis
315 3449 439 3488 situm
472 3457 532 3488 est
561 3449 879 3490 Abdr-Alaeman.
909 3446 1150 3489 Ptolemaeus
1173 3450 1289 3489 Anti·

49 3511 175 3564 phras
194 3511 310 3564 ponit
324 3518 418 3564 post
435 3509 563 3564 Δὲρριν
585 3510 701 3564 ἄκραν
729 3524 919 3561 occasum
949 3524 1104 3551 versus.
1129 3510 1288 3551 Eodem

50 3571 149 3611 'facit
167 3571 312 3612 Strabo
330 3585 373 3626 p.
408 3586 487 3625 799
501 3602 511 3621 ‚
536 3572 605 3625 qui
630 3571 681 3611 ab
704 3585 851 3611 occasu
872 3579 1012 3611 ortum
1035 3567 1175 3612 versus
1194 3587 1290 3627 pro-

48 3633 240 3686 grediens
255 3623 315 3673 xita
328 3633 452 3673 habet
473 3646 483 3673 2
502 3631 606 3673 Εἶτα
622 3635 735 3684 νῆσος
748 3632 914 3671 Σιδωνία
932 3631 945 3687 (
960 3632 987 3672 l.
1006 3631 1211 3689 Πηδωνία)
1230 3633 1288 3673 λι-

57 3695 150 3747 μένα
174 3693 318 3748 ἔχουσα
334 3709 342 3718 ·
371 3692 431 3734 εἴτ
462 3692 649 3748 Ἀντίφραι
672 3692 873 3749 (Ἀντίφρα
894 3693 1026 3734 Strab.
1052 3708 1118 3749 ap.
1144 3695 1284 3750 Steph.

52 3757 135 3808 B.)
173 3755 306 3810 μικρὸν
335 3754 516 3810 ἀπωτέρω
541 3758 608 3807 τῆς
638 3755 850 3807 θαλάττης·
879 3756 1006 3796 ἅπασα
1031 3755 1096 3810 μὲν
1122 3755 1146 3807 ἣ
1176 3758 1288 3812 χώρα

55 3816 147 3868 αὕτη
175 3816 243 3857 οὖν.
266 3816 423 3868 εὕοινος,
444 3817 565 3858 πλείω
581 3818 792 3873 δεχομένου
815 3819 882 3866 τοῦ
903 3818 1070 3875 κεράμου
1094 3818 1286 3860 θάλατταν

53 3879 76 3929 ἢ
101 3877 227 3929 οἶνον,
254 3880 298 3921 ὃν
332 3878 378 3931 δὴ
409 3879 570 3922 καλοῦσι
595 3879 755 3922 Διὸυκὸν
782 3879 796 3935 (
821 3880 934 3935 βύκον
964 3881 1024 3921 St.
1048 3882 1115 3931 B.‚
1157 3882 1286 3936 βύκιον

53 3941 163 3996 conj.
184 3942 373 3984 Meineke
388 3944 420 3997 ),
451 3940 484 4000 ᾧ
505 3941 550 3995 δὴ
581 3943 645 3984 καὶ
662 3947 717 3999 τῷ
738 3942 840 3998 ζύθῳ
859 3942 903 3983 τὸ
926 3942 1026 3984 πολὺ
1044 3943 1164 3998 φῦλον
1193 3948 1288 4000 χρῆ·-

49 4015 113 4044 ται
128 4007 203 4045 τῶν
227 4002 498 4054 Ἀλεξανδρέων
513 4019 521 4029 ·
538 4006 776 4047 σκώπτονται
793 4005 833 4046 δὲ
850 4005 1016 4062 μάλιστα
1029 4005 1066 4046 αἱ
1084 4004 1281 4062 Ἀντίφραι·

1364 712 1436 753 εἶτ’
1466 713 1489 765 ἣ
1523 713 1649 769 Δέρρις
1676 711 1812 769 λιμὴν,
1842 714 2080 770 καλούμενος
2109 716 2227 765 οὕτως
2252 717 2314 758 διὰ
2333 717 2401 770 τὴν
2436 722 2600 774 πλησίον

1362 776 1499 830 πέτραν
1518 776 1701 831 μέλαιναν
1722 777 1842 831 δέρρει
1865 776 2052 819 ἐοικυῖαν·
2081 778 2314 834 ὀνομάζουσι
2333 781 2373 822 δὲ
2403 784 2467 823 καὶ
2485 785 2600 841 Ζεφύ-

1362 851 1442 890 ριον
1473 836 1539 878 τὸν
1560 837 1722 889 πλησίον
1750 839 1890 880 τόπον·
1915 838 1975 880 εἶτ
2003 840 2123 888 ἄλλος
2153 839 2271 896 λιμὴν
2303 843 2603 895 Λεύκασπις”καὶ

1363 898 1478 939 ἄλλοι
1499 899 1667 948 πλείους.
1693 901 1786 941 Huc
1812 902 2006 943 accedere
2020 902 2152 943 videri
2178 905 2306 958 possit
2328 907 2450 948 series
2466 913 2600 952 nomi-

1361 976 1462 1002 num
1477 962 1588 1018 apud
1610 963 1840 1004 Hieroclem
1864 979 1907 1019 p.
1934 966 2012 1019 733
2037 966 2244 1016 ;“Πιδονία,
2273 965 2598 1027 Ἄντιφρὼ(εἰο),
2621 1003 2626 1008 .

1360 1023 1514 1078 Δάρνις;
1547 1033 1587 1065 at
1616 1026 1766 1065 Darnis
1788 1041 1871 1067 non
1903 1036 1964 1067 est
1995 1037 2182 1068 nostrum
2205 1031 2360 1080 Derris,
2397 1032 2467 1073 sed
2497 1034 2596 1076 hod.

1362 1086 1547 1136 Demade,
1570 1101 1617 1128 ac
1631 1088 1803 1129 omnino
1825 1089 2033 1131 Hierocles
2054 1091 2096 1130 in
2116 1088 2491 1135 recensendislocis
2514 1111 2599 1138 non

1360 1148 1461 1188 solet
1483 1148 1673 1190 ordinem
1700 1165 1843 1191 eorum
1869 1152 2185 1207 geographicum
2205 1157 2434 1197 accuratius
2454 1157 2595 1199 obser-

1360 1224 1468 1251 vare.
1502 1212 1694 1253 Straboni
1730 1222 1868 1254 autem
1901 1223 1942 1255 et
1979 1215 2200 1256 Ptolemaeo
2237 1217 2415 1258 innitens
2444 1220 2600 1262 Gailius

1359 1273 1615 1327 perturbatas
1631 1289 1716 1315 esse
1727 1276 1874 1331 peripli
1889 1277 2067 1317 rationes
2084 1285 2124 1317 et
2138 1277 2251 1318 hune
2270 1278 2353 1320 fere
2365 1281 2407 1320 in
2427 1281 2597 1322 modum

1359 1335 1616 1377 adornandas
1636 1339 1794 1378 censuit
1812 1351 1821 1378 :

1361 1400 1396 1438 A
1419 1398 1576 1439 Glauco
1599 1398 1612 1454 (
1631 1399 1725 1440 fort.
1744 1399 1924 1440 Lamazcl
1941 1402 1956 1453 >
1980 1399 2031 1440 ad
2056 1402 2299 1456 Leucaspim
2320 1404 2336 1455 (
2349 1403 2377 1443 f.
2399 1405 2593 1460 Dresielz)

1360 1554 1463 1596 Inde
1471 1494 1799 1612 {iddZuephyrium
1821 1559 1836 1610 (
1857 1557 1952 1598 fort.
1975 1558 2290 1612 Djemmeimalz)
2384 1503 2462 1602 {gg

1360 1615 1463 1656 Inde
1482 1616 1534 1657 ad
1550 1618 1693 1658 Derim
1718 1632 1855 1673 prom.
1881 1619 1896 1671 (
1912 1618 1950 1658 el
1962 1618 2093 1675 Heif)
2408 1636 2461 1675 90

1360 1676 1463 1717 Inde
1474 1677 1525 1717 ad
1546 1679 1770 1734 Antiphras
2413 1685 2479 1725 80.

1362 1771 1525 1823 Quibus
1553 1771 1744 1812 ludibriis
1777 1773 1990 1814 immorari
2012 1774 2124 1814 haud
2155 1784 2289 1816 vacat.·
2311 1777 2471 1829 Quodsi
2507 1793 2599 1833 per-

1363 1832 1578 1873 functoriae
1597 1834 1764 1885 rationi,
1793 1849 1875 1888 qua
1905 1850 1978 1876 ora
2002 1836 2155 1891 Libyca
2178 1837 2288 1891 apud
2303 1839 2545 1881 Strabonem
2561 1850 2602 1881 et

1361 1894 1625 1935 Ptolemaeum
1650 1909 1700 1935 ex
1726 1894 1894 1945 eodem,
1927 1905 1973 1937 ut
2002 1896 2190 1946 videtui-‚7
2205 1897 2317 1938 fonte
2336 1898 2598 1953 describitur,

1362 1955 1561 2010 majorem
1570 1971 1694 2012 quam
1710 1957 1938 2008 Stadiasmo
1953 1967 2097 2000 nostro
2111 1958 2237 2000 fidem
2255 1960 2434 2003 tribuere
2449 1970 2602 2005 temere

1363 2018 1474 2068 velis,
1489 2018 1679 2059 statueris
1690 2026 1760 2060 aut
1774 2018 1919 2059 alteras
1937 2020 2162 2076 Antiphras
2176 2020 2299 2062 fuisse
2315 2023 2422 2064 inter
2437 2026 2601 2066 Derrim

1362 2088 1402 2120 et
1431 2080 1635 2122 Glaucum
1651 2082 1669 2135 (
1687 2082 1805 2122 sicuti
1828 2081 1905 2122 alia
1920 2081 2108 2123 locorum
2133 2084 2303 2124 nomina
2325 2086 2470 2140 saepius
2489 2102 2603 2142 repe-

1363 2151 1507 2183 tuntur
1539 2145 1584 2183 in
1628 2157 1701 2184 ora
1741 2143 1894 2197 Libyca
1917 2146 1959 2197 ),
1994 2154 2067 2185 aut
2095 2144 2147 2185 de
2178 2147 2346 2187 nomine
2389 2149 2492 2199 vici,
2531 2152 2601 2204 qui

1363 2206 1570 2258 octoginta
1606 2219 1630 2245 a
1664 2204 1822 2245 Glauco
1841 2205 1972 2246 stadia
1999 2206 2154 2247 distans
2180 2209 2348 2248 navium
2383 2211 2600 2252 stationem

1362 2267 1524 2316 habuit,
1543 2275 1753 2307 auctorem
1769 2267 1915 2321 peripli
1934 2282 2103 2308 errasse.
2125 2270 2279 2310 Seriem
2300 2285 2395 2311 vero
2414 2272 2600 2314 locorum

1363 2344 1415 2369 ne
1439 2338 1588 2370 mutes.
1614 2329 1677 2369 Cf.
1700 2337 1788 2369 not.
1808 2328 1860 2368 ad
1876 2332 1897 2382 S
1911 2332 1950 2370 8.
1973 2331 2166 2371 Ceterum
2186 2333 2422 2387 Antiphron
2444 2337 2599 2377 mentio

1362 2392 1542 2432 occurrit
1564 2392 1687 2431 etiam
1706 2391 1749 2430 in
1776 2391 1980 2445 Synodica
2004 2392 2225 2444 Gennadii,
2253 2395 2295 2434 in
2315 2409 2397 2449 qua
2420 2396 2598 2437 subscri-

1361 2452 1421 2492 bit
1442 2452 1621 2507 Apollon
1642 2451 1843 2507 Ὰντίφρων
1866 2454 1882 2505 (
1894 2454 1995 2507 sic).
2188 2495 2216 2504 ω,

1417 2517 1439 2566 §
1461 2515 1501 2555 8.
1527 2512 1579 2565 τὴ
1592 2528 1610 2555 ν
1634 2514 1724 2569 Δέρ
1738 2530 1757 2569 ρ
1770 2530 1793 2554 α
1807 2529 1825 2555 ν
1847 2516 1861 2569 j
1880 2514 1924 2555 τὸ
1941 2515 2080 2570 Δέρραν
2101 2516 2254 2566 codex3
2277 2517 2321 2557 τὸ
2339 2517 2477 2574 Δέρρον
2495 2521 2599 2562 male

1361 2575 1492 2616 edidit
1528 2577 1688 2617 Iriarte.
1724 2576 1915 2617 Straboni
1951 2586 2011 2620 est
2036 2578 2162 2633 Δέρρις
2183 2578 2324 2634 λιμήν;
2357 2581 2598 2624 Ptolemaeus

1361 2646 1563 2678 memorat
1581 2637 1709 2693 Δέρριν
1735 2637 1870 2693 ἄκραν.
1896 2640 2026 2680 Vetus
2044 2654 2197 2685 nomen
2227 2642 2412 2694 agnoscis
2431 2644 2473 2683 in
2494 2645 2594 2686 hod.

1361 2699 1545 2740 Dresielz.
1566 2700 1769 2741 Distantia
1796 2700 2023 2741 stadiorum
2045 2701 2082 2754 ζ’
2105 2701 2118 2757 (
2135 2703 2193 2742 sic
2208 2703 2319 2743 enim
2344 2703 2420 2757 leg.
2439 2719 2516 2760 pro
2530 2707 2597 2761 ζ’)

1359 2762 1487 2802 nimia
1507 2770 1568 2802 est
1577 2793 1595 2818 ‚x
1622 2763 1655 2801 si
1684 2761 1806 2816 juxta
1841 2777 1957 2803 oram
1979 2765 2184 2814 metiaris;
2216 2773 2256 2804 at
2290 2779 2419 2819 quum
2453 2768 2504 2808 ab
2528 2784 2597 2811 oc-

1358 2837 1456 2863 casu
1473 2823 1684 2867 hodiernae
1703 2823 1872 2865 01·εείεή
1883 2824 2001 2879 juxta
2012 2826 2108 2867 litus
2119 2825 2393 2880 protendatur
2408 2828 2596 2873 brevium

1359 2894 1510 2927 tractus
1525 2917 1536 2937 ‚
1561 2887 1676 2927 hunc
1711 2887 1745 2926 si
1777 2887 2113 2941 circumnaviges,
2147 2897 2256 2929 recte
2285 2889 2488 2931 obtinebis
2522 2893 2598 2933 iter

1359 2949 1586 2990 stadiorum
1614 2964 1680 3003 90.
1715 2951 1853 3001 Quam
1880 2951 2024 2990 Strabo
2047 2962 2176 3005 prope
2204 2952 2369 2992 Derrim
2393 2962 2506 2994 notat
2528 2969 2596 3009 pe-

1359 3019 1465 3052 tram
1482 3013 1640 3066 nigram
1657 3043 1667 3063 ,
1686 3011 1798 3052 haud
1819 3010 1946 3051 dubie
1969 3026 2076 3052 unus
2095 3020 2155 3052 est
2172 3026 2194 3052 0
2216 3011 2378 3054 duobus
2401 3016 2591 3069 seopulis,

1359 3080 1463 3128 quos
1488 3075 1624 3116 Pacho
1639 3089 1767 3130 prope
1788 3074 1960 3114 Dresielc
1976 3074 2156 3114 exhibet.
2175 3074 2301 3126 Quod
2323 3075 2439 3117 addit
2449 3078 2593 3118 Strabo

1358 3145 1519 3191 petram
1548 3138 1664 3177 istam
1699 3137 1820 3191 δέρρει
1847 3150 1919 3175 seu
1938 3135 2030 3189 pelli
2060 3135 2233 3175 similem
2253 3135 2400 3184 fuisse,
2426 3137 2593 3179 fortasse

1359 3200 1466 3239 inter
1484 3200 1595 3240 lusus
1610 3197 1907 3239 recensendum
1925 3206 1999 3247 est,
2031 3197 2180 3251 quibus
2194 3198 2406 3251 peregrina
2425 3201 2592 3241 nomina

1359 3263 1492 3303 Graeci
1512 3262 1714 3317 explicare
1729 3259 1990 3301 adamabant.
2008 3260 2200 3300 Ceterum
2222 3268 2292 3299 aut
2317 3274 2367 3300 ex
2382 3261 2458 3301 hac
2477 3271 2592 3316 petra

1359 3324 1601 3364 Ptolemaeus
1621 3323 1760 3363 secisse
1779 3321 1942 3361 videtur
1955 3321 2083 3375 Δέρριν
2101 3320 2234 3375 ἄκραν,
2261 3330 2332 3361 aut
2349 3323 2487 3376 potius
2501 3337 2593 3377 pro·

1362 3388 1615 3427 montorium
1634 3384 1864 3425 Jumeimalz
1885 3383 1947 3423 vel
1963 3397 2100 3438 prom.
2121 3382 2368 3434 Hammehe,
2402 3385 2514 3438 quod
2533 3395 2593 3427 est

1359 3449 1478 3489 initio
1498 3449 1610 3488 sinus
1625 3446 1727 3501 ejus,
1749 3447 1790 3486 in
1814 3460 1899 3501 quo
1926 3446 2068 3486 Derris
2087 3445 2200 3486 locus
2228 3446 2327 3486 situs
2343 3455 2443 3497 erat,
2469 3449 2590 3488 etiam

1359 3512 1493 3566 ipsum
1518 3510 1661 3551 Derris
1687 3524 1709 3549 a
1728 3507 1935 3548 nonnullis
1956 3507 2203 3558 vocabatur3
2226 3516 2349 3562 atque
2367 3508 2455 3549 haec
2473 3523 2593 3550 causa

1360 3573 1450 3623 suit,
1469 3587 1543 3612 cur
1562 3573 1694 3626 ipsum
1707 3570 1828 3610 etiam
1842 3570 2004 3610 Derrim
2021 3569 2190 3624 ὕφορμον
2210 3568 2418 3610 stadiasmi
2431 3569 2483 3611 ad
2498 3585 2593 3625 pro-

1359 3636 1613 3675 montorium
1629 3631 1796 3686 aliquod
1812 3631 1999 3671 nonnulli
2025 3630 2236 3672 transferri
2248 3630 2411 3672 vellent.
2429 3632 2494 3673 Sic
2518 3633 2593 3673 Pa.-

1358 3697 1436 3737 cbo
1449 3711 1488 3751 p.
1507 3699 1553 3744 14
1571 3709 1580 3735 ;
1605 3712 1619 3732 «
1635 3697 1692 3735 Le
1702 3708 1799 3734 nom
1815 3693 1867 3734 de
1878 3692 2061 3744 Dresiell,
2076 3694 2226 3748 inquit,
2241 3693 2361 3744 osfre,
2376 3694 2404 3734 il
2415 3702 2475 3734 est
2487 3695 2588 3743 vrai‚

1357 3773 1439 3799 une
1454 3756 1606 3811 grande
1627 3756 1809 3809 analogie
1831 3770 1928 3797 avec
1945 3756 2048 3797 celui
2078 3755 2130 3796 de
2152 3755 2309 3804 Derris,
2331 3764 2479 3809 portet
2493 3770 2590 3809 pro-

1357 3821 1562 3861 montoire
1574 3819 1812 3859 mentionne
1819 3832 1893 3872 par
1903 3818 2106 3872 plusieurs
2115 3826 2295 3859 auteurs.
2305 3817 2409 3857 Mais
2420 3816 2458 3857 la
2466 3818 2590 3858 situa-

1358 3884 1441 3923 tion
1459 3882 1510 3922 de
1526 3880 1714 3928 Dresielz,
1736 3879 1932 3920 enfoncce
1959 3879 2061 3920 dans
2077 3895 2122 3920 ce
2138 3879 2244 3933 gols,
2271 3893 2323 3919 ne
2338 3880 2490 3919 saurait
2503 3911 2514 3928 ,
2538 3894 2589 3920 en

1356 3957 1515 3985 aucune
1546 3941 1748 3992 mamere,
1778 3942 1974 3982 convenii·
2005 3940 2029 3982 ἐι
2060 3955 2117 3980 1111
2146 3940 2452 3995 promontoire,
2484 3948 2524 3980 et
2545 3955 2590 3981 ce

1356 4021 1454 4047 nom
1480 4005 1613 4060 parait
1631 4005 1737 4055 etre,
1770 4019 1930 4045 comme
1949 4004 2148 4059 plusieurs
2171 4010 2327 4052 autres,
2355 4015 2437 4042 une
2457 4009 2547 4042 tran
