2808 4342
698 137 739 178 Ο

233 208 323 249 ⁴¹14

286 298 498 355 1111.’Λπὸ
519 281 764 345 Παοδικείας
782 293 839 343 εἰς
860 289 1112 352 Ἡράκλειαν
1134 286 1294 334 στάδιοι
1308 287 1364 332 κ’.

291 387 365 417 ιοο.
402 367 627 429 Κάμψαντι
653 362 694 407 Bi
714 361 762 407 τὸ
781 360 1036 421 ἀκρωτήριον
1053 356 1180 417 λιμήν
1200 358 1289 402 ἐστι
1310 356 1463 403 καλού·

226 458 343 501 μενος
362 435 529 486 Λιυιιός·
550 431 740 479 στάδιοι
727 428 780 476 Α’.

292 523 363 554 uo.
399 503 499 551 ’Λπὸ
537 504 695 550 Amos
724 497 887 558 λιμένος
918 496 987 543 ἐπὶ
1017 494 1164 558 κώμην
1202 494 1462 557 καλουμένην

183 594 203 622 ι
227 575 455 639 Πασιιρίαν
481 572 639 618 στάδιοι
659 568 716 613 λ’.

227 672 229 674 ·
290 664 362 694 ιιι.
400 642 500 690 Ἀπὸ
521 644 592 694 ez<
616 637 758 697 κώμης
777 638 842 683 ἐπ’
867 635 998 699 ἄκραν
1023 635 1180 682 Πολιᾶν
1202 634 1463 696 καλουμένην

224 736 270 761 G‘-
278 716 379 759 23101»
428 731 479 757 Χ.

288 798 359 827 ιιι.
397 731 540 826 {vrb‘
528 774 779 840 Ἡρακλείας
810 774 878 821 ἐπὶ
918 772 1134 821 Ποσείδιον
1166 773 1235 820 τὸν
1268 773 1462 836 ἐπίτομον

223 851 380 897 στάδιοι
418 847 448 895 ’.

165 932 203 961 10
289 935 363 968 143.
396 868 500 965 emti>
523 915 565 962 δὲ
588 918 661 972 τῆς
690 915 820 978 ἄκρας
837 919 909 961 τοῦ
932 913 1001 961 ἐπὶ
1024 913 1242 960 Ποσειδίου
1269 915 1325 966 εἷς
1346 914 1464 960 πόλιν

225 991 386 1038 Σιδῶνα
408 987 566 1034 στάδιοι
589 985 640 1031 τ’·
671 985 773 1048 ὑπὲρ
791 979 841 1041 ἦς
860 986 970 1030 ἐστιν
993 982 1083 1046 ὄρος
1106 982 1262 1046 ὑψηλὸν
1277 1019 1288 1040 ,
1312 984 1464 1030 καλού-

224 1079 342 1122 μενον
366 1057 539 1120 Θρόνος.

288 1146 361 1176 ιιι.
400 1126 501 1174 Ἀπὸ
539 1124 741 1177 Σιδωνίοις
776 1123 934 1176 πόλεως
970 1126 1027 1175 εἰς
1050 1122 1173 1168 τόπον
1208 1122 1394 1184 ὁρίζοντα
1421 1122 1467 1169 τὸ

225 1198 403 1256 Κάσιον,
423 1196 675 1257 καλούμενον
696 1194 739 1240 δὲ
760 1192 1084 1255 Χαλαδρόπολιν
1108 1191 1267 1237 στάδιοι
1287 1190 1337 1244 ξ’.

223 1361 287 1400 De
305 1355 509 1399 Laodicea
531 1369 571 1395 ν.
600 1352 797 1408 Stephan.
818 1353 952 1406 Byz.:
974 1349 1214 1391 Λαοδίκεια..
1235 1348 1259 1401 ἡ
1285 1349 1469 1404 πρότερον

224 1422 255 1462 Λ
268 1418 380 1470 ευκὴ
401 1416 497 1469 ἀκτὴ
513 1415 732 1471 λεγομένη,
758 1414 822 1455 καὶ
840 1429 913 1469 προ
928 1412 1066 1454 τούτου
1094 1411 1260 1467 Ῥάμιθα
1274 1411 1361 1453 κτλ.
1379 1413 1469 1453 Ma-

225 1482 320 1524 blas
342 1495 385 1537 p.
403 1481 513 1522 203:
534 1477 797 1520 Λαοδίκειαν..
819 1476 1003 1531 πρότερον
1019 1470 1138 1515 ουσαν
1155 1475 1291 1530 κώαην
1307 1473 1472 1529 ὀνόματι

225 1545 316 1593 Mat
319 1544 454 1584 αδδάν,
485 1544 650 1584 Nomen
680 1539 805 1581 habet
821 1554 845 1580 a
871 1537 1051 1579 Laodice
1070 1545 1201 1578 matre
1219 1537 1375 1579 Seleuci
1397 1538 1471 1578 Ni·

226 1608 393 1659 catoris,
416 1620 498 1647 sec.
523 1603 666 1659 Steph.
691 1610 732 1642 et
754 1601 1000 1643 Strabonem
1025 1598 1178 1660 (afilia
1199 1599 1405 1641 Seleuci
1386 1614 1468 1641 §.ec

225 1668 430 1718 Malalam,
451 1682 475 1708 a
496 1679 640 1707 sorore
657 1662 746 1718 ejus
775 1678 856 1704 sec.
876 1662 977 1704 alios
992 1677 1059 1719 ap.
1085 1656 1274 1704 Eustath.
1300 1662 1352 1704 ad
1376 1664 1473 1704 Dio-

225 1725 1105 1847 3332⁹23222ss223213525523330'}
1110 1727 1220 1842 ⁶221
1232 1725 1360 1830 .υὲἶῖ
1376 1726 1472 1843 {ii-

227 1856 395 1907 σονήσου
417 1854 680 1909 συνῳκισμένη
700 1851 766 1892 καὶ
779 1850 828 1891 τὰ
848 1849 889 1891 ἔκ
903 1853 971 1901 τῆς
986 1852 1058 1904 γῆς
1075 1849 1328 1904 ὠχυρουμένη
1355 1850 1419 1891 καὶ
1438 1849 1474 1899 ἐς

227 1918 273 1960 τὸ
291 1918 459 1973 πέλαγος
482 1916 628 1971 ἔχουσα
647 1915 785 1970 ὅρμοι,
804 1914 983 1969 Appian.
1008 1914 1058 1953 B.
1079 1913 1169 1954 Civ.
1195 1914 1273 1963 111,
1302 1917 1370 1955 60.
1393 1915 1474 1954 Dio

228 1982 340 2023 Cass.
364 1983 433 2035 47.
460 1979 529 2020 3ο.
558 1980 621 2019 De
643 1976 773 2018 ruinis
792 1974 887 2016 vide
908 1975 1083 2016 viatores
1101 1973 1309 2026 Pokocke,
1326 1976 1469 2026 Shaw,

228 2046 472 2098 Russegger,
486 2040 630 2090 Belon,
652 2039 813 2089 Sehulz,
828 2038 1014 2088 Richter,
1028 2039 1232 2079 Sommer.
1248 2039 1472 2082 Historiam

229 2105 344 2147 urbis
369 2105 473 2146 bene
495 2101 759 2144 adumbravit
782 2100 892 2142 Cless
912 2100 953 2140 in
975 2099 1143 2154 Pauly’s
1163 2099 1414 2154 Realencycl.
1437 2115 1471 2141 s.

229 2182 271 2210 v.
295 2166 515 2210 Laodicea.

287 2232 311 2282 S
337 2232 428 2272 188.
467 2225 536 2275 εἰς
575 2223 905 2279 Ἡράκλειαν]
934 2221 1000 2263 Cs.
1028 2222 1187 2263 Plinius
1220 2223 1276 2273 V,
1304 2236 1370 2277 17,
1402 2223 1474 2265 ubi

230 2299 322 2348 post
357 2288 604 2332 Laodiceam
651 2293 884 2342 sequuntur
919 2298 930 2326 ι
973 2284 1210 2341 Diospolis,
1249 2285 1472 2337 Heraclea,

233 2351 481 2402 Charadrus,
508 2349 741 2392 Posidium.
776 2347 924 2389 Strabo
956 2360 999 2403 p.
1026 2348 1102 2401 751
1135 2362 1159 2388 a
1188 2346 1315 2388 borea
1334 2362 1477 2403 proec-

229 2416 331 2457 dens
356 2428 365 2456 ζ
395 2412 553 2469 Ἐφεῆς
564 2411 605 2453 δὲ
620 2412 822 2452 Ποσείδιον
842 2410 1013 2465 πολίχνη
1034 2409 1099 2449 καί
1120 2408 1365 2465 ‘Upi-aleta..
1390 2410 1477 2452 εἶτα

229 2479 446 2519 Λαοδίκεια.
468 2475 535 2518 Id.
557 2490 600 2531 p.
623 2475 703 2530 753
721 2487 730 2515 :
754 2476 803 2530 τῇ
820 2472 896 2529 γὰρ
919 2473 1123 2528 Λαοδικείᾳ
1141 2472 1346 2525 πλησιάζει
1364 2474 1477 2515 πολί-

229 2555 323 2595 χνια
343 2540 388 2581 τὸ
417 2539 458 2580 δὲ
480 2538 684 2579 Ποσείδιον
705 2536 830 2578 καὶτὸ
852 2533 1082 2591 Ἡράκλειον
1099 2535 1165 2575 καὶ
1184 2534 1233 2576 τὰ
1255 2535 1428 2578 Γάὸαλα.
1456 2539 1471 2592 ΙΙ

230 2628 284 2635 -
306 2604 442 2643 σταδ.
470 2601 536 2657 κ’]
565 2599 804 2642 Secundum
829 2599 917 2640 haec
939 2598 1136 2639 Heraclea
1158 2598 1352 2654 ponenda
1372 2599 1478 2643 soret

229 2665 281 2706 ad
318 2666 552 2720 proximam
582 2664 702 2719 ἄκραν
734 2663 946 2716 exiguam;
970 2664 1054 2717 Cap
1091 2664 1128 2702 Ζ
1133 2660 1252 2707 iar-et.
1291 2664 1351 2703 uti
1384 2662 1478 2704 feeit

230 2729 467 2781 Kiepertus.
488 2726 537 2767 Id
562 2740 659 2767 vero
678 2725 840 2767 admitti
860 2724 1019 2780 nequit.
1038 2723 1201 2775 Obstat,
1222 2724 1335 2779 quod
1354 2728 1376 2777 §
1400 2730 1477 2775 149,

231 2789 437 2830 Heracleae
453 2791 609 2829 mentio
630 2789 685 2829 ita
701 2787 899 2842 injicitur,
922 2795 967 2828 ut
978 2786 1091 2828 locus
1110 2787 1213 2827 situs
1227 2801 1315 2828 esse
1330 2786 1478 2829 debeat

233 2853 276 2892 in
299 2856 346 2908 τῇ
364 2851 488 2905 Πολιᾷ
508 2852 619 2906 ἄκρα.
645 2852 736 2891 Hoc
758 2851 868 2890 enim
889 2850 1043 2902 flagitat
1064 2850 1188 2889 series
1211 2850 1474 2901 narrationis,

234 2927 326 2970 quae
352 2913 448 2954 alias
478 2912 587 2953 nulla
616 2913 745 2958 soret,
774 2920 863 2951 tum
895 2925 992 2950 vero
1022 2910 1118 2950 inde
1149 2911 1300 2965 liquet,
1322 2913 1435 2967 quod
1454 2928 1477 2955 a

234 2974 402 3018 Posidio
420 2988 557 3031 prom.
588 2976 603 3028 (
624 2977 708 3030 Cap
728 2972 896 3014 Possidi
913 2973 926 3027 )
953 2971 1003 3012 ad
1021 2973 1258 3014 Heracleam
1284 2975 1346 3015 vizi
1368 2978 1477 3017 rectzi

232 3052 320 3080 ease
334 3035 669 3079 dicunturstadia
690 3048 783 3077 loo.
803 3035 899 3075 naec
911 3032 1129 3074 ducuntad
1144 3038 1477 3088 promontorium

235 3114 365 3157 prope
394 3098 509 3155 quod
538 3097 663 3140 hodie
692 3106 754 3139 est
785 3097 901 3138 locus
924 3099 1055 3147 Bur-ge
1090 3095 1128 3136 el
1171 3097 1322 3145 Kasia·
1356 3099 1479 3154 idque

234 3163 568 3220 promontorium
588 3175 675 3202 esse
693 3158 911 3202 Stadiasmi
927 3157 1077 3199 Πολιόιν
1092 3158 1211 3215 ἄκραν
1226 3173 1368 3201 rursus
1388 3176 1479 3217 pro-

234 3225 356 3268 batur
371 3225 591 3268 mensuris.
617 3224 723 3265 Nam
750 3223 783 3263 si
806 3223 943 3263 sinum
966 3220 1249 3263 Laodicenum
1273 3226 1478 3266 emetiaris

234 3295 275 3328 et
297 3288 394 3329 hinc
417 3300 547 3343 usque
561 3284 613 3327 ad
633 3283 971 3341 promontorium
992 3281 1103 3324 istud
1120 3286 1381 3339 processeris,
1407 3286 1478 3327 ha-

233 3350 350 3392 bebis
371 3349 502 3392 stadia
521 3351 615 3400 180,
636 3356 741 3404 quot
757 3348 909 3389 Noster
927 3349 950 3400 S
978 3347 1154 3401 ¹39·¹l·¹
1175 3361 1305 3403 usque
1326 3349 1378 3390 ad
1405 3350 1480 3391 llo-

233 3412 321 3454 λιὰν
331 3414 450 3469 ἄκραν
463 3419 690 3468 computat.
702 3411 858 3453 Contra
867 3409 932 3451 via
947 3411 1057 3450 recta
1065 3417 1159 3451 sunt
1171 3408 1222 3451 ad
1235 3409 1364 3453 stadia
1385 3426 1398 3453 1
1408 3427 1475 3463 20,

236 3475 310 3530 ρκ’,
331 3477 401 3531 qui
420 3489 619 3517 numerus
643 3488 720 3530 pro
739 3471 775 3514 κ’
790 3480 932 3514 nostro
949 3471 1040 3513 loco
1065 3472 1344 3528 reponendus.
1367 3476 1478 3517 Con·

236 3539 357 3578 sentit
379 3539 504 3582 ‚etiam
529 3537 793 3586 Ptolemzrus,
818 3536 889 3591 qui
913 3534 1151 3576 Heracleam
1174 3550 1198 3577 a
1215 3535 1417 3580 Laodicea
1439 3547 1480 3581 et

197 3650 206 3656 ἢ
236 3598 406 3641 Posidio
428 3599 595 3654 paribus
618 3598 793 3653 sejungit
814 3597 1051 3639 intervallis.
1075 3598 1184 3639 Hinc
1203 3599 1330 3653 igitur
1354 3599 1478 3657 liquet

236 3662 418 3704 auctoris
441 3662 568 3701 nostri
593 3662 854 3710 sententiam,
885 3674 1010 3715 quam
1031 3660 1167 3702 verbis
1196 3661 1300 3703 male
1318 3672 1479 3706 eontra·

238 3725 315 3767 etis
336 3732 554 3779 excerptor
586 3723 842 3773 obscuravit,
869 3724 922 3765 ita
942 3722 1231 3779 exponendam
1250 3738 1337 3767 esse
1356 3739 1366 3768 ε
1391 3725 1479 3768 Ἆπὸ

238 3786 377 3843 ἄκρας,
399 3785 456 3842 ἐφ’
476 3780 523 3838 ἧς
539 3788 664 3827 κεῖται
682 3785 885 3826 Λαοδίκεια
899 3786 1023 3836 πόλις,
1046 3785 1104 3827 ἐπ’
1125 3785 1269 3837 decta<
1292 3791 1308 3843 (
1328 3788 1389 3831 vel
1413 3789 1479 3831 τὸν

239 3849 422 3906 ἐπίτομον
456 3846 519 3890 vel
546 3846 868 3903 ιῦθνδρομοῦντι)
894 3849 1042 3889 στάδιοι
1074 3847 1133 3904 ρκ’
1155 3850 1348 3907 κάμψαντι
1369 3851 1410 3893 δὲ
1437 3852 1480 3893 τὸ

238 3914 305 3965 τῆς
326 3911 545 3960 Λαοδικείας
561 3909 799 3967 ἀκρωτήριον
817 3909 937 3965 λιμήν
959 3910 1037 3952 ἔστι
1059 3912 1297 3968 καλούμενος
1314 3915 1454 3963 Λιυκός
1466 3946 1478 3965 ,

241 3973 292 4023 ιῖς
305 3977 348 4015 ’ὸν
379 3975 528 4016 στάδιοι
553 3973 607 4015 λ’.
634 3976 782 4016 Portus
803 3973 943 4021 Λευκὸς
964 3973 1014 4014 ad
1042 3975 1169 4029 ipsam
1201 3977 1345 4018 urbem
1374 3979 1480 4020 Lao-

241 4034 398 4077 diceam
421 4037 613 4091 pertinet,
634 4050 758 4091 quam
786 4034 883 4076 olim
906 4034 1049 4086 Λευκὴν
1072 4036 1190 4088 ἀκτὴν
1212 4037 1364 4081 dietam
1394 4054 1480 4081 esse

1360 185 1648 234 ANoNYffl
1919 163 1926 167 ⁴
2690 153 2699 182 ³
2790 121 2808 268 l

1596 287 1690 329 138.
1722 289 1758 329 Λ
1783 286 1999 331 L-odiooe
2028 304 2128 332 acm
2154 291 2210 334 ad
2235 292 2473 335 Heracleam
2500 294 2605 349 {via
2627 297 2802 355 recca]
2797 278 2808 339 1

1534 341 1666 383 stadia
1693 355 1771 385 120
1790 343 1904 398 (ρκ’).

1594 398 1689 452 139.
1720 398 2000 440 Circumflexo
2156 413 2239 444 eeoe
2254 405 2571 459 promontorio,
2594 400 2808 450 occurit!

1533 454 1685 495 Portus
1703 453 1835 495 Albus
1849 453 1986 496 dictus
2005 462 2101 511 post
2120 455 2252 498 stadia
2272 458 2342 501 30.
2790 352 2808 529 i

1595 512 1687 559 140.
1722 509 1787 551 Ab
1810 509 1918 551 Albo
1931 518 2061 566 portu
2078 509 2132 552 ad
2151 511 2306 564 vicum,
2329 527 2454 569 quem
2477 525 2623 559 vocant
2640 517 2808 594 Pado-j

1534 578 1640 619 riam
1659 578 1730 632 (ἓ),
1752 576 1882 620 stadia
1902 579 1969 621 3ο.

1596 649 1689 695 141.
1721 645 1787 687 ΑΙ)
1805 660 1856 687 eo
1880 647 1971 687 vieo
1998 646 2051 688 ad
2074 649 2409 745 promontorium
2441 650 2598 694 Peliam
2617 581 2808 746 (11111111ιέ

1534 713 1666 760 stadia
1692 728 1784 757 120.

1596 786 1691 832 14α.
1723 782 1789 825 Ab
1813 782 2009 826 Heraclea
2042 740 2096 825 ad
2130 783 2342 826 Posidium
2374 786 2438 827 xia
2472 778 2808 844 compendiar'u3

1536 851 1667 894 stadia
1692 864 1785 895 100.

1598 920 1692 969 143.
1725 922 1761 962 Α
1783 920 2073 975 promontorio
2091 920 2205 976 quod
2227 931 2288 965 est
2311 924 2364 966 ad
2387 925 2627 976 Posidium,
2651 892 2808 982 usqumj

1537 986 1588 1029 ad
1605 986 1801 1029 Sidonem
1822 986 2052 1042 (Sidoniam
2061 990 2102 1042 P)
2115 988 2260 1031 urbem
2277 990 2407 1034 stadia
2422 994 2475 1035 80
2496 993 2588 1048 (π’).
2650 995 2808 1050 Suprag

1537 1068 1628 1096 eam
1653 1069 1773 1096 mons
1793 1064 1854 1097 est
1877 1055 1982 1097 altus
1996 1086 2008 1106 ,
2026 1055 2225 1098 Thronus
2242 1056 2392 1100 dietus.
2790 1065 2808 1118 ἦ

1599 1126 1693 1173 144.
1727 1126 1764 1166 A
1786 1122 1956 1165 Sidonia
1975 1123 2079 1165 urbe
2104 1122 2156 1165 ad
2179 1123 2316 1166 locum
2340 1124 2676 1170 mediter-mnenon
2702 1123 2808 1175 cst-i

1539 1192 1601 1232 sio
1633 1193 1964 1242 conterminum,
1986 1190 2331 1248 Charadropolim
2355 1192 2532 1246 dictum,
2557 1195 2689 1238 stadia
2708 1180 2808 1251 (50.1,

1541 1349 1736 1391 vidimus.
1780 1351 1972 1405 Denique
2008 1350 2248 1392 Heracleam
2281 1365 2367 1393 non
2408 1351 2532 1394 fuisse
2573 1352 2791 1399 Laodicea

1539 1413 1790 1468 proximam,
1817 1412 1914 1454 inde
1945 1426 2113 1468 quoque
2141 1412 2320 1467 colligas,
2346 1413 2460 1469 quod
2483 1414 2640 1457 Plinius
2660 1417 2808 1459 inten-

1541 1474 1721 1516 mediam
1752 1474 1876 1516 habet
1893 1474 2153 1531 Diospolim,
2176 1475 2243 1516 cui
2262 1475 2511 1548 respondere
2530 1491 2678 1520 censeo
2697 1479 2808 1522 Stav

1540 1538 1688 1580 diasmi
1715 1538 1938 1594 Πασιερίαν.
1973 1539 2137 1579 Nomen
2174 1538 2313 1580 nescio
2352 1553 2406 1581 an
2441 1549 2689 1597 corruptum
2715 1542 2785 1587 sit.

1542 1602 1728 1643 Fortasse
1750 1601 1806 1643 ob
1828 1600 1911 1643 sani
1931 1602 2187 1642 sanctitatem
2208 1601 2392 1657 Πανίερος
2416 1600 2542 1652 dicta,
2564 1602 2627 1645 vel
2648 1605 2797 1660 potius

1541 1672 1659 1704 erat:
1687 1663 1749 1706 ἐπὶ
1766 1666 1900 1719 κώμην
1929 1663 2049 1719 [Διὶ]
2073 1663 2203 1719 Κασίῳ
2231 1663 2352 1719 ίεράν.
2370 1665 2492 1706 Certe
2510 1666 2702 1721 Juppiter
2730 1667 2789 1711 1111

1541 1725 1674 1766 cultus
1687 1725 1764 1767 suit
1774 1725 1863 1774 Ζευς
1875 1725 2030 1773 Κάσιος.
2043 1725 2320 1767 Collocandus
2335 1725 2449 1767 locus
2459 1726 2513 1768 ad
2530 1730 2615 1784 Cap
2624 1730 2663 1770 Z
2665 1616 2808 1791 tanei

1598 1791 1620 1841 S
1652 1793 1743 1831 141.
1768 1787 1954 1829 Πυλιὰν
1979 1788 2130 1843 ἄκραν
2156 1789 2259 1829 alius
2283 1803 2407 1830 nemo
2429 1798 2647 1832 memorat.

1597 1854 1620 1904 S
1647 1856 1741 1895 142.
1773 1851 2043 1892 Ποσείδιον
2069 1852 2084 1907 ]
2124 1866 2182 1892 se.
2223 1851 2462 1907 ἀκρωτήριον
2486 1866 2582 1893 cum
2613 1853 2785 1925 oppido

1542 1914 1665 1955 Nunc
1684 1913 1863 1955 Posseda
1878 1913 1994 1955 locus
2006 1911 2060 1954 ad
2084 1913 2290 1954 borealem
2310 1923 2371 1955 est
2395 1915 2674 1969 promontorii
2696 1929 2791 1972 par·
2771 1869 2808 1964 σί

1543 1982 1644 2017 tem.
1664 1977 1720 2017 V
1752 1975 1915 2026 Strabo,
1941 1966 2808 2031 Plin„Ptol.,steph.Byz.s.v.,11ero·¹;

1543 2037 1668 2079 dotus
1682 2039 1759 2088 111,
1778 2051 1869 2093 91:
1893 2037 2007 2079 ἀπὸ
1988 2036 2028 2079 οὲ
2051 2036 2153 2078 Ποσε
2159 2037 2281 2088 ιδηίου
2297 2037 2448 2089 πόλιος,
2467 2035 2537 2089 τὴν
2556 2007 2808 2096 ’Aplpssoxog

1543 2100 1565 2141 ὁ
1588 2099 1814 2157 Ἀμφιαράου
1829 2099 1951 2142 οἴκισε
1968 2099 2025 2142 ἐπ’
2042 2099 2189 2156 οὔροισι
2207 2115 2309 2141 τοισι
2326 2100 2493 2142 Κιλίκων
2509 2115 2549 2142 τε
2565 2102 2630 2143 καὶ
2640 2102 2787 2159 Σύρων.

1545 2165 1718 2220 Dionys.
1739 2165 1898 2218 Perieg.
1917 2167 1999 2218 916
2026 2176 2036 2204 ;
2061 2163 2288 2216 Λαοδίκην..
2308 2163 2373 2205 καὶ
2397 2163 2587 2217 Ποσιδήια
2605 2164 2701 2221 ἔργα
2726 2165 2797 2208 καὶ

1544 2225 1627 2281 ἱερὰ
1650 2227 1794 2281 τὲμπεα
1812 2226 1976 2281 Δάφνης.

1601 2291 1624 2341 S
1652 2294 1744 2332 143.
1782 2288 2003 2343 Σιδῶνα]
2023 2290 2150 2340 91144
2171 2286 2247 2330 ἀπὸ
2265 2287 2466 2337 Σιδωνίας.
2487 2288 2602 2331 Urbs
2625 2289 2798 2333 aliunde

1546 2365 1631 2391 non
1657 2359 1769 2393 nota.
1794 2353 1981 2393 Fortasse
2002 2348 2272 2393 Sidoniorum
2291 2350 2496 2393 coloniam
2520 2350 2648 2394 fuisse
2666 2352 2709 2394 in
2728 2361 2791 2396 tot

1546 2414 1788 2455 Phoenicum
1806 2414 1912 2455 circa
1929 2414 2067 2454 sinum
2082 2414 2256 2455 Issicum
2273 2413 2447 2455 urbibus
2463 2413 2646 2468 (Rheso,
2663 2414 2792 2470 Egis,

1545 2476 1804 2532 Myriandro,
1821 2476 1978 2530 Mallo)
1997 2491 2082 2518 non
2102 2475 2207 2518 adeo
2226 2476 2499 2533 improbabile
2515 2485 2577 2520 est
2597 2477 2612 2535 (
2629 2478 2685 2521 V.
2700 2480 2794 2522 Mo·

1549 2554 1653 2582 vers.
1691 2539 1719 2582 1.
1765 2540 1794 2582 Ι.
1833 2554 1877 2596 p.
1915 2543 1993 2581 166
2016 2539 2049 2596 ).
2093 2540 2288 2581 Thronos
2313 2554 2433 2581 mons
2468 2548 2530 2583 est
2564 2540 2672 2583 Canii
2701 2539 2792 2597 jugi

1549 2605 1562 2660 (
1580 2603 1725 2659 Djebe!
1739 2603 1878 2645 okrab
1901 2605 1917 2658 )
1934 2611 2074 2644 vertex
2092 2602 2106 2659 (
2124 2616 2234 2646 aooo
2248 2602 2345 2659 ped.
2370 2602 2475 2646 altit.
2494 2606 2527 2659 )‚
2538 2602 2658 2659 Juxta
2678 2618 2808 2648 mare·

1546 2667 1676 2716 situs,
1705 2667 1777 2721 qui
1815 2666 1858 2706 in
1892 2666 2132 2720 Berghausii
2164 2679 2315 2721 mappa
2346 2665 2693 2721 vomui-,samm
2726 2670 2792 2710 An

1547 2728 1644 2769 huie
1663 2729 1823 2770 nomini
1846 2742 1942 2769 cum
1968 2728 2139 2770 nomine
2161 2727 2238 2769 loci
2270 2729 2398 2769 nostri
2424 2727 2685 2770 necessitudo
2705 2730 2794 2772 est?

1547 2792 1681 2832 Distat
1709 2806 1733 2832 a
1765 2789 1934 2831 Posidio
1966 2791 2020 2832 80
2053 2788 2138 2830 sere
2160 2787 2307 2840 stadia,
2335 2787 2440 2830 adeo
2470 2797 2517 2830 ut
2551 2802 2628 2845 pro
2657 2790 2808 2847 fleg-4

1546 2854 1598 2895 sit
1621 2853 1676 2896 π’.
2803 2849 2808 2856 ’

1603 2919 1740 2970 5143.
1767 2913 2191 2971 Χαλαδρόπολιν]
2227 2916 2325 2969 Leg.
2358 2913 2523 2957 videtur
2544 2914 2721 2971 Χαραδρό
2737 2945 2751 2960 .

1546 2980 1632 3030 λιν;
1676 2994 1772 3022 nam
1805 2978 1914 3020 idem
1941 2977 2054 3020 haud
2088 2976 2217 3020 dubie
2242 2986 2305 3019 est
2328 2977 2443 3019 loeus
2481 2991 2606 3034 quem
2635 2977 2740 3020 Plini

1550 3042 1802 3085 Charadram
1841 3050 1973 3092 vocat,
2002 3049 2042 3083 et
2074 3041 2182 3082 inter
2215 3040 2456 3082 Heracleam
2490 3048 2534 3082 et
2577 3037 2792 3083 Posidium

1547 3105 1734 3147 collocat.
1771 3106 1889 3146 Hanc
1918 3103 1971 3145 de
1999 3104 2082 3145 situ
2114 3103 2230 3144 urbis
2258 3102 2576 3158 discrepantiam
2600 3100 2788 3147 facillime

1546 3167 1742 3222 explicari
1761 3167 1920 3208 Gailius
1939 3174 2091 3214 censet,
2120 3166 2152 3205 si
2174 3163 2441 3208 Charandrus
2457 3163 2581 3207 suerit
2602 3164 2645 3206 in
2661 3164 2791 3207 medi·

1548 3229 1761 3270 terraneis.
1790 3227 1915 3281 Quod
1938 3229 2022 3283 ipsc
2038 3240 2204 3282 quoque
2223 3227 2370 3277 sentio,
2395 3225 2484 3268 aliis
2505 3225 2656 3269 duetus
2669 3241 2796 3283 argue

1548 3292 1711 3332 mentis.
1730 3290 1894 3332 Etenim
1911 3289 1943 3330 si
1956 3288 2007 3330 ad
2022 3303 2137 3330 oram
2151 3288 2415 3330 collocandus
2433 3287 2563 3341 locus,
2584 3304 2608 3332 a
2623 3289 2766 3333 Sidon‘

1547 3352 1599 3394 ad
1634 3354 1835 3394 orontem
1877 3352 1920 3393 in
1957 3350 2188 3394 Stadiasmo
2210 3351 2500 3406 colligerentur
2518 3351 2651 3395 stadia
2686 3351 2763 3396 135

1546 3428 1676 3470 quum
1703 3413 1808 3456 linea
1829 3421 1936 3455 recta
1964 3414 2127 3455 nonnisi
2146 3414 2277 3468 75-80
2294 3415 2346 3456 sit
2364 3412 2609 3457 stadiorum.
2630 3414 2706 3457 Dei

1548 3478 1590 3519 in
1616 3476 1885 3533 sequentibus
1907 3485 2162 3518 memoratur
2188 3477 2336 3529 insula,
2372 3490 2502 3533 quum
2537 3477 2579 3519 in
2603 3484 2691 3519 toto
2712 3476 2740 3519 h
2784 3475 2790 3480 ’

1547 3548 1681 3582 tractu
1699 3539 1820 3581 nullae
1841 3547 2004 3582 exstant
2025 3540 2102 3581 nisi
2120 3547 2201 3582 tres
2224 3539 2300 3582 illae
2312 3553 2405 3596 quoe
2418 3548 2515 3581 sunt
2523 3538 2720 3595 juxta'l'h
2788 3549 2795 3594 ζ

1550 3618 1648 3645 num
1690 3612 1898 3653 montem,
1925 3601 2030 3644 adeo
2053 3611 2097 3644 ut
2120 3610 2255 3659 pateat
2287 3601 2430 3645 decem
2462 3600 2594 3645 stadia
2625 3615 2718 3659 quoe

1548 3668 1727 3708 Macram
1750 3666 1922 3707 insulam
1941 3680 2028 3707 esse
2050 3664 2264 3717 dicuntur,
2281 3680 2304 3707 a
2326 3665 2512 3716 Sidonia,
2534 3679 2618 3707 non
2642 3678 2740 3707 vem

1548 3727 1761 3770 Charadro
1798 3728 2029 3783 computari
2062 3726 2228 3769 debere.
2271 3726 2396 3769 Unde
2427 3729 2616 3783 sequitur
2644 3726 2732 3784 peri

1548 3800 1760 3832 auctorem
1784 3790 1995 3841 hocloco,
2026 3798 2072 3831 ut
2089 3790 2257 3846 passim,
2283 3789 2623 3832 mediterraneam
2643 3802 2695 3831 ur
2769 3789 2770 3792 ’

1551 3868 1793 3903 memorare,
1811 3853 1988 3895 scribam
2010 3866 2106 3894 vero
2139 3855 2162 3906 S
2187 3852 2262 3902 145
2285 3853 2506 3895 oscitanter
2528 3865 2607 3909 pro
2628 3849 2704 3894 άπὸ

1550 3917 1687 3965 δωνίας
1705 3915 1865 3957 dedisse
1881 3914 1957 3957 ἀπὸ
1978 3914 2196 3971 Χαλάδρου.
2228 3914 2294 3957 Cs.
2326 3923 2415 3957 not.
2435 3914 2488 3957 ad
2510 3917 2535 3968 S
2555 3917 2648 3965 146.
2670 3913 2706 3956 (’
2769 3960 2775 3962 ,

1551 3993 1643 4020 rum
1681 3979 1731 4020 ad
1759 3977 2017 4020 Cliaradrum
2049 3975 2291 4020 referendus
2321 3977 2514 4019 videntur
2538 3977 2668 4019 ruine
2687 3975 2808 4031 μ’·

1553 4051 1647 4083 sunt
1670 4043 1710 4083 in
1731 4041 1872 4083 eadem
1898 4039 2130 4090 latitudine,
2151 4040 2193 4081 in
2216 4054 2296 4096 qua
2315 4039 2481 4083 Sidonia
2503 4034 2695 4096 ponenti·
2705 4038 2783 4085 Νι
2799 4062 2808 4083 ·.
