2808 4342
33 206 90 248 τι,
102 190 158 253 71)

59 293 244 354 ἰγινήτην
266 293 478 355 πολίχνιον
512 292 582 337 καὶ
606 291 790 352 ποταμὸν
827 293 985 339 στάδιοι
1009 293 1083 357 ρξ’.
1151 292 1252 340 Ἀπὸ

59 361 241 424 ἷγινήτου
265 360 335 406 ἐπὶ
359 359 538 407 Κίνωλιν
575 360 718 420 κώμην
752 361 823 407 καὶ
845 361 1031 422 ποταμὸν
1068 361 1187 426 (ἔχει
1209 360 1253 406 δὲ

44 429 86 475 αὶ
111 428 291 492 ὕφορμον
309 430 365 482 εἷς
383 429 457 486 τὴν
481 429 740 490 καλουμένην
762 429 1036 477 Ἀντικίνωλιν
1055 432 1069 490 )
1094 430 1253 476 στάδιοι

39 498 69 546 ’.
139 498 238 545 Ἀπὸ
262 498 484 552 Κινώλιδος
506 500 561 551 εἷς
583 498 800 559 Στεφάνην
831 500 976 559 κώμην
997 498 1154 544 στάδιοι
1179 498 1252 560 ρν’·

41 585 141 628 ρμος
157 566 311 613 ἐνθάδε.
381 567 480 615 Ἀπὸ
519 567 733 631 Στεφάνης
769 569 824 619 εἷς
857 565 1079 627 Ποταμοὺς
1101 565 1252 628 χωρίον

44 635 176 681 τάδιοι
202 637 277 700 ρκ’·
302 635 389 683 ἔστι
412 635 455 683 δὲ
478 636 667 689 εἴσπλους
689 639 745 689 εἷς
777 634 998 696 Ποταμοὺς
1019 634 1248 697 πορθμίοις.

23 704 117 750 Απὸ
137 707 349 766 Ποταμῶν
368 706 521 768 χωρίου
545 708 601 758 εἷς
621 705 807 767 Συριάδα
827 704 956 767 ἄκραν
977 703 1132 759 λεπτὴν
1157 703 1253 748 στά-

19 774 94 819 “toz
139 773 215 836 ρκ’.
283 774 382 820 Ἀπὸ
420 774 622 836 Συριάδος
673 774 801 837 ἄκρας
835 772 986 826 κόλπος
1025 773 1250 835 ἐνδέχεται.

25 841 327 888 Εἷσπλεύσαντι
347 842 389 888 δὲ
419 844 473 894 εἷς
497 843 618 888 αὐτὸν
638 845 691 894 εἷς
715 842 913 906 Ἁρμένην
936 843 1082 903 κώμην
1102 842 1173 888 καὶ
1192 844 1254 887 λι-

19 909 124 969 μένα
146 910 275 972 μέγαν
296 911 374 956 εἶσὶ
394 912 550 958 στάδιοι
570 912 604 956 ν’
610 950 622 961 .
689 911 813 959 Ἔστι
830 913 871 957 δὲ
890 912 1004 974 παρὰ
1023 911 1091 957 τὸν
1107 911 1254 970 λιμένα

19 979 205 1046 ποταμὸς
223 979 486 1041 Ὀχοσὸάνης
506 981 652 1041 ὄνομα.
722 981 822 1027 Ἀπὸ
843 981 1038 1043 Ἁρμένης
1057 983 1113 1032 εἷς
1130 979 1257 1027 Σινώ-

69 1067 102 1105 ,ν
122 1049 241 1094 πόλιν
264 1050 420 1096 στάδιοι
437 1050 488 1097 ν’.
555 1051 706 1096 Κεῒται
723 1049 764 1095 δὲ
784 1050 946 1096 ἐπὶτῶν
964 1050 1099 1112 ἄκρων
1117 1049 1254 1104 νησίον

18 1116 42 1162 ὃ
61 1118 250 1163 καλεῖται
281 1117 507 1170 Σκόπελος.
575 1118 699 1181 Ἔχει
723 1118 765 1164 δὲ
786 1118 1001 1163 διέκπλουν
1029 1119 1111 1169 τοῖς
1134 1118 1257 1162 ἐλάτ-

18 1204 105 1232 τοσι
127 1186 294 1245 πλοίοις,
316 1188 369 1233 τὰ
389 1188 430 1233 δὲ
451 1188 616 1248 μείζονα
636 1189 846 1251 περιπλεῖν
871 1188 952 1248 δεῖ,
973 1187 1043 1233 καὶ
1063 1186 1168 1233 οὕτω
1184 1205 1256 1245 κα-

20 1256 172 1319 ταίρειν
192 1259 247 1309 εἷς
269 1256 343 1313 τὴν
376 1257 514 1306 πόλιν.
585 1258 677 1304 Εἰσὶ
703 1257 749 1303 δὲ·
776 1259 858 1312 τοῖς
887 1255 1152 1320 περιπλέουσι
1179 1255 1254 1311 τὴν

20 1327 142 1382 νῆσον
166 1326 329 1380 πλείους
353 1327 472 1373 ἄλλοι
491 1326 648 1373 στάδιοι
668 1325 727 1388 μ’.
795 1327 894 1373 Ἀπὸ
918 1326 960 1372 δὲ
990 1325 1259 1388 Καράμὸιδος

20 1393 149 1457 ἄκρας
168 1395 331 1442 πλέοντι
350 1398 414 1442 ἐπ’
436 1396 590 1449 εὐθείας
611 1398 665 1449 εἷς
686 1395 878 1452 Σινώπην
901 1395 1059 1441 στάδιοι
1073 1394 1134 1457 ψ’.
1203 1395 1258 1440 Οἱ

20 1463 169 1516 πάντες
206 1465 287 1510 ἀπὸ
317 1466 589 1529 Ἀμάστριδος
626 1468 679 1518 εἷς
717 1465 911 1521 Σινώπην
950 1464 1107 1510 στάδιοι
1133 1462 1253 1525 ,αυν’.

20 1531 121 1578 Ἀπὸ
145 1531 187 1577 δὲ
212 1531 463 1596 Ἡρακλείας
484 1536 538 1585 εἷς
562 1534 756 1590 Σινώπην
778 1533 880 1596 βμᾝ
947 1532 1046 1581 Ἀπὸ
1064 1531 1105 1576 δὲ
1128 1531 1257 1592 Ἱεροῦ

23 1603 77 1654 εἷς
98 1601 294 1660 Σινώπην
314 1602 393 1649 εἰσὶ
418 1603 575 1649 στάδιοι
595 1603 713 1666 Ιγφοᾝ
780 1601 878 1648 Ἀπὸ
899 1601 1090 1657 Σινώπης
1111 1601 1164 1651 εἷς
1180 1598 1260 1646 Εὔ-

22 1688 148 1733 αρχον
168 1671 355 1732 ποταμὸν
379 1670 537 1717 στάδιοι
556 1671 613 1716 π’·
635 1665 748 1722 οὗτος
767 1673 787 1715 ὃ
808 1670 992 1730 ποταμὸς
1012 1668 1134 1731 ὁρίζει
1154 1671 1260 1714 Πα-

22 1740 248 1802 φλαγονίαν
281 1741 352 1787 καὶ
378 1740 452 1797 τὴν
478 1741 679 1803 ἐχομένην
707 1739 1028 1787 Καππαδοκίαν.
1096 1739 1151 1783 Οἱ
1176 1754 1260 1781 πα-

22 1810 134 1855 λαιοὶ
152 1809 232 1872 γὰρ
256 1809 328 1865 τὴν
352 1809 660 1855 Καππαδοκίαν
682 1808 875 1862 καθήκειν
900 1807 1114 1866 βούλονται
1139 1804 1261 1866 μέχρι

22 1881 93 1924 τοῦ
114 1878 307 1932 Εὖξείνου
333 1877 509 1925 Πόντου·
535 1878 639 1929 τινὲς
665 1879 683 1938 [
708 1875 784 1938 δὲ]
810 1874 955 1927 αὐτοὺς
978 1873 1262 1935 Λευκοσῦρους

22 1945 237 1992 ἐκάλεσαν·
271 1945 357 1991 νυνὶ
383 1945 425 1991 δὲ
460 1946 565 2005 μετὰ
595 1944 667 2000 τὴν
691 1943 987 2008 Παφλαγονίαν
1007 1943 1060 1988 τὰ
1084 1943 1261 2005 ἐχόμενα

25 2014 150 2077 μέχρι
177 2017 257 2060 τῶν
282 2013 561 2077 Βαρὸαρικῶν
585 2014 705 2076 ὁρίων
738 2014 850 2065 ἰδίως
877 2013 1031 2065 Πόντος
1061 2014 1262 2057 καλεῖται·

25 2082 217 2146 διῄρηται
237 2083 278 2128 δὲ
300 2084 354 2135 εἷς
372 2083 574 2146 ἐπαρχίας
598 2083 682 2130 δύο.

280 2220 486 2254 ΠΟΝΤΩΝ
515 2220 611 2253 ΤΩΝ
637 2211 679 2252 B'
708 2218 1010 2253 ΠΕΡΙΠΛΟΥΣ.

91 2341 142 2371 10.
177 2324 276 2370 Ἀπὸ
311 2324 506 2385 Εὖάρχου
543 2326 730 2381 ποταμοῦ
769 2324 823 2373 εἷς
860 2321 1080 2382 Κάρουσαν
1114 2320 1264 2383 χωρίον

31 2393 188 2440 στάδιοι
211 2393 258 2438 ο’·
283 2391 370 2454 ἔχει
389 2392 430 2437 δὲ
447 2391 518 2436 καὶ
535 2390 684 2450 λιμένα
704 2397 787 2442 τοῖς
806 2392 875 2453 ἀφ’
893 2389 1067 2451 ἑσπέρας
1085 2389 1264 2448 ἀνέμοις.

31 2462 132 2510 Ἀπὸ
166 2461 387 2524 Καρούσης
415 2460 568 2523 χωρίου
604 2462 659 2512 εἷς
693 2460 890 2522 Ζάγωρον
928 2459 1079 2521 χωρίον
1111 2459 1268 2504 στάδιοι

35 2531 109 2592 ρκ’.
178 2529 275 2577 Ἀπὸ
299 2529 498 2591 Ζαγώρου
517 2529 671 2591 χωρίου
696 2531 752 2580 εἷς
777 2530 967 2584 Ζάληκον
989 2527 1173 2587 ποταμὸν
1197 2526 1267 2573 καὶ

31 2601 176 2662 κώμην
197 2599 387 2660 ἀλίμενον
410 2598 567 2644 στάδιοι
589 2599 670 2661 ρκ’.
739 2597 839 2644 Ἀπὸ
857 2597 1049 2653 Ζαλήκου
1079 2601 1267 2656 ποταμοῦ

32 2672 87 2722 εἷς
105 2669 231 2716 Ἅλυν
261 2667 445 2730 ποταμὸν
471 2668 632 2713 πλωτὸν
670 2667 828 2712 στάδιοι
849 2666 922 2728 ρν’.
993 2666 1091 2712 Ἀπὸ
1123 2663 1269 2717 Ἅλυος

33 2743 222 2798 ποταμοῦ
244 2739 300 2790 εἷς
319 2737 468 2798 λίμνην
492 2737 563 2782 καὶ
586 2736 654 2782 τὸν
678 2736 778 2798 ὑπὲρ
811 2737 936 2791 αὐτῆς
958 2737 1083 2781 σάλον
1097 2771 1108 2791 ,
1133 2734 1173 2786 ὃς
1192 2753 1267 2779 κα-

33 2810 166 2852 λεῒται
196 2806 497 2866 Ναύσταθμος,
533 2805 691 2851 στάδιοι
724 2804 800 2867 ρκ’.
869 2804 968 2851 Ἀπὸ
991 2804 1267 2863 Ναυστάθμου

34 2878 88 2928 εἷς
110 2875 251 2938 ἑτέραν
273 2875 421 2935 λίμνην
443 2875 699 2934 καλουμένην
722 2873 947 2921 Κωνώπιον
966 2874 1154 2933 ἀλίμενον
1171 2872 1270 2917 στάτ

33 2946 203 3008 διοι·ρκ’.
271 2943 371 2990 Ἀπὸ
388 2943 614 2990 Κωνωπίου
633 2946 687 2995 εἷς
704 2943 868 3003 Ἀμισὸν
888 2943 1004 2989 πόλιν
1024 2942 1181 2987 στάδιοι
1199 2939 1270 3003 ρν’.

845 190 1118 237 ΕΡΙΤΟΜΕ
1152 189 1390 237 PERIPLI
1424 189 1735 235 MENIPPEI.

2463 196 2548 234 571

1325 307 1366 340 et
1391 299 1563 340 fluvium
1582 298 1714 340 stadia
1743 302 1833 340 160.
1900 296 1960 339 Ab
1986 298 2169 351 AEgincte
2201 295 2253 337 ad
2287 295 2449 337 Cinolin
2483 310 2554 351 pa-

1325 385 1423 425 gum
1450 378 1490 411 et
1511 371 1683 411 fluvium
1717 370 1871 423 (habet
1895 370 2017 411 etiam
2049 370 2265 409 stationem
2300 369 2470 410 navibus
2501 370 2555 412 ad

1324 442 1578 484 Antioinolin
1590 457 1715 498 quam
1733 445 1907 496 vocant)
1925 441 2053 483 stadia
2072 445 2139 484 60.
2199 443 2234 482 A
2253 441 2384 482 Cinoli
2401 441 2452 482 ad
2467 443 2555 484 Ste-

1322 515 1485 570 phanen
1514 516 1650 556 vicum
1673 515 1803 556 stadia
1840 515 1940 564 150;
1976 516 2043 556 bic
2064 523 2223 570 portus.
2284 517 2320 555 A
2354 515 2557 570 Stephane

1326 586 1378 627 ad
1409 589 1599 628 Potamos
1621 587 1830 628 castellum
1854 586 1982 628 stadia
2022 600 2123 636 120;
2160 593 2270 641 patet
2291 593 2428 626 autem
2467 586 2556 628 adi-

1326 662 1391 694 tus
1430 654 1620 695 lintribus
1659 655 1702 695 in
1749 657 1956 715 Potamos.
2016 655 2052 695 A
2081 654 2261 694 Potamis
2304 652 2466 694 castello
2503 654 2558 696 ad

1326 722 1535 777 Syriadem
1549 725 1704 778 Lepten
1721 723 2053 778 promontorium
2070 721 2199 762 stadia
2218 734 2311 763 120.
2344 721 2556 777 Syriadem

1326 792 1659 845 promontorium
1702 791 1816 831 sinus
1858 790 2024 844 excipit.
2083 789 2298 843 Naviganti
2334 797 2471 830 autem
2514 789 2557 830 in

1326 858 1462 913 ipsum
1493 858 1544 898 ad
1578 860 1788 899 Armenen
1808 857 1944 898 vicum
1973 865 2013 897 et
2042 865 2209 911 portum
2247 871 2443 910 magnum
2463 864 2560 898 sunt

1326 925 1456 966 stadia
1481 926 1547 967 50.
1607 928 1731 966 Juxta
1749 933 1917 980 portum
1947 924 2096 964 fluvius
2122 932 2182 964 est
2210 925 2379 964 nomine
2401 924 2558 965 Ochos·
2611 914 2615 919 ¹

1326 992 1466 1034 bancs.
1528 992 1594 1034 Ab
1626 994 1806 1033 Armene
1844 991 1896 1032 ad
1932 992 2110 1046 Sinopen
2146 991 2291 1032 urbem
2328 990 2458 1032 stadia
2482 980 2556 1033 ⁶50.

1327 1061 1394 1102 Ad
1426 1062 1701 1103 extremitates
1726 1069 1864 1102 autem
1888 1059 1995 1115 jacet
2025 1060 2158 1101 insula
2190 1074 2313 1115 parva
2350 1061 2559 1101 nominata

1327 1129 1533 1184 Scopelus,
1593 1119 1831 1170 Transitum
1847 1127 2014 1184 quidem
2034 1128 2187 1183 pra’bet
2201 1127 2431 1169 minoribus
2450 1128 2561 1169 navi·

1328 1197 1401 1251 giis
1416 1230 1427 1247 ‚
1449 1196 1519 1237 sed
1540 1196 1697 1251 majora
1718 1197 1826 1237 illam
1848 1196 2195 1250 circumnavigare
2221 1204 2396 1251 oportet,
2422 1204 2462 1237 et
2480 1197 2561 1237 hoc

1328 1264 1455 1306 modo
1483 1265 1536 1306 ad
1557 1265 1704 1306 urbem
1734 1265 1948 1320 appellere.
2009 1265 2189 1306 Insulam
2212 1279 2309 1305 vero
2331 1266 2561 1308 circumna-

1329 1335 1561 1389 vigantibus
1591 1335 1668 1375 alia
1700 1335 1868 1389 insuper
1897 1334 2026 1374 stadia
2057 1342 2153 1374 sunt
2185 1337 2250 1382 40.
2313 1336 2348 1374 A
2372 1333 2560 1374 Carambi

1329 1404 1618 1459 promontorio
1638 1405 1681 1443 in
1704 1403 1907 1444 directum
1933 1403 2139 1456 naviganti
2159 1401 2211 1442 ad
2234 1403 2413 1456 Sinopen
2434 1402 2561 1441 stadia

1331 1486 1426 1526 70⁰·
1488 1472 1638 1512 Omnia
1668 1471 1720 1512 ab
1757 1471 1937 1512 Amastri
1967 1469 2019 1510 ad
2055 1470 2234 1523 Sinopen
2274 1468 2404 1509 stadia
2442 1469 2561 1516 1450.

1331 1540 1397 1580 Ab
1413 1539 1608 1580 Heraclea
1625 1537 1678 1579 ad
1697 1539 1876 1592 Sinopen
1894 1539 2016 1586 2040.
2079 1539 2115 1577 A
2131 1538 2244 1576 Fano
2259 1544 2395 1576 autem
2418 1535 2434 1589 [
2451 1537 2564 1576 Jovis

1331 1609 1455 1662 Urii]
1485 1607 1538 1648 ad
1561 1609 1740 1662 Sinopen
1773 1615 1870 1647 sunt
1905 1606 2034 1646 stadia
2071 1606 2194 1660 3570.
2254 1607 2292 1646 A
2327 1604 2477 1660 Sinope
2512 1604 2564 1645 ad

1334 1675 1571 1715 Euarchum
1594 1676 1767 1716 fluvium
1805 1673 1937 1715 stadia
1974 1676 2048 1723 80;
2069 1674 2138 1714 hic
2159 1673 2310 1713 fluvius
2342 1672 2565 1728 Paphlago-

1335 1743 1445 1782 niam
1466 1751 1506 1782 et
1522 1742 1737 1783 finitimam
1754 1740 2051 1796 Cappadociam
2071 1740 2339 1781 disterminat.
2397 1741 2566 1780 Veteres

1336 1810 1445 1850 enim
1475 1810 1775 1865 Cappadociam
1808 1817 2039 1863 porrectam
2069 1823 2154 1848 esse
2183 1808 2326 1848 volunt
2358 1821 2488 1861 usque
2513 1806 2566 1848 ad

1334 1877 1546 1917 Euxinum
1574 1878 1780 1926 Pontum3
1802 1875 1988 1916 nonnulli
2008 1875 2097 1916 illos
2115 1874 2377 1930 Cappadoces
2411 1876 2567 1916 Leuco—

1334 1960 1448 2000 syros
1467 1933 1744 2001 appellarunt;
1760 1959 1871 1985 nunc
1887 1959 1983 1985 vero
1999 1959 2090 1999 quae
2104 1943 2420 1998 Paphlagoniam
2432 1943 2569 1998 proxi-

1335 2028 1400 2054 me
1419 2014 1629 2069 excipiunt
1644 2028 1774 2067 usque
1789 2013 1841 2053 ad
1857 2014 1956 2053 fine-s
1971 2012 2211 2052 Barbaricos
2229 2012 2396 2065 proprie
2413 2013 2568 2051 Pontus

1335 2089 1558 2130 vocantur3
1584 2079 1785 2120 dividitur
1805 2089 1942 2120 autem
1955 2081 1998 2119 in
2017 2079 2119 2118 duas
2141 2078 2417 2132 praesecturas.

1552 2222 1758 2254 DUORUM
1793 2221 1985 2254 PONTOR
1995 2222 2064 2254 ΟΜ
2100 2220 2354 2253 PERIPLUS.

1400 2337 1463 2365 10.
1496 2323 1562 2364 Ab
1594 2322 1785 2363 Euarcho
1818 2322 1944 2361 fluvio
1974 2319 2027 2361 ad
2049 2321 2244 2362 Carusam
2265 2318 2470 2360 castellum
2493 2327 2570 2361 sta-

1340 2404 1408 2444 dia
1438 2418 1516 2458 703
1553 2403 1704 2444 etenim
1725 2411 1892 2457 portum
1939 2401 2063 2442 habet
2094 2408 2300 2455 patentem
2353 2401 2484 2440 ventis
2519 2400 2571 2439 ab

1340 2483 1552 2525 occidente
1580 2483 1788 2524 flantibus.
1850 2485 1886 2523 A
1913 2483 2066 2522 Carusa
2096 2480 2256 2521 castello
2278 2479 2330 2520 ad
2366 2482 2570 2533 Zagorum

1340 2560 1547 2601 castellum
1579 2558 1710 2600 stadia
1735 2572 1827 2600 120.
1887 2547 1924 2599 A
1947 2560 2103 2611 Zagoro
2122 2556 2282 2597 castello
2301 2555 2353 2597 ad
2383 2556 2570 2597 Zalecutn

1340 2637 1512 2676 fluvium
1542 2643 1582 2675 et
1600 2635 1736 2674 vicum
1753 2635 2054 2688 importuosum
2075 2622 2204 2673 stadia
2227 2645 2318 2674 110.
2374 2634 2415 2673 A
2428 2632 2572 2672 Zaleco

1341 2713 1470 2753 fluvio
1513 2711 1565 2752 ad
1601 2710 1748 2765 Halym
1792 2709 1965 2750 fluvium
1999 2708 2268 2762 navigabilem
2308 2707 2435 2749 stadia
2478 2706 2569 2748 150.

1340 2786 1405 2827 Ab
1424 2785 1527 2840 Haly
1546 2785 1672 2825 fluvio
1685 2784 1736 2824 ad
1755 2783 1948 2839 paludem
1964 2790 2004 2822 et
2022 2782 2151 2823 salum
2167 2781 2440 2837 superjacens,
2459 2779 2573 2835 quod

2238 2859 2275 2898 A
2303 2854 2574 2895 Naustathmo

1345 2939 1397 2981 ad
1424 2939 1544 2980 aliam
1563 2936 1755 2994 paludem
1786 2936 2085 2990 importuosam
2100 2964 2111 2983 ,
2137 2946 2227 2987 quae
2247 2932 2478 2985 Conopium
2499 2943 2574 2969 no-

1340 2862 1636 2903 Naustathmus
1666 2859 1905 2915 appellatur,
1930 2856 2059 2898 stadia
2086 2870 2178 2898 120.

95 3093 132 3120 1.
159 3076 356 3132 Αἰγινίτην
374 3085 414 3117 et
432 3091 531 3116 mox
547 3075 741 3131 Λίγινίτου
774 3075 868 3116 cod.
909 3076 924 3128 Ι]
946 3099 1001 3106 -
1021 3088 1061 3116 2.
1094 3074 1272 3125 Κινώλην

34 3139 130 3182 cod.
149 3139 333 3179 Millerus
352 3140 549 3178 Vossium
569 3148 732 3179 secutus
758 3137 873 3179 dedit
891 3151 900 3178 2
921 3137 982 3178 ἐπὶ
1008 3137 1173 3177 Κίνωλιν
1197 3138 1273 3176 κώ-

37 3215 112 3256 μην
125 3200 190 3240 καὶ
205 3199 379 3254 ποταμὸν
397 3201 550 3255 [στάδια
569 3199 601 3247 ξ’
617 3199 757 3255 ]·ρἔει
776 3200 816 3240 δὲ
835 3199 899 3239 καὶ
913 3199 1098 3254 ὕφορμον.
1124 3197 1189 3245 Εἷς
1204 3196 1273 3248 τὴν

36 3262 126 3305 καλ.
161 3261 415 3302 Ἀντικίνωλιν
434 3263 541 3302 σταδ.
562 3262 606 3308 ξ’.
626 3265 680 3304 At
698 3277 866 3317 pergere
886 3270 974 3303 tum
1000 3261 1175 3302 debebat
1201 3259 1275 3301 ἀπὸ

41 3322 366 3373 Ἀντικινώλιδος;
392 3337 526 3377 neque
550 3337 641 3378 quae
660 3325 767 3365 infra
795 3325 1024 3365 instituitur
1048 3323 1276 3364 stadiorum

39 3385 294 3440 computatio
315 3385 470 3439 patitur
488 3393 535 3424 ut
554 3389 606 3427 60
634 3385 765 3425 stadia
781 3386 825 3425 h.
850 3386 878 3426 l.
908 3386 1181 3435 inculcentur,
1203 3399 1275 3425 ne-

38 3461 119 3501 que
138 3445 252 3487 aliud
273 3444 501 3500 quidquam
516 3454 577 3485 est
598 3460 672 3486 cur
692 3455 887 3500 corrupta
905 3461 991 3486 esse
1007 3454 1145 3486 nostra
1163 3455 1277 3500 pute-

40 3523 133 3549 mus
147 3540 159 3559 ,
191 3522 283 3562 quae
308 3507 451 3548 eadem
481 3508 647 3548 exhibet
665 3510 925 3562 Anonymus.
957 3509 971 3561 ΙΙ
992 3531 1047 3538 -
1065 3510 1107 3556 4.
1137 3509 1249 3548 στάδ
1263 3540 1271 3548 .

40 3570 139 3626 ρν’]
168 3572 245 3611 180
266 3584 347 3610 sec.
372 3572 539 3612 Arrian.
561 3579 601 3610 et
630 3572 784 3611 Anom.
815 3570 830 3623 ΙΙ
852 3593 909 3600 —-
932 3573 971 3610 6.
1011 3570 1148 3609 στάδ.
1171 3569 1275 3624 ρκ’]

45 3635 123 3674 150
163 3634 304 3674 Α11011.
340 3640 380 3672 et
413 3634 510 3673 Arr.
545 3633 644 3686 11-
680 3636 720 3672 6.
757 3629 983 3679 εἷ’ςπλους
1017 3630 1085 3678 εἰς
1118 3631 1275 3671 Ποτα-

44 3695 195 3750 μοὺς]
227 3709 258 3735 ε.
287 3709 317 3735 ε.
338 3694 513 3749 ποταμὸν
537 3693 651 3744 cod.;
676 3708 758 3734 em.
784 3694 933 3735 Miller.
960 3694 976 3748 ll
999 3718 1055 3724 —-
1079 3708 1119 3747 7.
1140 3693 1276 3748 Συριά-

40 3758 88 3796 δα
109 3753 370 3811 ἀκρουλεπτὴν
394 3755 523 3796 codex
558 3755 784 3810 Anonymi.
821 3755 837 3809 Ι]
864 3778 921 3785 -
945 3769 986 3808 9.
1021 3753 1057 3795 ’A
1072 3755 1277 3809 ρμένην]

40 3820 98 3859 sic
121 3817 276 3868 codex;
304 3816 482 3873 Ἁρμένην
505 3818 622 3859 editt.
645 3818 709 3858 Cs.
735 3816 876 3871 Steph.
895 3816 988 3871 Byz.
1011 3828 1021 3856 ε
1051 3814 1273 3870 Ἇρμένη,

41 3883 152 3935 κώμη
175 3879 463 3934 Παφλαγονίας.
481 3880 676 3926 Μένιππος
700 3878 737 3919 ἐν
755 3877 952 3933 Περίπλῳ.
972 3875 1082 3931 Παρὰ
1101 3876 1140 3917 δὲ
1159 3877 1276 3917 Ξενο-

40 3947 159 3997 φῶντι
183 3940 221 3982 ἐν
247 3939 478 3989 Ἀναῧάσεως
509 3939 581 3995 [ς’]
602 3942 702 3993 (VI,
729 3954 766 3990 1,
793 3939 844 3995 9)
884 3937 1047 3994 Ἀρμήνη
1068 3938 1131 3978 διὰ
1153 3941 1220 3979 τοῦ
1234 3954 1274 3991 η.

48 4005 63 4057 ΙΙ
81 4028 135 4034 -
152 4017 217 4046 10.
241 4003 369 4045 σταδ.
385 4002 448 4057 ν’]
472 4006 525 4044 60
543 4003 708 4044 Arrian.
732 4003 748 4054 (
769 4005 819 4054 67
840 4000 934 4041 cod.
953 4001 1273 4053 Anon.).1*'ort.

1344 3073 1466 3113 etiam
1486 3085 1529 3111 n.
1543 3070 1572 3110 l.
1594 3070 1670 3122 leg.
1695 3072 1762 3109 60.
1784 3068 1931 3121 11—11.
1956 3062 2201 3127 Ὀχθομανὴς
2217 3065 2373 3111 Anon.,
2398 3060 2575 3116 Ὀχέραι-

1346 3149 1407 3182 νος
1422 3133 1602 3188 Scylax§
1626 3134 1694 3184 89.
1719 3131 1734 3183 ΙΙ
1757 3153 1813 3159 -
1831 3141 1897 3168 12.
1916 3142 1999 3167 στα
2011 3127 2047 3165 δ.
2070 3125 2136 3180 ν’]
2158 3123 2199 3179 μ’
2216 3127 2310 3165 Arr.
2332 3132 2371 3163 et
2390 3126 2471 3164 An.
2498 3125 2575 3177 ΙΙ-

1349 3197 1413 3236 13.
1436 3192 1714 3245 Σκόπελος]
1734 3192 1762 3230 i.
1784 3202 1970 3244 e.pr0m.
1995 3191 2074 3228 Bos
2094 3190 2210 3242 Tepe.
2237 3187 2382 3238 11-14.
2406 3186 2573 3239 κατέρειν

1345 3257 1458 3308 cod.;
1473 3254 1661 3308 καταίρειν
1675 3255 1811 3293 Anon.
1833 3252 1847 3304 Η
1864 3251 1996 3290 -18.
2012 3247 2139 3303 ,αυνῚ
2154 3243 2363 3303 ,αψν’0οἀ.;
2378 3247 2573 3300 colligun-

1347 3329 1414 3360 tur
1428 3317 1532 3358 stad.
1558 3318 1684 3364 1440,
1708 3322 1752 3354 ut
1762 3313 1903 3353 decem
1919 3311 2048 3352 stadia
2063 3312 2103 3350 in
2124 3318 2278 3350 antece.
2303 3309 2485 3348 numeris
2501 3308 2572 3349 de-

1347 3379 1591 3418 siderentur.
1603 3380 1741 3429 Quare
1751 3376 1791 3415 in
1805 3382 1960 3415 antece.
1977 3377 2028 3414 60
2036 3387 2113 3427 pro
2127 3372 2178 3413 50
2194 3369 2486 3426 reponendaex
2494 3372 2573 3411 Ar-

1346 3442 1461 3481 riano
1477 3448 1578 3494 puto
1596 3440 1610 3492 Η
1626 3462 1682 3469 -
1693 3451 1760 3478 2ο.
1782 3435 1841 3475 E&
1851 3451 1874 3475 α
1886 3451 1905 3490 ρ
1917 3451 1946 3489 χ
1956 3450 1975 3474 0
1987 3450 2005 3475 ν
2023 3435 2037 3489 ]
2053 3434 2230 3488 Stephan
2271 3446 2281 3473 ε
2299 3432 2550 3472 Καππαδοκία
2560 3463 2571 3482 ,

1345 3504 1455 3557 χώρα
1471 3503 1519 3556 τῇ
1535 3500 1687 3554 Κιλικίᾳ
1705 3498 1937 3553 πρόσὸορρος
1951 3527 1961 3546 ,
1977 3497 2027 3543 ὥς
2045 3509 2136 3546 φησι
2158 3494 2251 3535 Μέν
2264 3509 2419 3541 ιππος·
2444 3511 2459 3530 «
2488 3492 2574 3534 Ἀπὸ

1347 3565 1519 3613 Σινώπης
1542 3561 1591 3608 εἷς
1612 3560 1787 3615 Εὔαρχον
1804 3558 1995 3613 ποταμὸν,
2015 3558 2056 3604 ’ὸς
2075 3556 2191 3610 ὁρίζει
2218 3554 2493 3610 Παφλαγονίαν
2513 3556 2575 3595 καὶ

1348 3625 1634 3673 Καππαδοκίαν,
1655 3622 1710 3663 **.
1730 3639 1745 3659 »
1766 3623 1821 3661 V.
1847 3629 1933 3661 not.
1949 3619 2000 3660 ad
2014 3620 2177 3660 Arrian.
2200 3619 2216 3671 Ι]
2234 3642 2291 3648 -
2309 3631 2378 3658 22.
2400 3617 2488 3670 ἐχο
2502 3617 2574 3670 με’-

1348 3704 1398 3740 νη
1411 3704 1429 3727 ν
1461 3684 1676 3727 Καππαδ.
1697 3685 1712 3739 ]
1736 3682 1796 3737 ἐχ.
1819 3682 2048 3734 κληπαικίαν
2070 3679 2182 3730 cod.;
2200 3694 2280 3720 em.
2299 3678 2488 3720 Hudson.

1402 3753 1518 3802 510,
1554 3748 1581 3788 l.
1605 3748 1673 3788 31.
1708 3745 1777 3792 εἰς
1801 3745 2029 3798 Ζάγωρον
2066 3742 2197 3783 σταδ.
2223 3740 2318 3795 ρκ’]
2349 3738 2399 3787 εἷς
2413 3738 2575 3793 Ζάγωρα

1348 3812 1456 3852 σταδ.
1496 3809 1553 3864 ρν’
1578 3809 1761 3857 Arrian.;
1793 3806 1887 3847 dein
1919 3805 2047 3846 codex
2071 3804 2267 3845 Marcian.
2297 3802 2495 3856 Ζαχώρου.
2526 3802 2576 3841 111

1347 3886 1461 3927 seqq.
1480 3885 1644 3925 quoque
1660 3869 1795 3910 varius
1810 3877 1870 3909 cst
1888 3867 1940 3908 de
1954 3867 2138 3907 locorum
2153 3863 2355 3904 distantiis
2375 3863 2576 3916 Anonymi

1348 3934 1510 3977 Arriani
1528 3942 1568 3973 ct
1582 3932 1765 3986 Menippi
1788 3930 2006 3970 dissensus.
2023 3931 2127 3980 „Qua
2153 3926 2203 3966 ,ie
2221 3940 2265 3966 rc
2287 3924 2409 3965 semel
2428 3923 2578 3964 dixisse

1348 3999 1391 4038 in
1405 4005 1511 4038 notis
1524 3995 1575 4037 ad
1588 3995 1753 4037 Arrian.
1765 3994 1859 4034 satis
1872 4001 1971 4033 erat.
1994 3991 2139 4044 11—39..
2152 3989 2176 4028 Z
2190 3988 2247 4028 ἀλ
2259 4003 2282 4040 η
2293 4004 2315 4028 ν.
2327 4002 2374 4027 ον
2391 3987 2475 4042 ]sic
2488 3986 2532 4027 h.
2546 3984 2574 4026 l.
