2782 4348
175 204 262 245 188
541 223 585 267 0
1131 189 1213 236 EX
1245 188 1455 236 AGA'rfl
1464 188 1624 237 Auen
1633 191 1646 236 Ι
1655 190 1732 237 DE
2617 188 2729 249 (οι).-

42 300 158 340 Pliot.
173 296 219 344 δὲ
236 296 475 361 Ἀφροδίτης
491 294 731 356 ὠνομάσθη.
798 293 874 340 Ἔν
892 284 951 343 οἷς
970 290 1043 336 καὶ
1063 294 1179 346 νῆσοι
1200 297 1309 353 τρεῖς
1327 290 1406 339 εἶσὶ
1474 295 1647 353 peilatus
1668 306 1745 340 est.
1799 298 1883 341 Ubi
1906 306 1988 340 tres
2016 299 2139 341 etiam
2169 296 2311 340 insulae
2335 304 2511 347 exstant,
2534 310 2708 352 quarum
2767 302 2775 326 ¹

174 365 468 430 προκείμενα,
489 358 547 412 ὧν
573 366 615 410 αἱ
639 362 713 424 μὲν
737 360 895 412 necui<
925 359 1244 416 πεπύκνωνται,
1265 360 1342 421 μία
1360 360 1404 408 δὲ
1474 363 1570 407 due
1591 365 1719 408 olivas
1735 365 1888 408 habent
1913 366 2078 408 crebras
2100 374 2141 408 et
2162 364 2309 407 densas
2323 396 2335 416 ,
2360 379 2443 406 una
2463 365 2600 406 minus
2620 366 2740 422 qui-0}

1471 509 1616 544 mento
1633 502 1819 558 insignis,
1840 502 2013 559 adjacet.
2072 504 2205 560 Supra
2227 519 2323 547 eum
2335 513 2431 546 sunt
2450 513 2531 546 tres
2552 503 2708 555 insulae,
2741 484 2773 559 ,ἐς

1471 582 1649 625 quarum
1664 569 1758 612 duae
1774 570 1959 613 olearum
1975 571 2094 627 copia
2109 571 2315 614 umbrosa·
2333 581 2445 624 suut,
2460 574 2577 614 tertia
2592 572 2714 613 arbo-
2764 563 2782 613 3

40 502 153 542 Diod-
169 517 325 545 κιινται
346 497 390 544 δὲ
407 496 551 543 τούτου
570 498 684 548 νῆσοι
700 494 832 554 speie,
855 482 914 536 ὧν
929 488 1002 537 δύο
1017 489 1093 552 μὲν
1110 490 1280 558 πλήρεις
1297 494 1401 543 εἰσὶν

170 570 318 615 ἐλαιῶν
353 565 424 612 καὶ
445 564 620 617 σύσκιοι,
644 561 720 621 μία
746 561 788 605 δὲ
809 560 1035 618 λειπομένη
1065 564 1125 624 τῷ
1146 563 1294 619 πλήθει
1317 567 1400 612 τῶν

165 725 310 781 ἔχοντα
327 720 484 763 σκολιόν
503 721 536 772 ).
558 718 646 759 We
664 715 795 758 found
823 731 880 759 no
897 720 1078 761 remains
1099 719 1150 762 ol*
1164 721 1337 764 cisterns
1351 737 1402 765 or

162 786 285 828 wells.
319 787 376 826 As
397 790 440 824 to
465 781 535 822 the
544 778 649 833 sons
682 778 847 821 Tadnos
878 779 1033 836 [quem
1063 781 1222 825 Plinius
1242 785 1319 835 v1,
1344 785 1397 827 33

161 849 213 891 ad
232 846 548 903 Myoshormum
573 856 660 883 esse
688 841 864 899 resert]‚
879 857 942 886 we
957 852 1068 886 must
1087 844 1186 888 look
1207 845 1273 888 sor
1294 847 1326 888 it
1354 848 1397 889 in

162 912 232 953 the
249 910 329 952 low
363 907 480 962 ridge
501 904 552 947 of
563 905 801 947 mountains
821 904 951 947 about
973 914 1059 948 tree
1090 921 1141 949 or
1162 906 1258 950 sour
1282 908 1399 951 miles

160 973 235 1016 off.
264 975 301 1015 A
319 968 653 1025 watering·place
670 967 751 1010 still
768 969 895 1010 exists
916 968 1058 1021 there;
1086 969 1165 1012 but
1189 971 1260 1013 the
1274 980 1400 1015 water

160 1037 195 1078 is
215 1035 306 1085 salt,
327 1032 485 1088 though
507 1030 724 1073 drinkable
758 1029 815 1087 by
842 1030 1007 1074 camels.
1028 1034 1134 1075 Mox
1159 1032 1322 1076 deserta
1342 1035 1403 1077 ad

159 1098 471 1155 Mymleormon,
502 1108 594 1151 says
621 1093 764 1150 Pliny3
798 1092 883 1136 and
910 1094 1013 1136 with
1029 1109 1176 1138 reason
1204 1110 1299 1153 may
1318 1097 1400 1140 this

158 1161 212 1204 be
231 1159 320 1203 said
335 1159 384 1202 of
392 1159 463 1201 the
480 1157 614 1199 whole
636 1165 749 1199 coast
773 1156 839 1199 for
859 1156 991 1200 miles.
1016 1159 1081 1200 To
1095 1158 1166 1201 the
1184 1160 1307 1202 south
1329 1161 1400 1203 the

158 1239 233 1281 eye
267 1221 456 1267 wanders
488 1213 589 1263 over
619 1236 643 1262 a
664 1220 775 1276 plain
798 1235 853 1262 on
887 1220 1025 1265 which
1055 1222 1088 1263 is
1114 1222 1276 1264 neither
1296 1223 1400 1266 herb

157 1301 239 1330 nor
254 1295 357 1338 tree,
381 1291 529 1340 except
561 1284 631 1325 the
653 1283 787 1339 bushy
805 1282 933 1324 salsas
960 1285 977 1337 (
993 1283 1216 1337 Elaeagnus
1230 1287 1264 1339 ),
1292 1286 1401 1328 close

158 1359 204 1393 to
217 1349 289 1392 the
308 1357 456 1391 waters
469 1347 596 1402 cdge;
623 1361 678 1387 on
696 1354 789 1402 spot
808 1346 857 1387 or
875 1346 945 1388 the
963 1355 1076 1389 coast
1096 1348 1130 1388 is
1147 1349 1332 1391 resorted
1359 1359 1402 1392 to

157 1413 341 1468 asbeing
363 1411 539 1467 entirely
566 1418 708 1452 eovert
737 1410 837 1451 with
866 1410 968 1461 salt;
999 1411 1032 1452 it
1051 1411 1085 1452 is
1104 1411 1246 1468 nearly
1268 1427 1400 1470 oppo-

157 1477 235 1519 site
253 1476 324 1518 the
341 1473 491 1528 Sass'agi
522 1486 573 1514 or
589 1470 784 1514 Jass'atine
807 1472 922 1514 Isloe.
944 1473 1009 1515 To
1037 1472 1107 1515 the
1141 1475 1184 1516 S.
1216 1475 1297 1518 W.
1330 1476 1400 1518 the

157 1538 274 1597 plaoe
294 1539 329 1581 is
341 1534 549 1580 bordered
571 1535 626 1592 by
648 1535 718 1577 the
736 1535 786 1577 El
803 1535 1038 1593 Memsayah
1057 1537 1180 1579 chain
1199 1538 1402 1595 ofprimi-

159 1600 218 1645 tif
228 1601 489 1651 mountains,
506 1598 644 1641 which
680 1612 750 1639 are
786 1606 829 1639 at
861 1612 885 1639 a
921 1597 1203 1642 considerable
1220 1599 1404 1643 distance

159 1664 269 1707 from
292 1663 362 1705 the
379 1676 473 1713 ωας
499 1676 556 1704 on
585 1661 657 1703 the
679 1662 760 1704 W.
781 1660 863 1702 and
885 1662 939 1702 N.
962 1662 1043 1704 W.
1074 1676 1100 1703 a
1127 1662 1206 1704 low
1222 1662 1340 1719 ridge
1360 1663 1411 1706 os

163 1726 389 1770 calcarious
412 1724 506 1767 hills
525 1726 541 1779 (
560 1725 725 1779 uniting
742 1738 767 1766 a
784 1723 941 1766 similar
960 1738 1063 1780 rang
1083 1739 1108 1766 a
1134 1724 1237 1768 little
1268 1734 1312 1768 to
1332 1726 1404 1768 the

165 1791 318 1847 north)
347 1788 600 1846 approach&
620 1788 765 1829 within
791 1786 888 1829 sour
905 1787 1020 1829 mila
1045 1786 1096 1829 of
1107 1788 1176 1830 the
1197 1804 1290 1841 sea3
1320 1790 1403 1831 and

165 1855 212 1897 in
232 1854 302 1896 the
323 1852 507 1895 distance
532 1865 587 1892 on
615 1850 684 1891 the
713 1851 837 1892 north
866 1851 900 1892 is
918 1866 1013 1893 seen
1042 1851 1112 1894 the
1131 1853 1345 1894 mountain
1360 1852 1411 1894 os

164 1917 343 1967 Ez-zeit,
378 1930 425 1957 so
454 1913 582 1957 ealled
618 1913 726 1955 from
762 1914 835 1957 the
870 1914 1059 1970 quantity
1093 1913 1141 1956 af
1173 1915 1403 1971 petroleum

166 1979 299 2023 found
315 1979 452 2029 there,
472 1977 642 2018 whence
660 1975 819 2032 project
837 1985 919 2018 two
942 1976 1058 2018 small
1075 1976 1299 2019 headlands
1321 1979 1405 2021 sor-

159 2044 277 2099 ming
309 2050 393 2084 two
412 2039 518 2095 gulss
554 2048 596 2081 at
618 2039 687 2080 the
709 2048 904 2081 entrance
929 2039 979 2081 of
1002 2040 1134 2082 which
1172 2055 1242 2083 are
1278 2056 1403 2098 many

157 2105 256 2160 long
281 2102 549 2146 saud-banks.
573 2103 670 2158 May
691 2100 773 2143 this
802 2101 854 2142 be
873 2101 943 2142 the
961 2116 1076 2143 mons
1108 2105 1193 2144 Eos
1211 2102 1262 2144 of
1283 2103 1402 2159 Pliny

158 2178 209 2210 or
233 2167 304 2210 the
326 2167 413 2222 ὄρος
436 2165 475 2208 ἐν
506 2165 625 2222 πεδίῳ
649 2163 837 2220 μιλτῶδες
858 2164 907 2205 os
920 2163 1098 2205 Strabo?
1116 2183 1134 2199 ι
1162 2163 1227 2205 Cf.
1264 2165 1399 2207 Well-

157 2228 249 2272 sted
277 2228 447 2273 Travels
478 2228 521 2269 in
541 2225 707 2269 Arabia
734 2228 798 2277 11,
834 2240 876 2282 p.
900 2226 976 2267 123
997 2240 1089 2281 sqq.
1118 2228 1154 2268 Α
1181 2227 1315 2282 Copto
1344 2228 1398 2272 ad

154 2291 469 2349 Myoshormum
486 2323 497 2340 ,
524 2289 726 2346 Strabone
761 2296 862 2330 teste
884 2303 927 2344 p.
964 2289 1061 2339 805,
1097 2303 1167 2330 sex
1194 2298 1402 2345 septemve

156 2356 235 2396 iter
266 2353 456 2403 dierum;
485 2351 610 2407 idque
631 2350 807 2406 quadrat
836 2352 878 2392 in
912 2350 1149 2393 distantiam
1183 2366 1266 2408 qua
1301 2354 1401 2408 Kqst

157 2424 371 2473 separatur
398 2415 450 2456 ab
477 2414 718 2457 Abucleaar.
749 2414 825 2455 His
846 2412 953 2455 adde
980 2412 1095 2469 quod
1117 2414 1192 2455 viae
1213 2428 1237 2456 a
1266 2416 1400 2472 Copto

162 2479 257 2520 illuc
287 2477 477 2519 ducentis
502 2477 656 2532 priscas
680 2477 876 2518 stationes
897 2477 1126 2518 etiamnum
1155 2476 1249 2518 licet
1272 2492 1400 2533 agno-

161 2555 290 2583 scere.
330 2538 649 2581 Devehebantur
670 2539 714 2580 in
736 2539 850 2580 huuc
880 2547 1050 2594 portum
1086 2539 1270 2593 ingentes
1301 2554 1399 2596 por-

161 2604 335 2660 phyritae
350 2601 504 2657 lapides
518 2602 589 2655 qui
610 2599 707 2641 inde
729 2615 752 2642 a
774 2600 934 2643 Claudii
959 2602 1060 2655 imp.
1077 2601 1334 2656 temporibus
1356 2605 1398 2645 in

158 2666 396 2723 propinquo
435 2663 580 2718 Djebel
619 2662 793 2704 Dokhcm
838 2663 924 2704 sive
973 2662 1202 2704 Claudiano
1257 2674 1398 2707 monte

158 2727 412 2771 eruebantur
431 2724 571 2779 (Vide
603 2724 690 2765 fuse
718 2724 924 2780 docteque
944 2724 997 2766 de
1029 2725 1093 2766 his
1122 2736 1397 2781 exponentem

158 2790 433 2835 Letronnium
457 2789 499 2828 in
537 2787 700 2828 Recuei!
722 2787 792 2828 cles
818 2790 953 2829 Jnscr.
988 2790 1031 2838 Ι,
1062 2802 1105 2842 p.
1147 2793 1224 2843 176
1247 2804 1339 2846 sqq.
1362 2796 1395 2845 ).

156 2855 295 2909 Atque
341 2851 422 2893 hoc
460 2848 629 2905 quidem
670 2849 973 2899 certissimum3
1019 2849 1096 2891 alia
1129 2853 1301 2905 quaestio
1338 2861 1398 2894 est

157 2929 261 2958 num
279 2927 421 2971 reapse
441 2911 498 2954 ibi
521 2911 835 2967 Myoshormus,
857 2911 1171 2954 celeberrimum
1199 2914 1297 2955 olim
1313 2929 1398 2957 em·

156 2978 341 3036 perium,
365 2973 629 3019 collocandus
650 2975 727 3024 sit;
756 2989 852 3016 nam
875 2988 959 3016 una
980 2975 1061 3016 hoc
1083 2976 1230 3017 nititur
1256 2986 1396 3019 aucto-

155 3042 279 3085 ritate
296 3039 531 3089 Ptolemaei;
552 3038 834 3093 antiquiorum
857 3038 1039 3088 testium,
1064 3038 1394 3092 Agatharchidis,

157 3101 428 3153 Artemidori,
451 3100 602 3157 Peripli
626 3101 749 3143 maris
781 3100 929 3152 Rubri,
953 3100 1072 3154 longe
1093 3100 1170 3143 alia
1207 3102 1283 3143 suit
1306 3117 1397 3145 sen-

158 3166 299 3209 tentia.
321 3164 481 3207 Insulas
496 3162 665 3220 quidem
689 3172 788 3214 tres,
809 3177 912 3218 quas
930 3161 1107 3217 objectas
1125 3164 1396 3218 Myoshormo

158 3234 237 3285 Ag.
265 3229 367 3272 dicit
379 3259 392 3280 ,
410 3242 508 3270 cum
531 3225 781 3270 Wellstedio
796 3225 951 3268 dixeris
970 3240 1058 3267 esse
1071 3225 1273 3267 Shadwan
1288 3259 1298 3275 ,
1325 3227 1397 3268 1³1·-

62 3298 67 3306 '
159 3293 238 3334 101³
272 3289 414 3334 island
431 3299 472 3332 et
492 3288 640 3339 Jobal,
672 3302 926 3345 quamquam
951 3288 993 3330 in
1027 3287 1109 3330 alto
1126 3288 1213 3330 sitae
1243 3297 1341 3330 sunt
1373 3304 1397 3331 a

158 3363 283 3410 portu
305 3354 384 3396 isto
415 3352 537 3408 longe
568 3350 794 3394 distantes:
818 3359 860 3393 at
891 3350 1031 3393 nullus
1056 3349 1113 3392 ibi
1142 3350 1397 3408 conspicitur

160 3430 275 3458 mons
293 3415 427 3470 rusus,
450 3424 499 3456 ut
518 3428 709 3471 expresse
730 3421 903 3456 toetatur
919 3412 1143 3456 Wellsted.
1163 3412 1192 3455 1.
1217 3412 1247 3455 1.
1267 3426 1277 3455 :
1302 3433 1319 3450 ι
1339 3415 1397 3456 Its

159 3478 363 3535 position,
384 3477 537 3533 inquit,
559 3491 641 3519 was
663 3475 870 3519 indicated
892 3476 948 3533 by
969 3491 993 3519 a
1011 3475 1085 3518 red
1109 3474 1226 3528 rock,
1261 3475 1396 3519 which

158 3539 357 3598 glistened
379 3554 425 3582 so
445 3554 489 3581 as
510 3549 554 3582 to
580 3540 715 3582 dazzle
735 3540 806 3582 the
835 3554 909 3597 eye
933 3538 982 3582 os
993 3539 1064 3582 the
1078 3548 1307 3598 spectatum
1325 3540 1399 3582 but

158 3602 309 3659 oselu's
336 3616 392 3643 we
411 3616 498 3643 saw
526 3602 710 3655 nothing.
734 3623 751 3639 ι
776 3605 882 3657 Quae
903 3616 1035 3659 quum
1059 3603 1114 3645 ita
1134 3601 1243 3654 sint,
1259 3604 1398 3659 Myos·

157 3662 416 3708 hermumin
437 3676 532 3704 eum
562 3663 700 3719 potius
729 3663 865 3706 locum
898 3662 1231 3706 transferendum
1251 3673 1395 3722 putes,

158 3740 286 3784 quem
299 3725 361 3768 sie
383 3724 578 3767 describit
597 3726 660 3766 De
676 3724 899 3767 Rozierein
919 3726 1126 3783 Descript.
1145 3725 1195 3768 de
1212 3718 1400 3785 (Ἔργα

160 3787 363 3840 tom.V1,
381 3800 427 3843 p.
457 3786 569 3837 346:
601 3805 619 3822 ι
639 3789 675 3829 Α
694 3787 867 3828 environ
903 3801 952 3843 ¹7
984 3787 1112 3830 lieuoe
1137 3789 1317 3832 marines
1342 3803 1398 3831 au

159 3847 269 3892 nord
292 3847 346 3891 de
380 3849 555 3906 Cosseyr
574 3861 649 3890 sur
669 3847 707 3890 la
731 3848 823 3890 cote
855 3849 1106 3893 occidentale
1121 3883 1133 3902 ,
1164 3851 1202 3893 la
1230 3865 1310 3893 vue
1336 3858 1398 3893 est

160 3911 328 3969 srappee
341 3925 417 3969 par
431 3910 505 3954 des
533 3918 774 3967 montagnes
802 3910 855 3953 de
883 3911 1055 3954 couleur
1069 3928 1221 3968 rouge,
1241 3928 1324 3970 que
1341 3913 1399 3956 les

160 3974 305 4029 pilotes
318 3973 462 4016 arabes
488 3982 704 4016 nominent
717 3987 793 4030 par
804 3981 910 4015 cette
925 3974 1061 4016 raison
1086 3976 1210 4017 Gebe!
1222 3977 1396 4018 Almmr.

161 4037 255 4076 Une
270 4036 373 4077 lieuc
389 4045 427 4077 et
447 4035 582 4078 demie
596 4035 689 4093 plus
703 4051 757 4079 au
771 4036 850 4079 sud
873 4051 916 4079 se
934 4044 1081 4079 trouve
1098 4052 1154 4080 un
1175 4046 1268 4094 port
1283 4052 1398 4080 com·

1473 724 1598 766 mode
1618 733 1659 767 et
1674 726 1884 783 spacieux,
1902 725 1958 768 οὺ
1973 725 2261 783 sejournerent
2274 728 2332 770 les
2353 728 2573 771 batiments
2599 730 2710 772 sran-

1469 787 1569 843 qais.
1589 787 1705 830 Gette
1728 789 1908 844 position
1933 789 2127 832 convient
2140 790 2427 847 parsaitement
2443 806 2540 833 avec
2570 792 2607 835 la
2621 792 2711 837 lati·
2731 841 2742 852 .

1469 848 1571 891 tude
1585 849 1639 891 de
1652 860 1744 905 27⁰,
1766 850 1832 892 15¹
1849 850 1866 906 [
1881 850 2058 894 debebat
2073 862 2165 908 ²7⁰·
2193 852 2305 910 30¹1,
2327 855 2510 909 assignee
2525 869 2600 911 par
2614 857 2710 903 Pto·

1468 910 1597 953 lemee
1622 926 1677 953 au
1690 912 2006 968 Myoshormos3
2022 927 2095 956 ear
2116 928 2170 956 en
2183 913 2369 970 ajoutant
2394 918 2442 959 15
2464 916 2487 959 i·
2508 922 2556 959 ιδ
2585 917 2712 961 lienes

1470 973 1665 1025 marines,
1696 973 1951 1016 e’oet-a-dire
1976 973 2084 1026 45¹5
2106 974 2146 1018 la
2162 974 2335 1020 latitude
2350 977 2404 1021 de
2427 980 2617 1037 Cosseyr,
2638 983 2712 1038 qui

1470 1044 1532 1077 est
1545 1035 1598 1077 de
1616 1040 1691 1078 26⁰
1712 1036 1777 1078 15'
1791 1034 1847 1079 οὐ
1861 1068 1873 1088 ,
1890 1036 2004 1079 selon
2020 1037 2219 1094 quelques
2233 1038 2536 1094 oboervafions,
2556 1047 2630 1085 26ο
2647 1045 2715 1087 20'

1474 1098 1601 1154 [vera
1629 1098 1699 1142 lat.
1722 1108 1784 1142 est
1812 1102 1887 1142 260
1906 1099 1947 1142 6'
1971 1098 2066 1155 59¹¹.
2088 1102 2146 1143 V.
2166 1101 2389 1144 Wellsted.
2413 1105 2477 1155 11,
2510 1118 2555 1161 p.
2580 1106 2711 1165 3151,

1471 1175 1527 1202 on
1557 1176 1610 1203 ne
1639 1170 1833 1204 trouvera
1859 1177 1942 1219 que
1973 1161 2084 1205 S'ou
2115 1177 2170 1206 au
2197 1163 2291 1220 plus
2324 1163 2388 1207 10'
2408 1164 2461 1207 de
2492 1165 2715 1213 distel-rencs.»

1471 1238 1569 1266 avec
1583 1224 1621 1266 la
1644 1224 1816 1267 latitude
1836 1225 2033 1282 indiquee
2050 1240 2126 1283 par
2141 1226 2363 1270 Ptolemee.
2381 1228 2439 1270 Ce
2459 1236 2558 1284 port
2573 1243 2598 1271 a
2622 1230 2716 1287 pres

1471 1286 1525 1329 de
1553 1286 1664 1329 deux
1686 1288 1812 1330 lienes
1830 1288 2054 1331 d'etendue
2081 1298 2122 1332 et
2149 1291 2295 1333 merite
2326 1290 2526 1334 tres-bien
2552 1292 2590 1335 le
2616 1309 2715 1338 nom

1472 1349 1525 1391 de
1539 1359 1691 1407 portus
1710 1365 1908 1404 magnus,
1934 1365 2017 1408 que
2035 1351 2093 1394 lui
2113 1361 2188 1395 ont
2213 1352 2355 1395 donne
2384 1353 2441 1396 1oe
2458 1355 2642 1400 auc-iens.
2661 1357 2716 1400 ns

1472 1421 1534 1454 est
1552 1408 1681 1455 ferme
1698 1412 1760 1455 du
1777 1413 1869 1456 cote
1891 1413 1944 1456 de
1962 1414 2001 1456 la
2018 1414 2155 1471 plaine
2182 1430 2274 1458 mer
2294 1430 2370 1473 par
2399 1416 2511 1459 deux
2540 1419 2716 1474 grandes

1473 1475 1560 1527 ssoe,
1579 1475 1684 1518 dont
1699 1475 1736 1518 le
1749 1476 1811 1519 sol
1825 1484 1887 1519 at
1910 1476 1984 1519 bas
1997 1485 2038 1519 et
2064 1478 2138 1519 uni
2152 1509 2165 1530 ,
2181 1486 2223 1520 et
2236 1493 2312 1535 par
2327 1492 2385 1520 un
2402 1479 2474 1521 ilot
2499 1480 2716 1540 beaucoup

1473 1538 1566 1594 plus
1581 1539 1714 1593 eleve;
1737 1539 2041 1582 circonstances
2053 1539 2252 1582 decisives
2270 1554 2346 1598 par
2360 1540 2455 1582 euos
2479 1542 2626 1596 seuloe,
2646 1560 2718 1587 ear

1473 1599 1569 1681 epa
1588 1615 1640 1642 ne
1661 1615 1704 1643 se
1722 1602 2005 1658 repr-&sentent
2029 1602 2142 1644 nulle
2166 1610 2259 1658 part
2284 1602 2450 1646 ailleurs
2468 1603 2572 1647 dans
2601 1615 2716 1651 toute

1474 1660 1680 1704 letendue
1707 1661 1760 1704 de
1775 1662 1811 1704 la
1837 1677 1927 1705 mer
1951 1666 2111 1719 Rouge.
2143 1663 2392 1707 L’elevation
2418 1674 2460 1707 et
2487 1666 2544 1708 1oe
2565 1666 2716 1712 formes

1473 1725 1612 1780 aigues
1629 1724 1682 1767 de
1696 1724 1734 1767 la
1750 1724 1844 1782 plus
1858 1726 1983 1782 petite
1997 1725 2051 1768 de
2065 1741 2132 1768 σω
2148 1727 2248 1769 trois
2268 1727 2339 1769 iles
2354 1728 2595 1785 expliquent
2606 1745 2717 1775 assez

1475 1786 1572 1829 bien
1620 1788 1832 1845 pourquoi
1878 1787 1991 1830 deux
2030 1788 2261 1832 seulement
2303 1791 2455 1833 etaient
2501 1803 2718 1839 convertes

1474 1849 1660 1892 d'arbres
1693 1849 1718 1892 a
1743 1850 1938 1908 l’epoque
1974 1849 2031 1893 οὺ
2060 1867 2126 1894 coe
2152 1852 2264 1895 lieux
2304 1854 2455 1896 etaient
2482 1854 2718 1912 frequent&

1473 1925 1550 1968 par
1569 1912 1627 1955 1oe
1649 1913 1831 1955 auciens.
1864 1914 1924 1956 La
1952 1928 2068 1971 passe
2090 1915 2163 1971 qui
2182 1923 2245 1957 est
2272 1930 2326 1957 au
2354 1915 2461 1957 nord
2490 1926 2608 1961 entre
2636 1919 2717 1963 l’ile

1473 1973 1512 2016 la
1525 1974 1620 2031 plus
1634 1976 1951 2032 septentrionale
1969 1986 2009 2018 et
2026 1977 2064 2019 la
2082 1977 2174 2019 cote
2193 1977 2326 2019 forme
2341 1992 2399 2020 un
2419 1979 2534 2022 canal
2554 1980 2651 2038 long
2664 1982 2718 2026 de

1473 2036 1679 2093 plusieurs
1693 2039 1900 2080 eentainoe
1914 2038 1967 2081 de
1982 2040 2105 2082 toises
2118 2048 2160 2082 et
2174 2054 2232 2083 un
2247 2055 2329 2097 peu
2342 2042 2536 2095 sinueux,
2553 2058 2717 2089 comme

1473 2098 1721 2157 l’indiquent
1733 2101 1934 2154 Diodore‚
1949 2102 2272 2158 Agatharchides
2286 2112 2328 2146 et
2340 2104 2533 2149 strabon.
2550 2108 2717 2151 Autour

1473 2161 1531 2204 du
1557 2171 1654 2219 port
1682 2161 1808 2218 regne
1837 2178 1922 2206 une
1950 2165 2067 2221 plage
2092 2165 2208 2208 basse
2240 2175 2282 2208 et
2315 2166 2604 2212 sablouneuse.
2638 2173 2717 2214 Les

1473 2235 1716 2281 montagnoe
1736 2227 2057 2270 environnantes
2071 2260 2083 2279 ,
2102 2229 2255 2280 savoir,
2272 2228 2311 2271 le
2339 2229 2469 2272 Gebel
2487 2230 2647 2275 Ahmar
2661 2250 2715 2278 au

1472 2288 1596 2338 nord,
1621 2297 1663 2331 et
1678 2303 1768 2330 vers
1786 2289 1823 2331 le
1848 2288 1928 2331 sud
1956 2304 2038 2331 une
2057 2291 2286 2333 tres-haute
2313 2292 2461 2335 chaine
2487 2292 2541 2336 de
2555 2305 2717 2339 monta-

1472 2365 1572 2406 gnes
1592 2352 1665 2407 qui
1683 2350 1871 2394 s’avance
1890 2366 1981 2394 vers
1998 2352 2035 2394 la
2058 2367 2146 2395 mer
2161 2352 2316 2410 jusque
2342 2354 2445 2397 vis-ii
2466 2356 2526 2398 vis
2555 2356 2717 2403 l’extre'-

1472 2415 1571 2456 mite
1589 2413 1642 2455 de
1660 2413 1699 2456 la
1715 2414 1894 2457 seconde
1914 2414 1964 2457 ile
1978 2446 1988 2466 ,
2009 2424 2105 2458 sont
2129 2418 2315 2473 separees
2342 2416 2403 2459 du
2418 2426 2515 2474 port
2541 2433 2618 2477 par
2634 2434 2717 2465 une

1471 2476 1606 2533 plaine
1622 2476 1782 2519 deserte
1798 2475 1853 2519 de
1870 2475 1964 2534 pres
1986 2476 2039 2519 de
2064 2477 2177 2520 deux
2203 2478 2331 2521 lieues
2360 2478 2598 2523 d’etendue.
2620 2482 2715 2526 Ceci

1471 2541 1664 2597 explique
1689 2538 1889 2583 tres-bien
1908 2540 1946 2583 le
1967 2555 2134 2598 passage
2161 2540 2530 2597 d’Agatharehides
2549 2546 2623 2600 qui
2651 2560 2716 2588 re·

1470 2605 1659 2659 presente
1673 2617 1721 2645 ce
1734 2611 1832 2659 port
1841 2604 2069 2645 environne'
2082 2603 2211 2645 d’une
2222 2604 2378 2659 grande
2391 2605 2527 2661 plaine
2537 2605 2713 2651 deserte.

1469 2666 1585 2707 Tous
1601 2679 1668 2707 σω
1687 2665 2037 2719 renseiguements
2062 2666 2300 2720 presentent
2327 2681 2410 2708 une
2425 2666 2713 2712 coneordanoe

1470 2728 1503 2768 si
1533 2726 1705 2783 parsaite
1732 2740 1831 2768 avec
1861 2740 1909 2767 ce
1938 2725 2087 2781 qu'ont
2109 2725 2173 2768 dit
2199 2726 2253 2768 de
2273 2742 2320 2769 ce
2345 2736 2442 2785 port
2469 2727 2527 2771 les
2547 2731 2715 2773 anciens

1469 2789 1685 2840 eerivains,
1703 2787 1806 2845 qu’il
1821 2787 2081 2830 deviendrait
2097 2789 2284 2845 superssu
2299 2789 2352 2832 de
2364 2789 2426 2847 s’y
2441 2793 2599 2834 arreoer
2619 2794 2714 2850 plus

1469 2851 1715 2908 longtemps.
1735 2870 1753 2887 ·
1771 2873 1830 2882 —
1846 2850 2103 2907 Comparatis
2130 2852 2289 2908 mappis
2305 2852 2591 2910 Moresbyanis
2605 2886 2617 2906 ,
2639 2855 2713 2899 de-

1468 2913 1594 2956 scribi
1634 2920 1746 2970 patet
1775 2911 1987 2967 regionem
2016 2926 2109 2968 quie
2138 2921 2199 2954 αι
2238 2912 2291 2955 ad
2326 2916 2411 2956 Bas
2441 2914 2716 2959 dhon-somer

1470 2977 1593 3030 (260,
1612 2973 1728 3033 52’),
1759 2973 1875 3031 quod
1901 2973 2079 3016 dimidio
2096 2974 2179 3017 sere
2205 2975 2336 3030 gradu
2356 2976 2480 3020 distat
2497 2977 2550 3020 ab
2578 2980 2714 3022 ruinis

1469 3039 1555 3081 istis
1576 3052 1679 3095 quas
1704 3036 1999 3081 Wilkinsonus
2017 3037 2168 3093 aliique
2193 3039 2463 3094 Myoshormo
2479 3040 2706 3085 vindicant.

1468 3103 1558 3143 Sec.
1576 3100 1782 3144 Ptolemaei
1807 3099 1966 3142 tabulas
1982 3099 2037 3141 ibi
2056 3100 2276 3156 ponendus
2293 3101 2413 3152 soret,
2432 3103 2504 3158 qui
2521 3105 2711 3159 proxime

1468 3173 1560 3219 post
1615 3162 1931 3219 Myoshormum
1989 3171 2243 3204 memoratur
2258 3195 2269 3214 ,
2322 3164 2545 3220 Φιλωτίρας
2591 3165 2712 3223 λιμήν

1469 3229 1562 3279 (260
1578 3226 1667 3281 45).
1684 3225 1891 3281 Suspicari
1913 3226 2050 3279 itaque
2066 3224 2158 3266 licet
2175 3225 2282 3267 duos
2295 3226 2370 3267 hos
2385 3236 2530 3282 portus
2550 3228 2713 3271 inverso
2776 3263 2782 3279 ·.

1468 3286 1616 3329 ordine
1629 3285 1899 3328 recensendos
1912 3285 2054 3337 fuisse,
2070 3286 2196 3343 idque
2213 3298 2326 3330 tanto
2342 3289 2498 3331 sau-ilius
2513 3289 2709 3344 largiaris,
2772 3303 2782 3339 ,ζ

1469 3364 1600 3406 quum
1619 3349 1851 3406 frequentes
1867 3347 2073 3404 ejusmodi
2090 3352 2426 3406 transpositiones
2440 3353 2481 3394 in
2499 3352 2708 3396 Ptolemaei

1468 3412 1583 3455 libris
1597 3412 1694 3463 sint,
1715 3410 1867 3453 deinde
1896 3426 1995 3453 vero
2013 3412 2305 3455 Artemidorus
2326 3413 2441 3470 apud
2461 3413 2711 3457 Strabonem
2760 3422 2774 3470 g

1461 3474 1646 3533 primum
1662 3473 1910 3516 Philoteram
1922 3504 1933 3525 ‚
1951 3472 2096 3516 deinde
2111 3474 2320 3517 meridiem
2344 3490 2486 3518 versem
2499 3476 2712 3533 Myoshor·
2766 3476 2782 3517 4

1469 3551 1584 3578 mum
1614 3545 1830 3578 memoret.
1859 3539 1914 3579 At
1944 3550 1996 3578 ne
2016 3537 2075 3579 sic
2104 3536 2274 3593 quidem
2297 3538 2512 3594 profligata
2541 3553 2606 3581 res
2631 3546 2723 3582 est..

1467 3600 1573 3642 Nam
1596 3600 1647 3640 ita
1681 3599 1803 3641 habet
1831 3599 2003 3641 Photius
2033 3601 2049 3654 (
2068 3603 2091 3654 ς
2125 3602 2178 3642 82
2197 3599 2210 3657 )
2239 3613 2249 3642 :
2282 3600 2441 3650 Τούτοις
2477 3601 2492 3658 (
2510 3603 2593 3651 τοῖς
2626 3600 2716 3658 περὶ
2767 3650 2770 3651 ⁷

1469 3662 1574 3710 Muta<
1596 3663 1716 3718 ὅρμον
1737 3665 1751 3716 )
1779 3662 1828 3718 ἔγ
1842 3663 1978 3717 γίζει
2005 3662 2162 3713 κόλπος,
2181 3665 2226 3705 ’ὸν
2249 3663 2432 3706 καλοῦσιν
2461 3662 2705 3720 Ἆκάθαρτον.

1469 3728 1566 3779 Quo
1586 3724 1750 3766 tandem
1778 3734 1899 3781 pacto
1919 3726 1973 3768 ita
1995 3725 2106 3782 loqui
2126 3734 2271 3768 auctor
2289 3726 2503 3782 potuisset,
2523 3726 2558 3768 si
2571 3726 2709 3783 Myos-

1468 3787 1662 3830 hormum
1691 3786 1744 3829 ad
1764 3787 1864 3830 hod.
1895 3787 2167 3831 Abou-somer
2196 3789 2319 3830 situm
2341 3783 2560 3840 voluisset,
2580 3801 2606 3846 a
2622 3798 2710 3843 quo

1467 3851 1755 3906 promontorio
1783 3851 1898 3892 sinus
1916 3850 2167 3893 Immundus
2183 3864 2294 3894 2000
2314 3850 2455 3893 stadiis
2475 3858 2516 3893 et
2533 3847 2726 3906 ampliu(
2739 3883 2752 3887 ,.

1467 3911 1618 3954 distat?
1648 3914 1709 3954 Ne
1746 3912 1886 3969 culpes
1914 3921 2195 3970 excerptorem
2213 3945 2224 3964 ,
2265 3912 2439 3969 impedit
2465 3910 2709 3969 pedissequa

1468 3975 1782 4030 Agatharchidis
1799 3976 2103 4018 Artemidorus.
2121 3977 2284 4018 Etenim
2297 3975 2459 4027 Strabo,
2475 3987 2520 4030 p.
2540 3975 2636 4028 769.
2651 3983 2702 4012 ex

1471 4038 1735 4081 Artemidoro
1758 4039 1880 4081 refert
1903 4048 1996 4096 post
2021 4039 2335 4096 Myosliormum
2358 4037 2471 4092 sequi
2509 4033 2587 4086 ίξῆ
2596 4048 2613 4081 ς
2635 4032 2704 4074 τὸν
