2756 4354
614 158 693 204 DE
739 156 1042 202 ANONYMO
1086 157 1371 204 AUCTORE
1405 161 1644 206 PERIPLI
1682 163 1865 208 PONTI
1904 167 2126 216 EUXlNI.

110 265 142 322 s.
173 268 225 314 44
252 276 296 320 1),
330 265 437 311 4η,
464 256 560 315 28}
596 252 649 299 Ἥ
678 250 719 296 δὲ
743 250 1078 310 Μαιῶτις-λίμνη
1098 252 1262 311 λέγεται
1285 256 1340 305 εἷς

112 336 241 395 ἥμισυ
266 326 367 377 εἶναι
385 333 456 375 τοῦ
481 326 665 381 Πόντου,
693 326 817 386 (111οᾶ
844 339 1005 386 parum
1027 326 1341 383 0000101101110

110 404 469 472 praecedentibus
492 418 548 448 ex
567 402 764 446 Arriano
790 401 982 447 sumtis:
1008 402 1097 456 Τῆς
1117 399 1159 445 δὲ
1183 402 1343 459 λίμνης,

110 489 182 540 τῆς
209 477 437 529 Μαιώτιδος
470 476 691 537 περίπλους
720 474 886 534 λέγεται
910 474 1085 519 σταδίων
1115 475 1220 537 ἀμφὶ
1254 475 1344 526 τοὺς

108 561 177 619 [Θ.
204 557 314 600 Cum
339 553 495 598 eodem
530 551 716 611 Scylace
741 551 784 610 (S
813 549 886 610 92)
911 550 1081 595 faciunt
1100 551 1196 595 haec
1232 553 1257 610 S
1285 569 1335 609 91

108 650 154 695 p.
178 639 287 689 422,
309 631 362 685 37
384 644 394 674 :
413 627 589 688 Λέγεται
609 625 651 670 δὲ
668 630 739 680 τῆς
756 624 959 688 Εὐρώπης
974 625 1245 688 ὁπαροίπλους
1258 627 1342 678 ἰ’σος

105 701 211 754 εἶναι
239 709 296 766 τῷ
325 704 511 766 περίπλῳ
533 707 604 758 τῆς
621 707 813 758 ποντικῆς
836 701 884 766 (*)
905 706 986 748 τῶν
1009 705 1081 757 τῆς
1104 702 1240 757 Ἀσίας
1266 722 1342 760 με·

105 786 209 846 ρῶν,
230 797 332 842 (11130
369 795 531 841 parum
563 789 665 839 apte
697 794 797 823 cum
819 780 912 823 suis
945 779 1093 839 ipsius
1116 780 1340 824 mensuris

103 869 260 904 auctor
273 855 506 916 componit
521 872 532 910 ;
552 853 745 898 debebat
764 855 918 899 saltem
936 871 944 896 :
961 853 1108 903 Ἐνίοις
1122 852 1162 898 δὲ
1179 854 1341 912 λέγεται

102 936 194 991 κτλ.
220 933 429 990 Denique
449 932 473 990 S
493 932 548 983 46
566 947 610 990 p.
634 937 738 985 412,
762 935 812 981 41
835 929 1004 974 verba:
1032 921 1121 973 εἶτα
1142 930 1338 990 Φαναγό-

105 1026 173 1070 ρου
192 1007 308 1058 πόλις
324 1042 336 1063 ,
365 1010 504 1062 Κῆποι
522 1006 660 1061 πόλις,
683 1021 739 1050 ex
763 1006 920 1050 eodem
941 1006 1125 1066 Scylace
1143 1006 1168 1064 ᾗ
1195 1008 1253 1064 69
1271 1021 1339 1051 35·

100 1085 279 1143 sumsit,
305 1094 354 1128 ut
391 1083 621 1141 colligitur
645 1092 738 1126 tum
770 1097 794 1126 e
814 1083 990 1126 rariore
1024 1083 1210 1126 nomine
1245 1083 1338 1126 ψα-

101 1159 273 1220 ναγόρου
307 1157 439 1214 πόλις,
486 1168 580 1202 tum
621 1172 675 1202 ex
716 1157 877 1201 ordine
919 1156 1082 1201 harum
1123 1156 1307 1201 urbium
1323 1192 1334 1210 ,

101 1251 234 1294 quem
284 1234 444 1279 Noster
491 1249 515 1278 0
569 1233 640 1278 sui
673 1232 839 1291 peripli
889 1232 1066 1276 ratione
1109 1232 1337 1275 invertere

101 1310 306 1354 debebat.
335 1310 559 1353 Praeterea
581 1309 630 1352 in
654 1307 726 1351 his
747 1322 929 1366 quoque
953 1307 1256 1365 negligentem
1290 1322 1336 1351 se

99 1383 299 1444 praebet,
343 1398 482 1442 quum
522 1382 702 1443 easdem
738 1383 873 1425 urbes
908 1397 1014 1425 mox
1049 1381 1200 1426 denuo
1231 1381 1333 1425 aliis

99 1461 336 1507 nominum
352 1459 509 1505 formis
520 1459 678 1504 afferat
694 1473 749 1503 ex
767 1458 990 1518 periegesi
1005 1457 1218 1514 iambica,
1232 1460 1332 1505 Φα-

96 1535 309 1597 ναγόρειαν
329 1524 372 1579 et
397 1537 539 1589 Κῆπον
561 1534 730 1579 dicens.
753 1534 904 1587 Quare
924 1535 1078 1578 nescio
1100 1550 1155 1577 an
1175 1534 1331 1593 Scyla-

97 1612 159 1654 cis
192 1610 292 1654 loca
323 1619 477 1669 postea
509 1608 688 1653 demum
726 1608 783 1652 ab
826 1609 982 1667 aliquo
1020 1609 1191 1652 inserta
1209 1610 1327 1654 sint.

96 1684 226 1730 Certe
260 1686 299 1730 si
337 1685 617 1740 tollerentur,
644 1683 852 1744 periplus
890 1684 1007 1728 foret
1040 1685 1328 1729 concinnior.

163 1762 261 1820 196.
284 1761 456 1806 Praeter
479 1760 685 1805 laudatos
708 1776 818 1805 num
851 1748 965 1805 alios
991 1761 1135 1805 fontes
1165 1761 1328 1805 Noster

95 1835 355 1880 adhibuerit
384 1836 621 1895 quaeritur.
654 1835 996 1880 Artemidorum
1024 1835 1080 1879 ad
1104 1851 1264 1880 manus
1289 1837 1330 1879 ei

93 1912 232 1956 fuisse
244 1912 393 1971 putari
404 1912 564 1971 possit.
577 1910 688 1955 Nam
702 1912 794 1970 §63
807 1920 1047 1971 postquam
1067 1927 1092 1954 a
1105 1912 1332 1956 Chersone

94 1985 151 2029 a‘d
179 1985 348 2044 Tyram
383 1986 530 2030 stadia
565 1993 708 2041 4110,
744 2002 769 2029 a
802 1987 924 2045 Tyra
957 1986 1013 2030 ad
1044 1986 1331 2031 Cremniscos

94 2065 182 2111 240
204 2059 349 2105 513(113
373 2061 680 2120 computavit,
702 2060 827 2104 addit
847 2075 902 2103 ex
915 2060 1196 2104 Artemidori
1221 2075 1331 2103 500-

93 2135 234 2178 1011113
257 2134 499 2197 intervalla
519 2150 615 2178 esse
639 2135 890 2178 stadiorum
912 2139 1031 2186 4420
1049 2144 1092 2178 01
1114 2135 1221 2185 480.
1244 2134 1329 2178 Sed

64 2217 75 2221 ²
94 2225 235 2269 quum
261 2211 372 2255 alias
395 2226 617 2269 nusquam
642 2210 787 2253 sontes
811 2225 917 2253 suos
949 2210 1102 2253 laudet
1130 2226 1212 2253 nec
1237 2210 1331 2253 ulla

93 2294 329 2328 auctorum
348 2285 536 2327 nomina
555 2293 797 2327 occurrant
827 2284 914 2327 nisi
936 2299 987 2327 ea
1009 2299 1109 2342 quae
1131 2294 1266 2343 poeta
1283 2284 1329 2327 in

38 2401 40 2403 ,
94 2359 315 2416 periegesi
351 2358 588 2410 citaverat,
610 2359 698 2400 hoc
717 2372 900 2415 quoque
921 2358 1023 2400 1000
1054 2358 1329 2401 Artemidori

94 2433 369 2476 mentionem
388 2432 495 2476 inde
515 2432 796 2491 repetiverit.
825 2431 943 2475 Fieri
958 2433 1092 2476 etiam
1111 2442 1260 2490 potest
1279 2443 1329 2477 ut

91 2505 349 2550 Marcianus
379 2505 657 2549 Artemidori
692 2520 927 2549 mensuras
951 2522 1051 2549 cum
1073 2505 1327 2565 Menippeis

92 2580 179 2624 1100
202 2581 303 2623 1000
324 2579 646 2639 composuerit.
673 2578 842 2623 Contra
857 2595 969 2623 vero
989 2595 1044 2623 ex
1058 2580 1215 2637 ignoto
1240 2596 1325 2623 no-

91 2653 164 2698 his
201 2664 384 2698 auctore
410 2654 600 2698 fortasse
634 2654 773 2713 petita
812 2663 918 2697 sunt
947 2654 1146 2712 plurima
1169 2670 1327 2698 eorum

93 2744 190 2788 quae
225 2729 280 2772 (10
302 2727 555 2772 ditionibus
589 2728 866 2787 populorum
892 2727 1106 2785 leguntur
1127 2728 1304 2772 haecce:

153 2805 178 2862 §
199 2805 275 2858 32,
299 2819 341 2863 p.
365 2811 473 2860 409,
495 2803 546 2846 15
568 2802 693 2847 εἈπὸ
706 2801 747 2846 δὲ
770 2802 1038 2861 Πολεμωνίου
1063 2802 1137 2853 ἕως
1155 2803 1326 2856 πλησίον

93 2881 162 2923 τοῦ
186 2876 481 2937 Θερμώδοντος
512 2880 698 2934 ποταμοῦ
725 2876 911 2927 Χάλυὸες
934 2877 1045 2927 ἔθνος
1067 2876 1216 2938 ᾤκουν.

156 2955 181 3012 §
204 2954 277 3007 33,
299 2969 344 3012 p.
368 2960 475 3010 409,
501 2953 558 2996 28
584 2969 592 2995 :
621 2951 720 2997 Ἀπὸ
745 2951 786 2995 δὲ
814 2951 1032 3012 Κοτυώρου
1064 2951 1136 3003 ἕως
1155 2952 1327 3007 πλησίον

93 3028 359 3086 Πολεμωνίου
379 3030 540 3090 πρῶτον
559 3027 787 3088 Τιὸαρηνοὶ
811 3026 958 3091 ᾤκουν.

156 3103 268 3161 535,
287 3120 331 3163 p.
352 3111 456 3158 410,
481 3119 504 3158 7
528 3120 537 3146 :
560 3101 658 3146 Ἀπὸ
675 3095 742 3147 οῦν
761 3102 1006 3164 Φαρνακίας
1021 3105 1092 3157 τῆς
1113 3102 1183 3147 καὶ
1196 3103 1327 3146 πάλαι

93 3178 370 3238 Κερασοῦντος
392 3176 465 3238 (μ’)
497 3175 570 3227 ἕως
590 3176 763 3232 πλησίον
783 3174 1002 3237 Κοτυώρου
1020 3179 1179 3239 πρῶτον
1196 3176 1325 3237 ᾤκουν

96 3251 202 3304 ἔθνος
220 3255 254 3298 οἱ
269 3252 477 3313 λεγόμενοι
501 3253 763 3300 Μοσυνοικοί.

159 3330 184 3387 §
211 3330 284 3385 37,
304 3346 348 3390 p.
379 3337 484 3386 410,
513 3332 568 3374 38
590 3346 601 3375 z
622 3330 722 3376 Ἀπὸ
742 3324 809 3375 οῦν
834 3331 1141 3392 Τραπεζοῦντος
1161 3328 1234 3382 ἕως
1257 3333 1327 3384 τῆς

97 3402 331 3463 Ἀρητιάδος
353 3403 476 3458 νήσου
494 3404 563 3449 καὶ
584 3392 827 3467 Φαρνακίας
843 3409 914 3460 τῆς
938 3405 1010 3450 καὶ
1038 3406 1167 3450 πάλαι
1191 3408 1326 3466 Κερα-

97 3481 260 3527 σοῦντος
292 3476 420 3540 ᾤκουν
446 3480 553 3530 ἔθνος
576 3483 612 3525 οἵ
634 3481 846 3540 λεγόμενοι
871 3481 1116 3541 Μάκρωνες.

160 3553 219 3612 [S
254 3553 328 3605 38,
353 3568 399 3612 p.
427 3560 530 3609 411,
556 3555 582 3597 6
610 3571 620 3598 :
654 3554 753 3600 Ἀπὸ
773 3549 839 3599 οὖν
875 3558 1119 3615 Ὀφιοῦντος
1138 3559 1325 3614 ποταμοῦ

97 3630 111 3687 (
131 3640 337 3671 0003511111
356 3641 516 3671 versus
534 3625 546 3687 'J
567 3627 618 3671 τὰ
643 3627 736 3680 ἔθνη
759 3631 838 3674 τῶν
859 3629 927 3674 δύο
947 3630 1116 3675 Πόντων
1143 3629 1252 3674 ἐστί·
1276 3628 1326 3672 τὰ

98 3700 140 3746 δὲ
184 3698 360 3761 ἐχόμενα
408 3698 583 3760 (ortum
631 3703 824 3763 versus)
870 3699 1089 3765 βαρὸάρων
1125 3703 1326 3766 διαφόρων

99 3775 207 3821 ἐστὶν
228 3777 366 3820 ἐθνῶν.
386 3774 481 3818 1100
504 3790 528 3819 0
544 3775 772 3821 Marciano
803 3780 979 3835 sumsit,
1012 3790 1061 3824 ut
1088 3795 1144 3824 ex
1164 3780 1324 3837 fragm.

2477 200 2614 234 cxvn

1408 256 1611 317 Menipp.
1642 274 1689 318 p.
1729 259 1836 315 572,
1868 277 1892 303 2
1932 262 2134 319 colligis3
2158 281 2314 324 parum
2350 284 2449 330 apte
2475 288 2618 326 tamen

1406 345 1526 374 nunc
1559 343 1802 388 memorat,
1841 350 1980 392 quum
2014 336 2062 378 10
2101 348 2265 385 1101000.
2291 345 2413 388 nulla
2443 351 2617 396 duorum

1406 406 1639 448 Pomorum
1667 407 1780 450 sacta
1796 407 1855 451 sit
1887 408 2110 468 mentio.]

1469 479 1493 535 §
1519 486 1595 533 42,
1618 496 1661 538 p.
1686 487 1772 531 412
1802 497 1811 526 :

1405 549 1624 612 Ὀφιοῦντα
1663 554 1849 612 ποταμὸν
1872 558 2032 617 πρῶτον
2065 556 2194 618 ᾤκουν
2231 558 2338 610 ἔθνος
2357 564 2392 605 οἱ
2419 564 2623 622 λεγόμενοι

1404 625 1682 688 Ἐκεχειριεῒς,
1708 633 1775 672 νῦν
1791 629 1832 673 δὲ
1856 633 2108 691 Μαχελῶνες
2125 632 2192 676 καὶ
2212 634 2396 695 Ἡνίοχοι
2418 638 2431 697 (
2454 638 2625 688 Mache-

1404 702 1532 745 lones
1556 712 1599 746 et
1619 702 1875 748 Heniochos
1890 705 1939 749 in
1951 706 2036 750 hoc
2056 717 2202 751 tractu
2222 711 2350 767 ponit
2364 711 2623 776 Arrianus).

1469 778 1494 834 ς
1517 775 1591 832 50,
1616 792 1661 836 p.
1690 778 1798 836 415,
1820 780 1843 821 3
1868 795 1878 821 2
1903 777 2002 824 Ἀπὸ
2018 774 2089 824 οὖν
2114 780 2375 837 Ἀθηναιῶνος
2399 786 2519 848 μέχρι
2542 791 2628 835 Κυ-

1403 853 1483 894 τῶν
1508 850 1667 896 Σκύθαι
1683 856 1959 899 κατοικοῦσιν.

1467 928 1493 986 S
1515 927 1587 983 57,
1624 944 1668 988 p.
1692 930 1798 983 416,
1822 935 1874 979 24
1901 946 1910 971 :

1402 1006 1472 1046 τοῦ
1495 1001 1658 1064 Ἴστρου
1684 1003 1806 1048 πάλιν
1841 1002 1997 1049 Σκύθαι
2031 1010 2300 1051 κατοικοῦσιν.

1844 479 1943 525 Ἀπὸ
1983 474 2050 524 οῦν
2087 482 2319 543 Ἀρχοίὲεως
2355 498 2536 548 ποταμοῦ
2570 499 2622 548 εἰς

1938 929 2036 974 Ἀπὸ
2055 923 2122 974 οῦν
2156 932 2296 975 Καλοῦ
2319 932 2479 991 λιμένος
2511 936 2629 998 μέχρι

1471 1098 1573 1139 197·
1601 1080 1719 1125 Fieri
1744 1091 1890 1140 potest
1914 1091 1963 1125 ut
1996 1082 2089 1126 11300
2123 1083 2336 1129 fluxerint
2355 1101 2379 1129 e
2410 1089 2626 1146 periegesi

1401 1156 1618 1215 iambica,
1644 1173 1744 1216 quae
1780 1158 1829 1201 in
1862 1157 1998 1202 Ponti
2035 1159 2212 1219 periplo
2240 1159 2296 1204 ab
2313 1177 2391 1205 ora
2412 1165 2627 1223 Europaea

1400 1233 1559 1276 sumsit
1571 1232 1769 1278 initium.
1783 1233 1915 1277 Certe
1933 1234 2118 1278 eandem
2136 1234 2471 1281 adornationem
2488 1238 2624 1284 fuisse

1400 1308 1588 1366 peripli,
1611 1307 1732 1351 unde
1751 1318 1907 1351 nostra
1931 1310 2209 1367 proveniunt
2224 1343 2236 1364 ‚
2258 1325 2313 1354 ex
2344 1313 2516 1356 ratione
2540 1329 2629 1372 qua

1401 1383 1584 1445 termini
1602 1399 1630 1426 a
1644 1399 1726 1441 quo
1739 1392 1782 1426 et
1795 1385 1859 1425 acl
1873 1399 1997 1441 quem
2012 1383 2322 1441 designantur,
2341 1386 2624 1444 intelligitur.

1400 1456 1454 1501 ln
1493 1457 1707 1502 omnibus
1745 1459 1866 1502 enim
1899 1459 2030 1514 10015,
2058 1469 2245 1519 excepto
2277 1470 2528 1520 postremo,
2569 1465 2630 1507 ita

1401 1532 1564 1577 Noster
1587 1533 1796 1592 loquitur
1817 1534 1946 1592 quasi
1970 1534 2152 1578 inversa
2168 1534 2417 1580 directione
2436 1538 2628 1582 circum-

1403 1610 1633 1667 navigatio
1644 1609 1923 1668 procederet.
1937 1609 2011 1653 Sic
2021 1621 2121 1669 post
2130 1610 2342 1670 Cytarum
2355 1613 2624 1657 mentionem

1403 1684 1512 1728 dicit
1535 1683 1591 1728 ab
1630 1684 1906 1729 Athenaeone
1926 1686 1981 1729 ad
2001 1686 2136 1745 Cytas
2161 1686 2346 1745 Scythas
2379 1690 2624 1747 pertinere,

1403 1774 1540 1818 quum
1569 1770 1716 1803 tamen
1741 1760 2032 1804 Athenaeonis
2052 1761 2099 1804 in
2133 1760 2426 1823 sequentibus
2446 1762 2624 1807 demum

1403 1836 1572 1879 mentio
1596 1836 1693 1879 fieri
1711 1836 1880 1895 possit,
1903 1836 2093 1880 necdum
2116 1837 2249 1881 situm
2268 1837 2366 1897 ejus
2385 1838 2524 1882 lector
2547 1855 2626 1883 no-

1400 1911 1536 1956 verit.
1563 1912 1711 1955 Porro
1735 1913 2165 1972 poetae'periegesin
2190 1912 2372 1958 subesse
2400 1914 2470 1958 his
2496 1914 2627 1959 ditio-

1403 2002 1509 2029 num
1523 1986 1869 2031 definitionibus
1882 1997 2006 2031 13010
2021 1988 2197 2032 facilius
2207 1988 2468 2043 credideris,
2487 2005 2624 2047 quum

1403 2076 1503 2119 (11130
1531 2061 1585 2104 (10
1627 2060 1832 2105 moribus
1854 2063 2126 2121 populorum
2162 2062 2329 2122 passim
2366 2059 2622 2121 1000001111,

1399 2149 1456 2178 ex
1471 2150 1523 2178 ea
1545 2136 1684 2194 petita
1700 2136 1807 2180 sint.
1833 2135 2006 2188 Quodsi
2029 2137 2212 2180 metrica
2241 2137 2460 2181 orationis
2482 2136 2625 2181 forma

1401 2224 1521 2251 nunc
1558 2224 1651 2252 non
1682 2209 1789 2252 satis
1820 2218 2020 2268 apparet,
2043 2205 2281 2268 excerptor
2304 2225 2399 2253 eam
2437 2211 2625 2255 solvisse

1398 2290 1596 2340 pntetur.
1617 2283 1671 2324 At
1695 2282 1925 2340 quomodo
1952 2292 2085 2340 poeta
2112 2282 2189 2325 ille
2225 2282 2478 2326 Polemonii
2501 2298 2623 2326 men-

1399 2355 1568 2398 tionem
1597 2355 1740 2398 facere
1763 2355 1936 2412 potuit?
1970 2354 2084 2397 Num
2110 2355 2203 2398 11300
2227 2365 2292 2398 051
2314 2357 2622 2414 excerptoris?

1401 2429 1487 2473 Res
1510 2417 1696 2473 incerta.
1721 2429 1878 2487 Itaque
1905 2429 2037 2472 etiam
2059 2429 2113 2471 de
2138 2428 2282 2482 fonte,
2313 2443 2368 2471 ex
2403 2445 2493 2487 quo
2526 2429 2620 2474 haec

1399 2504 1558 2548 hausta
1577 2506 1692 2558 sint,
1713 2504 1828 2548 011111
1850 2503 2064 2559 dijudico.
2080 2530 2138 2536 -—
2151 2502 2374 2546 Praeterea
2390 2504 2478 2547 alia
2496 2519 2620 2563 (11130-

1400 2578 1500 2622 (1301
1537 2580 1717 2622 minora
1743 2577 1903 2622 Noster
1931 2577 2080 2631 habet,
2118 2593 2310 2635 quorum
2336 2578 2464 2634 origo
2485 2578 2624 2622 dubia

1399 2665 1486 2708 est;
1505 2655 1581 2698 sed
1606 2654 1818 2698 minimas
1837 2668 2038 2712 quasque
2059 2652 2343 2696 vermiculati
2361 2652 2513 2711 operis
2530 2662 2621 2696 tes-

1400 2744 1521 2774 seras
1540 2729 1731 2773 scrutari
1757 2744 1876 2772 nunc
1896 2744 1988 2771 non
2008 2737 2149 2771 vacat.

1468 2807 1569 2861 198.
1606 2803 1874 2861 Congestam
1909 2804 1974 2847 sic
2004 2804 2234 2846 materiam
2263 2817 2409 2861 neque
2438 2801 2621 2846 subacto

1395 2878 1571 2938 judicio
1587 2890 1744 2923 auctor
1765 2879 2074 2934 concinnavit,
2097 2894 2242 2937 neque
2263 2878 2396 2921 novis
2413 2878 2556 2937 copiis
2570 2879 2624 2921 de

1398 2970 1478 2998 suo
1502 2969 1623 3014 penu
1648 2968 1922 3013 magnopere
1946 2953 2124 2997 auxisse
2153 2952 2350 2996 videtur.
2389 2951 2441 2995 In
2471 2967 2522 2995 ea
2544 2967 2621 3011 pe·

1400 3030 1509 3089 ripli
1542 3040 1693 3087 parte,
1721 3029 1776 3073 de
1810 3045 1898 3088 qua
1928 3039 1970 3073 et
2000 3029 2242 3072 Arrianum
2272 3037 2315 3070 et
2347 3027 2621 3070 Marcianum

1401 3104 1607 3148 conferre
1667 3105 1796 3158 licet,
1853 3119 1992 3147 unum
2052 3101 2422 3146 Gurzubanthum
2463 3098 2620 3144 'locum

1405 3181 1479 3239 (p.
1521 3187 1628 3235 407,
1662 3178 1751 3240 29)
1781 3177 1900 3222 inter
1928 3179 2140 3222 Carusam
2174 3187 2217 3220 et
2248 3176 2464 3233 Zagoram
2490 3177 2623 3219 inter-

1399 3255 1568 3315 posuit.
1584 3252 1670 3297 Sed
1683 3253 1768 3297 hoc
1786 3254 1888 3312 ipso
1908 3253 2210 3297 additamento
2221 3250 2374 3310 prodit
2390 3250 2622 3308 negligen-

1401 3330 1525 3374 tiam.
1549 3328 1658 3373 Nam
1683 3343 1821 3387 quum
1846 3337 1964 3372 recte
1992 3327 2210 3371 Arrianus
2235 3341 2258 3369 a
2278 3325 2445 3378 Carusa
2472 3325 2527 3368 ad
2547 3324 2624 3368 Za-

1401 3419 1553 3462 goram
1573 3403 1716 3447 stadia
1731 3418 1826 3446 esse
1848 3419 1863 3444 1
1877 3402 1932 3444 50
1947 3401 2101 3452 tradat,
2123 3400 2199 3444 1110
2216 3416 2241 3444 3
2257 3399 2425 3444 Carusa
2440 3398 2494 3443 ad
2508 3398 2624 3443 Gur-

1400 3477 1672 3522 zubanthum
1716 3486 1945 3536 computat
1978 3475 2119 3519 stadia
2143 3476 2219 3529 60,
2259 3474 2366 3518 11100
2399 3488 2509 3517 vero
2566 3474 2618 3516 ad

1400 3554 1614 3597 Carusam
1641 3551 1784 3595 stadia
1800 3552 1899 3605 150,
1924 3567 2014 3595 non
2032 3559 2200 3594 mutato
2218 3564 2407 3593 numero
2421 3548 2616 3592 Arriani.

1401 3627 1604 3671 Similem
1625 3626 1907 3670 oscitantiam
1932 3625 1980 3669 in
1998 3624 2101 3668 aliis
2121 3624 2354 3668 nonnullis
2371 3622 2619 3682 deprehen—

1402 3703 1577 3758 dimus,
1597 3702 1652 3746 de
1680 3701 1847 3761 quibus
1871 3703 1918 3745 in
1938 3711 2091 3746 annot.
2115 3700 2169 3744 ad
2196 3700 2434 3744 Arrianum
2457 3697 2617 3756 passim

1402 3780 1574 3823 monui.
1614 3777 1713 3831 Qua
1752 3776 1926 3820 ratione
1960 3775 2250 3820 stadiasmum
2294 3773 2425 3816 Ponti
2460 3770 2615 3813 Noster

148 3904 196 3951 (*)
226 3902 349 3940 Verba
371 3905 433 3946 τῆς
449 3915 490 3939 π.
515 3901 572 3938 νο1
595 3903 675 3948 post
706 3903 881 3952 Εὐρώπης
905 3906 965 3942 vel
996 3909 1079 3952 post
1097 3906 1231 3953 Ἀσίας,
1254 3904 1311 3942 vel
1331 3904 1455 3953 potius
1476 3907 1558 3951 post
1583 3905 1779 3950 utramque
1804 3913 1932 3938 vocem
1956 3902 2038 3949 poni
2067 3901 2166 3936 velis.

151 3958 224 4006 (**')
259 3956 456 3995 Ten-minos
484 3959 718 4002 Mam-,onum
738 3960 1040 4006 Mosynoecorum
1073 3964 1111 3998 et
1140 3960 1411 3998 Tibarcnorum
1448 3960 1554 3996 aliter
1587 3957 1769 3994 deliniunt
1777 3951 1928 4003 Scylax
1956 3960 1992 3992 01
2019 3955 2128 3991 ceteri
2162 3953 2356 3998 scriptores
2377 3947 2619 3996 antiquiores.

100 4015 258 4054 Β110153
275 4011 400 4050 Nostri
420 4010 582 4048 narratio
601 4022 648 4049 cx
664 4022 789 4050 errore
808 4014 1020 4061 repetenda,
1043 4026 1116 4063 qua
1132 4015 1216 4052 duae
1233 4018 1456 4054 cerasuntes
1476 4013 1772 4050 confunduntur.
1786 4011 1881 4048 Vide
1901 4014 1975 4047 not.
2001 4010 2045 4046 ad
2066 4009 2207 4055 seylae.
2229 4006 2250 4053 ξ
2272 4011 2331 4052 86,
2358 4016 2391 4053 p.
2413 4007 2471 4042 64-
