2808 4342
305 305 428 362 E'Im
444 312 615 368 Σινώπη
639 312 756 362 πόλις
778 306 1002 366 ἐπώνυμοί
1015 312 1113 364 μιᾶς

306 381 555 441 Ἀμαζόνων,
579 374 637 427 ὦν
654 377 831 433 πλησίον
853 375 901 420 τὸ
916 372 1084 437 χωρίον,

302 449 354 506 ἦν
371 467 471 495 ποτε
493 451 567 508 μὲν
586 446 717 510 ᾤκουν
740 445 913 504 εὐγενεῖς
929 442 1040 494 ὄντες
1059 440 1203 504 Σύροι,

302 517 410 579 μετὰ
427 522 557 563 ταῦτα
577 516 627 572 δ’,
650 517 706 565 ὡς
723 513 932 572 λέγουσιν,
956 509 1175 567 Ἑλλήνων
1193 509 1283 557 ὅσοι

217 605 281 635 ns
308 587 372 633 ἐπ’
394 585 620 645 Ἀμαζόνας
643 580 860 637 διίὸησαν.
885 580 1120 632 Αὐτόλυκός
1142 598 1188 627 τε
1206 580 1278 626 καί

303 656 375 702 σὺν
394 654 607 708 Δηῖλέοντι
629 650 828 711 Φλόγιος,
854 650 966 703 ὄντες
987 649 1209 706 Θετταλοί,

302 725 443 769 ἔπειτα
461 722 496 767 δ’
514 720 747 783 Ἀὅρώνδας
768 719 875 780 γένει
900 720 1124 776 Μιλήσιος·

299 790 376 836 ὑπὸ
394 788 641 852 Κιμμερίων
663 781 780 840 οὗτος
804 788 841 833 δ’
863 789 1121 851 ἀναιρεῖσθαι
1140 788 1271 833 δοκεῖ·

302 858 408 919 μετὰ
432 858 688 920 Κιμμερίους
710 860 848 921 Κῷος,
871 858 996 903 πάλιν
1022 855 1066 903 δὲ
1092 857 1319 917 Κρητίνης,

216 945 279 977 ⁹50
301 930 338 973 οἱ
357 927 564 988 γενόμενοι
587 927 764 990 φυγάδες
782 927 887 988 ὅρων
913 926 1133 982 Μιλησίων
1150 938 1161 950 ·

298 990 407 1043 οὗτοι
430 996 701 1051 συνοικίζουσι
725 998 759 1042 δ’
784 994 932 1055 αὐτήν,
959 994 1083 1050 ἡνίκα

299 1069 321 1111 ὁ
346 1065 591 1129 Κιμμερίων
609 1064 845 1128 κατέδραμε
865 1064 939 1120 τὴν
962 1063 1101 1111 Ἀσίαν
1125 1062 1310 1127 στρατός.

302 1202 563 1267 Καταντικρὺ
592 1204 634 1248 δὲ
662 1201 927 1266 Καρᾶμὸεως
949 1204 990 1249 ἐν
1010 1205 1062 1264 τῇ
1086 1200 1216 1264 πέραν

302 1274 436 1319 κεῖται
457 1273 648 1335 μέγιστον

217 1409 294 1449 διοι
310 1410 392 1450 An.
411 1409 497 1461 u—
511 1409 712 1462 941·952.
732 1409 929 1463 Ammp.
953 1408 977 1447 8
997 1408 1131 1462 11.,p.
1157 1406 1251 1455 150,
1282 1419 1325 1446 11
1342 1404 1454 1446 Gail.

224 1472 242 1525 ΙΙ
265 1494 322 1503 -
343 1474 442 1526 941.
463 1470 619 1521 Σινώπη
639 1469 679 1511 δὲ
704 1469 902 1525 ἐπώνυμός
918 1469 997 1511 ἐστι
1013 1471 1100 1524 μιᾶς
1118 1473 1194 1510 τῶν
1222 1467 1459 1523 Ἀμαζόνων,

217 1532 384 1585 πλησίον
413 1531 560 1587 χωρίον
588 1528 635 1583 ἦν
662 1531 755 1573 ποτὲ
785 1530 852 1586 μὲν
885 1531 930 1572 τὸ
950 1531 1037 1586 πρὶν
1056 1531 1199 1587 ᾤκουν.
1231 1533 1314 1572 An.
1343 1528 1459 1580 cod.;

218 1609 302 1636 em.
330 1593 536 1644 Meineke,
561 1602 785 1649 monetque
803 1594 968 1649 χωρίον,
989 1593 1218 1644 castellum,
1245 1591 1328 1633 dici
1351 1592 1461 1633 The·

219 1659 395 1712 miscyra
415 1657 502 1697 sive
514 1656 856 1712 Themiscyrum,
885 1671 971 1711 quo
986 1659 1217 1698 Amazones
1238 1655 1463 1696 utebantur

218 1718 552 1775 propugnaculo;
571 1733 610 1759 v.
636 1718 774 1761 Schol.
799 1718 936 1775 Apoll.
970 1718 1051 1760 Rh.
1079 1720 1136 1769 H,
1156 1718 1263 1772 370;
1282 1719 1459 1773 Procop.

219 1783 270 1823 Β.
291 1781 346 1823 G.
366 1783 445 1831 IV,
466 1795 508 1822 2.
531 1782 783 1823 Letronnius
801 1780 973 1823 dederat
997 1794 1008 1822 ε
1031 1779 1270 1837 Ἀμαζόνων,
1285 1776 1341 1820 ὧν
1361 1779 1463 1832 πλη-

219 1844 302 1885 σίον
322 1841 368 1896 ἦν
388 1845 501 1900 χώρα
530 1843 622 1885 ποτὲ
647 1844 654 1900 Ι
678 1845 726 1896 ἢν
750 1844 796 1885 τὶ)
822 1843 909 1899 πρὶν
936 1844 1063 1899 ᾤκουν
1096 1842 1284 1898 εὗγενεῗς,
1310 1842 1351 1882 in
1377 1856 1463 1897 quo

218 1914 261 1948 et
284 1905 494 1962 dactylum
516 1907 682 1959 πλησίον
716 1915 757 1947 et
810 1905 1128 1962 productionem
1155 1906 1197 1946 in
1224 1919 1265 1946 v.
1290 1904 1376 1959 πρὶν
1399 1906 1459 1945 Μ.

199 1968 500 2025 reprehendit.
527 1971 591 2011 De
622 1970 781 2025 Sanape
809 1969 895 2010 sive
915 1969 1068 2024 Sinope
1091 1970 1359 2010 Amazonem.
1382 1968 1463 2008 He-

219 2039 369 2073 mtoeus
395 2030 447 2073 fr.
472 2032 582 2082 3523
608 2030 784 2074 Andron
806 2029 933 2086 Tejus
967 2030 1019 2072 sr.
1042 2032 1103 2084 2(
1125 2031 1194 2072 Fr.
1230 2031 1337 2071 nist.
1378 2029 1459 2070 vol.

219 2095 276 2143 11,
293 2107 336 2149 p.
356 2094 437 2142 348
457 2095 491 2148 ).
507 2093 590 2136 Alii
606 2107 759 2134 nomen
776 2107 798 2134 a
814 2094 966 2149 Sinopa
986 2093 1114 2148 Asopi
1129 2092 1210 2134 filia
1230 2091 1458 2133 deducunt.

218 2156 275 2197 V.
296 2155 432 2197 Schol.
448 2159 527 2212 Ap.
552 2156 633 2197 Rh.
654 2158 710 2205 11,
725 2158 829 2210 946;
852 2154 1028 2197 Diodor.
1049 2157 1105 2204 11,
1123 2157 1229 2208 946;
1251 2154 1458 2196 Plutarch.

221 2218 382 2260 Lucull.
404 2219 473 2259 23.
496 2220 559 2259 De
577 2218 805 2273 Autolyco,
830 2217 1045 2258 Deileonte
1066 2215 1079 2271 (
1102 2215 1374 2257 Demoleonte
1391 2231 1458 2272 ap.

219 2280 429 2322 Plutarch.
446 2280 475 2322 l.
509 2280 538 2322 l.
560 2288 602 2323 et
627 2281 780 2336 Hygin.
812 2278 840 2320 f.
868 2282 916 2329 14
942 2281 1019 2334 >et
1040 2278 1214 2333 Phlogio
1247 2278 1459 2329 fratribus,

220 2342 411 2383 Herculis
429 2350 543 2383 cont.
564 2344 709 2384 Amaz.
727 2340 950 2382 comitibus
964 2371 975 2391 ‚
1003 2338 1139 2394 deque
1160 2338 1275 2380 cultu
1292 2339 1463 2395 Autoly-

222 2404 260 2444 ci
283 2417 350 2459 ap.
369 2404 633 2460 Sinopensoe,
662 2418 702 2445 v.
735 2402 873 2459 Apoll.
899 2403 981 2455 1³11.
1005 2404 1061 2453 11,
1084 2402 1190 2456 9563
1215 2402 1458 2458 Apollodor.

218 2466 254 2514 1,
278 2481 320 2519 9,
346 2470 422 2516 16;
442 2465 590 2507 Strabo
607 2467 705 2517 XII,
722 2480 765 2521 p.
786 2466 890 2519 546;
910 2465 1121 2507 Plutarch.
1146 2464 1175 2506 l.
1203 2464 1250 2515 l.;
1279 2465 1458 2519 Appian.

217 2527 407 2569 Mithrid.
451 2528 521 2570 83.
554 2530 604 2569 In
643 2529 885 2570 universum
913 2527 981 2569 adi
1017 2526 1373 2569 Raoul-Rochette
1394 2529 1459 2576 ΙΙ,

219 2603 262 2644 p.
283 2595 380 2632 206.
403 2591 599 2646 11-943.
620 2608 637 2629 α
662 2594 718 2633 At
736 2604 936 2646 quorsum
954 2589 1211 2646 εὖγενεῖςῗοιι
1228 2588 1333 2630 sorte
1347 2589 1462 2645 quod

219 2653 326 2706 Syri,
341 2654 368 2693 i.
386 2668 424 2694 e.
447 2653 688 2708 Leucosyri,
709 2655 853 2708 a·Syro
869 2652 1071 2708 Apollinis
1090 2651 1174 2693 silio
1186 2665 1314 2706 genus
1333 2650 1463 2693 dedu-

221 2713 399 2755 cebant?
429 2714 622 2755 Tradidit
651 2714 731 2755 hoc
759 2729 857 2756 sane
890 2714 1135 2756 Plutarchus
1166 2714 1255 2754 Vit.
1299 2714 1457 2755 Lucull.

221 2790 260 2816 c.
278 2777 347 2825 23,
362 2785 465 2817 etex
481 2777 702 2818 Plutarcho
718 2777 959 2818 Eustathius
976 2775 1029 2818 ad
1052 2777 1227 2831 Dionys.
1250 2778 1342 2818 Per.
1362 2790 1459 2830 772·

221 2836 358 2878 Credo
377 2847 513 2878 tamen
530 2838 610 2878 hoc
627 2839 659 2878 si
679 2838 862 2879 indicare
882 2839 1076 2880 voluisset
1090 2840 1309 2894 Scymnus,
1329 2837 1371 2879 id
1388 2838 1462 2880 ali-

222 2907 287 2941 ter
306 2914 402 2941 eum
433 2899 644 2941 dicturum
671 2900 808 2941 fuisse.
842 2902 986 2955 Itaque
1015 2902 1153 2942 nescio
1186 2916 1237 2941 an
1261 2902 1463 2956 Seymnus

222 2961 396 3018 ἔγγενεῖς
430 2963 653 3017 scripserit.
685 2982 701 2997 ι
734 2964 999 3012 Memmius,
1027 2971 1137 3003 recte
1170 2962 1279 3003 haud
1318 2963 1459 3005 dubie.

221 3024 312 3080 Syri
335 3021 504 3066 oriundi
526 3037 576 3064 ex
598 3023 686 3079 ipsa
708 3023 876 3078 Sinope,
894 3024 979 3064 sive
1002 3026 1211 3065 Amazone
1230 3025 1315 3064 sive
1336 3027 1461 3080 Asopi

222 3085 322 3138 fllia,
345 3084 598 3128 ferebantur.
620 3086 637 3140 ΙΙ
659 3109 717 3117 -
739 3086 836 3140 945.
858 3084 895 3133 ἐξ
919 3083 1139 3141 Ἀμαζόνων
1160 3089 1260 3135 Αη.;
1281 3101 1363 3127 em.
1390 3089 1463 3128 Fa·

223 3148 399 3200 bricius3
425 3148 483 3191 ἐπ’
524 3147 742 3204 Ἀμαζόνων
772 3147 1015 3190 Hudsonus.
1050 3151 1065 3201 Ιὶ
1097 3172 1154 3183 -
1182 3151 1280 3203 946.
1305 3149 1461 3201 Δηλέων

222 3211 289 3252 καὶ
310 3210 499 3267 Φλογὲως
517 3214 600 3254 An.
617 3209 732 3257 cod.;
757 3225 839 3252 em.
864 3211 972 3253 Gaii.
1000 3212 1016 3265 ΙΙ
1039 3234 1095 3243 -
1118 3213 1215 3265 947.
1236 3209 1463 3266 ἇμὸρώντας

223 3276 306 3316 An.
331 3273 446 3324 cod.;
479 3287 562 3315 em.
592 3272 848 3324 Meinekius,
873 3274 945 3329 qui
976 3274 1019 3315 in
1046 3281 1134 3315 not.
1165 3272 1217 3314 ad
1238 3274 1461 3329 Scymnum

222 3335 301 3391 legi
324 3335 453 3378 voluit
470 3334 618 3390 Ἀδρων
634 3340 690 3392 τῷ
704 3336 830 3391 γένει,
855 3349 986 3391 quum
1004 3334 1177 3390 Ἄμὸρων
1194 3334 1326 3377 forma
1343 3337 1463 3379 vitio·

225 3412 268 3439 sa
304 3406 496 3453 recteque
530 3397 750 3454 Sylburgio
788 3406 976 3455 suspecta
1020 3398 1074 3439 sit
1107 3412 1175 3454 ap.
1225 3399 1365 3454 Etym.
1399 3401 1461 3441 M.

226 3471 269 3512 p.
297 3463 400 3509 226,
433 3473 502 3514 29,
537 3463 635 3511 624,
672 3462 740 3514 57.
771 3459 889 3502 Idem
929 3458 1082 3502 deinde
1118 3458 1172 3502 ad
1209 3460 1462 3516 Stephanum

225 3521 323 3574 Byz-
351 3534 395 3575 p.
435 3522 510 3575 571
549 3536 558 3563 :
601 3542 618 3558 ι
655 3523 779 3564 Nunc
811 3537 896 3564 non
931 3521 1080 3565 dubito
1111 3522 1214 3578 quin
1256 3521 1465 3578 Ἀδρώνδας

226 3580 491 3623 scribendum
522 3584 595 3633 sit,
637 3583 749 3639 quod
781 3585 998 3626 nominum
1028 3598 1157 3638 genus
1189 3598 1273 3626 non
1311 3587 1465 3627 Boeotis

227 3650 390 3684 tantum
429 3645 624 3686 usitatum
657 3646 782 3688 fuisse
813 3646 966 3689 docent
1005 3645 1181 3692 Diondae
1215 3655 1256 3689 et
1285 3646 1465 3690 Leondoe

228 3703 543 3747 Atheniensium
586 3709 771 3763 exempla
818 3724 884 3765 ap.
928 3710 1139 3752 Plutarch.
1178 3710 1267 3753 Vit.
1311 3711 1354 3754 X
1385 3711 1461 3753 Or.

227 3779 272 3822 p.
294 3766 376 3817 848
397 3767 452 3818 C,
470 3775 508 3808 ct
530 3768 571 3808 in
592 3770 712 3811 titulo
731 3786 795 3826 ap.
816 3772 925 3812 Keil.
952 3772 1085 3813 Anall.
1109 3773 1241 3828 epigr.
1258 3787 1302 3829 p.
1323 3774 1416 3828 147.
1442 3792 1459 3809 ι

234 3829 447 3883 11-948.
477 3828 666 3885 Κιμερίων
703 3840 744 3872 et
781 3831 876 3873 dein
911 3833 1091 3888 Κιμερίου
1112 3833 1208 3876 cod.
1237 3837 1318 3878 An.
1356 3835 1373 3890 ΙΙ
1408 3857 1467 3866 -

230 3893 329 3945 949.
365 3890 541 3947 Κριτίνης
565 3899 667 3933 etv.
703 3894 786 3946 950
807 3895 970 3949 φυγάδες
998 3900 1074 3938 τῶν
1105 3896 1202 3937 Μιλ.
1234 3894 1330 3939 cod.
1362 3898 1463 3947 An.;

229 3966 312 3994 em.
353 3952 610 4004 Mei-vemas,
646 3956 718 4009 qui
757 3968 767 3996 z
803 3976 819 3991 ·
844 3957 925 3998 Pro
946 3957 1139 4011 Κριτίνης,
1171 3957 1285 4014 quod
1315 3971 1461 4015 parum

229 4021 349 4055 caute
366 4014 578 4057 Fabricius
597 4030 673 4059 nec
687 4017 774 4059 sine
803 4019 975 4060 metrico
992 4020 1090 4061 vitio
1114 4020 1265 4076 Κριτίης
1282 4019 1459 4076 scripsit,

1013 203 1297 251 ANONYul
1339 203 1520 263 (vuum
1552 203 1781 253 sevum
1815 192 1971 267 can)

1526 312 1635 354 Dein
1653 312 1808 369 Sinope
1828 313 1930 355 urbs
1946 314 2205 368 cognominis
2220 314 2294 355 uni

1527 381 1801 431 Amazonum,
1821 394 1998 436 quarum
2021 381 2065 423 in
2083 381 2322 437 propinquo
2336 381 2570 433 castellum

1526 462 1652 504 quam
1674 447 1822 491 urbem
1838 448 1937 492 olim
1951 450 2186 492 incolebant
2207 450 2298 506 Syri
2323 450 2544 504 indige-mr,

1526 523 1668 571 postea
1681 524 1835 568 antem,
1862 524 1911 558 ut
1928 516 2091 569 dicunt,
2112 518 2246 560 Graeci
2265 518 2337 574 qui

1526 592 1671 626 contra
1694 586 1923 627 Amazonas
1940 583 2204 641 trajecerunt,
2222 585 2531 643 Autolycusqne

1526 660 1567 693 et
1584 666 1680 694 cum
1697 653 1911 695 Deileonte
1928 653 2123 709 Phlogius
2136 685 2148 704 ,
2168 654 2244 696 viri
2265 654 2474 705 'rhesum

1526 720 1678 763 deinde
1697 735 1795 780 vero
1808 722 2055 765 Habrondas
2069 737 2217 778 genere
2238 722 2420 765 Milesius
2434 739 2446 774 ς

1527 803 1551 830 a
1569 790 1804 832 Cimmeriis
1820 790 1886 831 his
1900 790 2144 833 interemtus
2161 806 2248 833 esse
2263 801 2432 847 putatur
2447 808 2457 841 ς

1527 867 1621 914 post
1639 859 1885 901 Cimmerios
1906 860 2017 901 Cous
2033 859 2173 901 denuo
2190 869 2231 902 et
2252 861 2349 916 [καὶ]
2365 861 2550 902 Crctiuoe
2565 892 2576 910 ,

1527 926 1599 982 qui
1615 926 1754 967 exules
1771 935 1889 968 erant
1910 941 1934 967 e
1953 926 2106 968 finibus
2122 928 2403 980 Milesiorum

1528 995 1571 1036 hi
1596 993 1752 1036 colonis
1775 993 2087 1049 frequentarunt
2105 1009 2194 1036 eam
2210 1026 2222 1045 ,
2239 996 2407 1051 quando

1528 1063 1847 1104 Cimmeriorum
1865 1063 2011 1104 invasit
2026 1064 2068 1104 in
2086 1064 2224 1105 Asiam
2238 1066 2458 1108 cxercitus.

1528 1203 1563 1242 E
1582 1202 1749 1257 regione
1771 1200 1983 1244 Carambis
2002 1202 2044 1242 in
2066 1209 2172 1243 terra
2186 1203 2374 1257 opposita

1522 1270 1633 1326 jacet
1647 1271 1852 1312 maximus

2654 1365 2753 1374 ᾳ.

1525 1404 1814 1461 reponendum
1832 1404 2019 1460 Κρητίνης
2035 1436 2045 1455 ,
2074 1402 2192 1459 cujus
2215 1405 2396 1446 nominis
2422 1405 2655 1462 exemplum
2668 1420 2775 1463 pra*-

1525 1466 1595 1507 bet
1627 1465 1866 1508 Herodotus
1897 1469 2003 1518 vn,
2044 1467 2145 1517 165,
2173 1481 2222 1507 ex
2260 1481 2345 1522 quo
2371 1466 2554 1509 Anaxila:
2594 1468 2772 1522 Rhegini

1525 1537 1684 1584 patrem
1700 1530 1757 1571 ita
1767 1529 2014 1586 appellatum
2029 1528 2152 1570 fuisse
2165 1528 2377 1570 discimus.
2401 1530 2497 1571 Fuit
2516 1530 2613 1571 item
2634 1531 2776 1587 Ephe·

1524 1592 1622 1633 siaci
1648 1593 1734 1646 agri
1762 1590 1965 1648 oppidum
1994 1592 2221 1647 Κρητίναιον
2239 1606 2262 1632 a
2289 1592 2513 1633 Parthenio
2546 1594 2663 1634 Erot.
2685 1608 2723 1635 c.
2745 1595 2770 1634 3

1526 1662 1819 1705 memoratum,
1835 1662 1876 1695 et
1898 1653 2126 1695 incolarum
2144 1654 2313 1695 nomine
2337 1653 2375 1694 οἱ
2398 1654 2581 1709 Κρητίναι
2607 1654 2723 1697 dictu

1525 1729 1549 1756 a
1570 1714 1791 1757 Plutarcho
1820 1717 1945 1757 Prov.
1970 1716 2006 1765 Ι,
2036 1715 2086 1770 57
2110 1728 2121 1757 :
2156 1714 2325 1771 Ἐφέσιοι
2345 1716 2532 1771 Κρητίνας
2558 1715 2770 1769 ἐκτήσαντο

1523 1775 1591 1823 τὰς
1615 1775 1630 1833 (
1652 1776 1681 1819 l.
1708 1777 1821 1826 ὄντας
1847 1777 1861 1834 )
1881 1776 2121 1833 Μαγνήτων,
2140 1777 2193 1819 de
2210 1792 2295 1833 quo
2317 1777 2411 1819 vide
2430 1793 2523 1834 quae
2539 1777 2650 1821 dicta
2671 1788 2769 1823 sunt

1526 1838 1760 1881 Choliamb.
1779 1847 1892 1895 poet.
1908 1854 1951 1895 p.
1976 1840 2068 1890 123,
2093 1840 2164 1881 ubi
2185 1838 2446 1882 Herodotum
2465 1842 2564 1891 vn,
2591 1854 2670 1896 190
2684 1856 2769 1884 me-

1526 1915 1689 1944 morare
1703 1900 1903 1943 debebam
1918 1915 1928 1943 :
1953 1900 1987 1943 ’A
1994 1902 2193 1957 μεινοκλὲϊ
2206 1907 2261 1958 τῷ
2278 1902 2472 1958 Κρητίνεω
2487 1901 2597 1958 ἀνδρὶ
2611 1903 2773 1959 Μάγνη-

1525 1979 1585 2014 τι,
1607 1978 1859 2020 quamquam
1884 1965 1917 2005 is
1940 1965 2192 2019 Magnesiam
2215 1965 2317 2006 dicit
2342 1965 2636 2007 Thessalicam.
2675 1969 2769 2010 Jam

1526 2039 1611 2066 non
1623 2024 1799 2067 dubium
1819 2024 1949 2067 videri
1969 2035 2118 2082 potest,
2134 2028 2235 2083 quin
2252 2026 2361 2068 idem
2383 2042 2535 2069 nomen
2554 2028 2774 2070 restituen-

1526 2086 1629 2129 dum
1649 2089 1702 2129 sit
1717 2088 1926 2143 Stephano
1942 2090 2040 2144 Byz.
2065 2104 2099 2130 s.
2123 2104 2161 2131 v.
2183 2090 2338 2142 Σινώπη
2352 2122 2363 2141 ,
2385 2090 2458 2131 ubi
2480 2089 2606 2132 hodie
2630 2089 2771 2134 editur

1526 2149 1669 2205 κτίσμα
1690 2150 1842 2206 Κριτίου
1855 2150 1981 2207 Κῴου,
1998 2153 2152 2206 ὥςφησι
2171 2152 2356 2207 Φλέγων.
2375 2154 2575 2195 Praeterea
2586 2166 2773 2208 praeeun·
2796 2167 2798 2170 ’

1529 2220 1567 2252 te
1589 2212 1809 2269 Radulpho
1838 2213 2038 2255 Rochette
2056 2215 2165 2256 nist.
2191 2215 2272 2257 col.
2294 2229 2357 2269 gr.
2385 2216 2473 2265 111,
2489 2228 2533 2271 p.
2559 2215 2642 2257 330
2665 2216 2773 2258 inter

1529 2273 1717 2329 Κρητίνου
1731 2283 1773 2316 et
1789 2275 1901 2331 Κῴου
1923 2274 2189 2317 inserendum
2205 2276 2286 2326 καὶ,
2311 2277 2499 2332 quamvis
2529 2277 2770 2320 Eustathius
2798 2320 2808 2339 Ι

1527 2336 1578 2378 ad
1618 2338 1794 2394 Dionys.
1831 2339 1926 2380 Per.
1969 2352 2051 2393 772
2098 2338 2252 2380 editam
2285 2339 2505 2381 lectionem
2541 2340 2767 2395 expressit,
2800 2343 2808 2386 ,.“·

1526 2399 1671 2455 κτίσμα
1684 2401 1783 2442 κατά
1795 2416 1899 2450 τινας
1914 2401 2066 2456 Κριτίου
2081 2400 2216 2457 ἀνδρὸς
2232 2401 2359 2458 Κῴου,
2377 2415 2427 2443 ex
2443 2414 2528 2457 quo
2541 2400 2647 2443 nihil
2660 2400 2772 2444 aliud
2803 2414 2808 2459 ξ

1529 2462 1768 2518 intelligitur
1790 2477 1916 2519 quam
1945 2463 2209 2505 Eustathium
2228 2463 2426 2515 eandem,
2451 2476 2533 2519 qua
2554 2464 2685 2506 nostri
2701 2477 2773 2507 oo·
2802 2469 2808 2499 2¹

1528 2526 1641 2568 dices
1662 2526 1792 2568 vitiati
1809 2535 1921 2579 sunt,
1943 2526 2161 2569 lectionem
2182 2528 2307 2570 etiam
2331 2529 2373 2569 in
2390 2541 2467 2569 suo
2484 2525 2680 2582 Stephani
2702 2541 2773 2572 σο·
2804 2530 2808 2562 f

1528 2587 1621 2630 dice
1643 2589 1898 2645 repperisse;
1923 2588 2061 2645 ἀνδρὸς
2080 2598 2219 2631 autem
2249 2589 2315 2631 ille
2340 2588 2394 2630 de
2414 2602 2491 2630 suo
2505 2586 2681 2630 addidit.
2708 2589 2773 2632 De

1531 2650 1640 2706 Κῷος
1655 2651 1824 2693 nomine
1835 2652 2007 2708 proprio
2019 2652 2061 2692 in
2074 2660 2185 2693 tanta
2199 2651 2394 2692 similium
2408 2650 2527 2706 copia
2545 2650 2563 2703 (
2578 2662 2618 2691 v.
2638 2650 2771 2693 Lehrs

1530 2712 1757 2754 Aristarch.
1779 2727 1822 2768 p.
1849 2714 1929 2756 285
1947 2715 1963 2767 )
1984 2727 2068 2755 non
2087 2711 2365 2753 dubitandum
2386 2710 2566 2753 videtur.
2587 2712 2773 2756 Fuerunt
2800 2734 2808 2761 ;

1531 2774 1655 2828 igitur
1669 2773 1756 2816 duo
1778 2789 1896 2816 novae
1913 2774 2170 2817 Milesiorum
2188 2774 2359 2819 coloniae
2380 2772 2531 2826 ἀοι-ω,
2551 2774 2624 2829 qui
2639 2788 2772 2831 quum
2800 2782 2808 2820 ι’

1530 2851 1614 2878 non
1632 2837 1850 2892 separatim
1864 2852 1940 2878 nec
1953 2836 2127 2879 diversis
2143 2836 2399 2893 temporibus
2409 2835 2578 2878 colonos
2590 2836 2772 2894 Sinopen
2800 2825 2808 2885 ⁴3

1528 2897 1748 2941 deduxisse
1780 2898 2011 2951 videantur,
2047 2900 2227 2941 maxima
2246 2907 2306 2939 cst
2335 2898 2515 2954 suspicio
2546 2898 2772 2954 Scymnum
2804 2892 2808 2946 ¹.

1530 2960 1572 3001 in
1589 2959 1703 3003 hunc
1727 2960 1898 3003 modum
1922 2963 2131 3019 scripsisse
2157 2975 2167 3003 ε
2196 2960 2292 3018 μετὰ
2327 2959 2557 3016 Κιμμερίους
2579 2959 2685 3017 Κῷος
2703 2962 2775 3004 πά-

1529 3023 1591 3065 λιν
1611 3024 1677 3066 καὶ
1692 3024 1892 3080 Κρητίνης.
1913 3027 2108 3081 Sequenti
2133 3039 2268 3077 versu,
2295 3027 2338 3067 in
2368 3040 2453 3082 quo
2468 3030 2544 3068 τῶν
2562 3039 2641 3081 pro
2658 3024 2774 3069 edito

1530 3090 1598 3127 τοῦ
1625 3101 1648 3129 e
1669 3086 1812 3130 codice
1840 3088 2076 3131 restitutum
2106 3096 2188 3138 est,
2220 3090 2457 3130 Letronnus
2490 3095 2584 3144 post
2610 3089 2775 3144 φυγάδες

1531 3149 1702 3190 inseruit
1722 3150 1762 3191 τί
1777 3181 1787 3200 ,
1813 3164 1898 3205 quo
1914 3150 2047 3191 versui
2067 3149 2311 3200 consulitur,
2328 3164 2413 3191 non
2426 3150 2524 3191 item
2539 3150 2769 3204 sententie,
2789 3190 2798 3195 .

1529 3224 1621 3264 quae
1642 3210 1820 3266 postulat
1842 3219 1887 3252 ut
1906 3212 1981 3266 ipsi
2008 3211 2062 3251 illi
2079 3242 2089 3261 ,
2112 3225 2216 3266 quos
2239 3213 2453 3267 superiore
2476 3225 2596 3253 versu
2612 3208 2802 3262 memo-'³2‘

1530 3271 1657 3322 ravit,
1689 3271 1861 3314 coloniae
1883 3271 2009 3314 duces
2032 3273 2289 3316 Milesiorum
2321 3272 2460 3315 exules
2488 3272 2613 3316 fuisse
2629 3271 2673 3316 di
2763 3279 2766 3281 ’

1531 3341 1613 3374 tur.
1638 3333 1911 3376 Scribendum
1931 3336 2058 3389 igitur
2079 3348 2089 3377 ι
2107 3336 2144 3376 oi
2159 3336 2365 3391 γενόμενοι
2387 3336 2551 3393 φυγάδες
2571 3267 2797 3394 δρωναῧ

1530 3394 1921 3448 λησίων.ΟουείωἰΙὶ
1935 3396 2061 3440 modo
2072 3412 2195 3454 supra
2209 3412 2248 3439 v.
2267 3401 2349 3453 746
2360 3397 2560 3441 habemus
2573 3398 2679 3441 Ποντ
2747 3403 2750 3405 “
2774 3405 2808 3460 “4

1532 3457 1633 3512 ὅρων
1669 3471 1747 3514 pro
1778 3458 1967 3511 Ποντικῆς
1997 3460 2142 3515 χώρας.
2171 3460 2236 3502 Cs.
2264 3474 2304 3502 ν.
2334 3460 2410 3502 135
2433 3468 2475 3502 et
2503 3460 2600 3516 519.
2634 3398 2791 3630 ἡ

1531 3533 1652 3560 usum
1683 3522 1752 3576 qui
1781 3530 1924 3563 nostro
1942 3523 2132 3578 scriptori
2152 3523 2371 3580 proprium
2397 3522 2499 3565 dicit
2520 3525 2646 3566 Letro

1533 3595 1616 3623 non
1645 3585 1904 3635 meminerat,
1923 3592 1970 3625 ut
1999 3584 2077 3626 alia
2103 3585 2281 3636 mittam,
2302 3582 2516 3641 Euripidis
2532 3586 2635 3627 Hec-
2655 3582 2737 3640 937
2796 3588 2805 3622 f

1534 3643 1573 3686 ἓν
1591 3645 1718 3699 μέσοις
1741 3646 1892 3702 Θρῄκης
1906 3647 2023 3703 ὅροις.
2051 3665 2067 3686 ιι
2096 3649 2111 3700 11
2130 3671 2188 3679 —
2201 3647 2299 3702 951.
2318 3645 2359 3689 δὲ
2384 3646 2639 3696 συνοικίζουσι
2653 3632 2808 3698 eodm.

1534 3710 1784 3763 transposuit
1804 3711 1933 3752 Mein.
1956 3711 1973 3765 ΙΙ
1991 3734 2048 3742 —
2063 3710 2160 3765 952.
2178 3709 2200 3751 ὁ
2216 3710 2262 3751 Κ.
2288 3708 2447 3766 στρατὸς
2461 3709 2672 3765 κατέδραμε
2693 3702 2786 3760 ‘dp'

1539 3769 1662 3811 Ἀσίαν
1676 3771 1771 3814 cod.
1786 3775 1886 3823 An.;
1901 3773 2121 3815 em.Mein.
2140 3772 2432 3827 11-953ο957.
2445 3776 2637 3828 Auamp.
2652 3770 2767 3821 68..

1527 3850 1576 3891 p.
1601 3837 1693 3886 148,
1718 3849 1742 3888 7
1770 3834 1884 3876 Gm'l.
1909 3846 1919 3876 :
1946 3834 2038 3876 Κατ’
2066 3832 2242 3889 ἀντικρὺς
2262 3832 2302 3875 δὲ
2323 3832 2557 3889 Καράμὸεως
2578 3830 2618 3875 ἓν
2641 3826 2776 3888 tam:

1534 3898 1641 3954 ρώπῃ
1659 3899 1782 3938 κεῖται
1799 3897 1980 3953 μέγιστον
2002 3895 2257 3952 ἀκρωτήριον,
2276 3894 2474 3950 ἀπότομον
2494 3893 2545 3943 εἰς
2574 3890 2768 3935 θάλπων

1533 3958 1680 4014 irin-,lm
1720 3959 1832 4014 ὄρος,
1877 3958 1923 4000 τὸ
1949 3958 2164 4015 λεγόμενον
2196 3958 2312 4014 Κριοῦ
2343 3958 2534 4014 μέτωπον,
2562 3953 2706 4008 ἀπίχον
2725 3948 2767 3994 ἔκ

1535 4021 1766 4077 Καράμῧεως
1787 4020 1908 4063 πλοῦν
1925 4022 2183 4077 νυχθήμερον.
2204 4022 2412 4062 Versuum
2431 4018 2652 4073 fragmenta
2665 4026 2766 4056 oon·
