2808 4342
210 196 300 238 su

271 306 350 340 ass.
384 287 483 335 Ἀπὸ
498 281 701 335 ssot-dm<
718 281 774 331 εἷς
792 277 1035 340 Ἡράκλειον
1056 273 1215 320 στάδιοι
1239 272 1274 334 ρ’
1289 286 1301 298 ·
1321 271 1442 325 πόλις

210 360 334 408 ἐστίν’
361 357 447 417 ἔχει
478 351 627 411 λιμένα
660 348 734 395 καὶ
766 346 901 407 ὕδωρ·
938 343 1023 390 ἀπὸ
1056 343 1233 388 σταδίων
1258 341 1298 387 κ’
1332 339 1450 394 πόλις

210 435 344 475 κεῖται
368 422 551 474 Κνωσός·
574 418 790 466 ἀπόκειται
813 414 856 461 δὲ
874 413 946 460 καὶ
962 416 1084 470 νῆσος
1102 410 1186 457 ἀπὸ
1208 409 1386 457 σταδίων
1403 408 1448 470 μ’
1512 407 1621 463 jaoet
1641 411 1817 453 Cnosus.
1878 410 2013 451 Distat
2028 418 2070 451 et
2084 410 2217 454 insuta
2232 410 2363 454 mdia
2400 415 2454 462 4ο
2486 411 2744 458 occiderim„
2776 411 2798 453 f

208 495 310 558 πρὸς
331 492 459 540 δύσιν·
481 492 671 536 καλεῖται
689 487 806 537 Δῖος.

167 589 187 619 5
271 580 349 611 ssa.
384 560 485 610 Ἀπὸ
502 563 572 605 τοῦ
586 553 835 617 Ἡρακλείου
855 554 911 605 εἷς
927 551 1190 615 Χερρόνησον
1210 547 1329 596 πόλιν
1349 546 1451 595 στά-

211 637 287 682 διοι
302 633 357 679 λ’·
376 630 485 691 ὕδωρ
502 628 589 689 ἔχει
603 624 675 671 καὶ
685 627 811 679 νῆσον
827 621 1003 686 ἔχουσαν
1023 619 1179 683 πύργον
1197 618 1269 665 καὶ
1283 615 1449 678 λιμένα.

273 718 353 749 aso.
385 697 484 745 Ἀπὸ
495 692 763 758 Χερρονήσου
782 693 838 744 εἰς
853 691 1056 739 Ὀλοῧντα
1079 688 1238 736 στάδιοι
1254 686 1304 741 ξ’·
1342 686 1451 749 ἄκρα

213 771 344 819 ἐστίν·
380 767 564 830 ὔφορμον
590 762 679 826 ἔχει
700 761 773 809 καὶ
794 759 904 824 ὕδωρ
936 758 1066 806 καλόν
1084 773 1098 787 ·
1124 755 1274 820 ἀπέχει
1307 755 1349 802 δὲ
1371 754 1454 801 ἀπὸ

212 844 283 895 τῆς
302 841 378 900 γῆς
399 835 591 885 σταδίους
614 832 651 878 κ’
665 833 706 880 ⁴¹.

154 932 191 961 ιο
277 922 355 955 ³51.
388 903 491 953 Ἀπὸ
511 903 732 953 Ὀλοῦντος
748 902 805 952 εἰς
827 896 1033 961 Καμάραν
1059 895 1219 943 στάδιοι
1243 892 1306 940 ιε’.

275 993 353 1024 ³⁶2.
385 972 490 1024 Ἀπὸ
513 971 720 1034 Καμάρας
737 971 794 1022 εἷς
814 967 981 1031 Ἴστρον
1004 966 1164 1012 στάδιοι
1185 963 1264 1011 κε’.

275 1061 355 1093 35³.
392 1042 495 1091 Ἀπὸ
525 1045 598 1098 τῆς
619 1039 788 1102 Ἴστρου
809 1037 877 1085 ἐπὶ
908 1036 983 1093 τὴν
1011 1034 1171 1092 Κητίαν
1200 1034 1331 1095 ἄκραν
1355 1030 1455 1078 στά-

216 1119 291 1163 διοι
319 1114 380 1161 ιε’·
402 1110 587 1177 ὅφορμός
604 1113 713 1156 ἐστιν
728 1145 740 1166 ,
765 1109 935 1171 ἄνυδρος
958 1105 1021 1153 δέ.

277 1181 356 1232 ass.
381 1182 495 1230 -Ἀπὸ
518 1185 592 1237 τ’ἧς
625 1178 783 1236 Κητίας
802 1177 933 1241 ἄκρας
957 1178 1012 1228 εἰς
1048 1171 1331 1225 Διονυσιάδας”
1350 1171 1455 1218 στά-

155 1278 195 1308 15
216 1258 292 1303 διοι
314 1254 367 1300 τ’·
391 1256 510 1308 νῆσοι
529 1250 607 1296 εἰσὶ
628 1250 722 1305 δύο,
742 1247 915 1310 ἔχουσαι
932 1244 1083 1305 λιμένα
1105 1241 1177 1291 καὶ
1198 1241 1324 1305 ὕδωρ.

278 1341 363 1372 855.
392 1322 493 1371 ’Λπὸ
515 1318 796 1368 Διονυσιάδων
820 1318 876 1369 εἷς
897 1315 945 1362 τὸ
965 1313 1206 1375 Σαμώνιον,
1225 1313 1314 1359 ὅθεν
1330 1308 1455 1371 ἠρξά·

219 1399 324 1456 peon
345 1391 554 1455 περιάγειν
573 1389 646 1445 τὴν
671 1387 841 1450 Κρήτην
858 1422 871 1446 ,
899 1384 1055 1432 στάδιοι
1080 1382 1158 1446 ρκ’.

241 1462 2704 1499 —.--—--——-———-————-——-——--—-—-—·--
2742 1462 2750 1470 .

274 1534 409 1585 5348.
442 1528 490 1568 Ἥ
504 1527 622 1583 ράκλ
635 1541 673 1567 ει
686 1539 758 1566 ον.
779 1524 793 1578 ]
817 1524 883 1564 Sic
897 1530 1046 1578 praeter
1063 1518 1331 1562 Ptolemaeum
1342 1516 1465 1557 etiam

219 1593 367 1635 Strabo
381 1606 426 1648 p.
442 1593 522 1640 484
544 1603 554 1630 2
575 1588 692 1643 Ἔχει
706 1588 740 1627 δ’
761 1585 925 1628 ἐπίνειον
941 1584 986 1625 τὸ
1009 1582 1240 1639 Ἡράκλειον
1257 1579 1466 1634 ἣΚνωσός.

219 1655 430 1711 Stephano
469 1651 679 1707 Ἡράκλεια
694 1682 705 1699 ,
748 1648 883 1690 Plinio
922 1648 1021 1691 item
1056 1644 1258 1688 Heraclea
1298 1641 1467 1684 dicitur.

222 1719 350 1760 στάδ.
383 1716 449 1773 ρ’]
479 1715 566 1770 lege
598 1714 649 1756 τ’.
682 1716 791 1755 Ante
819 1709 1059 1752 Heracleam
1088 1708 1247 1750 Plinius
1269 1713 1471 1748 memorat

224 1784 399 1835 Cyeaeum
423 1777 517 1832 (Cf.
543 1776 685 1831 Steph.
722 1776 820 1829 Byz.
855 1787 895 1816 v,
934 1772 1049 1814 Κῦτα
1070 1779 1111 1812 et
1142 1771 1319 1812 Nonnus
1348 1768 1468 1815 XIII,

223 1843 303 1896 237
329 1854 339 1882 :
375 1840 499 1881 ἄλσεα
527 1837 629 1879 καλὰ
654 1836 833 1877 Κυταίου.
855 1836 971 1875 Inter
990 1830 1218 1884 Ichogdleia
1238 1838 1278 1871 et
1296 1831 1473 1882 Armyro

223 1919 305 1947 sec.
331 1902 505 1959 Pashl.)
532 1909 573 1941 et
605 1898 873 1956 Apolloniam
909 1894 995 1949 (ad
1031 1892 1133 1936 hod.
1172 1895 1349 1946 Armyro
1387 1904 1469 1930 sec.

224 1967 362 2010 Pashl.
380 1966 394 2023 )
428 1974 469 2007 et
508 1964 691 2006 Matium
719 1960 851 2018 (hod.
890 1957 1219 2011 Megalocasemn
1236 1955 1269 2012 ),
1305 1951 1419 2009 quod
1449 1967 1475 1993 a

225 2031 384 2072 Gnosso
396 2028 510 2070 abest
522 2026 726 2083 proxime.
744 2022 989 2065 Heracleum
1002 2034 1097 2062 cum
1110 2018 1308 2073 Pashleyo
1320 2031 1477 2073 ponen-

227 2091 327 2133 dum
351 2104 482 2147 prope
499 2087 602 2130 hod.
623 2086 765 2128 Kaleon
788 2099 895 2127 oros.
925 2085 942 2138 ΙΙ
968 2108 1026 2115 -
1042 2083 1071 2123 Κ
1085 2082 1237 2129 νωσός
1255 2082 1270 2135 ]
1295 2078 1477 2131 Μονησός

229 2153 343 2203 cod.;
367 2167 451 2194 em.
468 2150 627 2193 Gailius
642 2165 653 2199 ;
671 2163 767 2190 nam
788 2146 1130 2189 mediterraneam
1152 2142 1300 2183 urbem
1320 2154 1477 2182 memo-

230 2217 311 2258 rari
326 2229 349 2256 e
365 2213 501 2255 verbis
523 2210 743 2253 Stadiasmi
761 2217 803 2250 et
824 2223 875 2248 ex
887 2207 992 2248 serie
1007 2204 1160 2260 Peripli
1177 2204 1320 2258 liquet.
1336 2204 1477 2255 Quare

231 2274 453 2332 rejicienda
465 2282 526 2315 oet
539 2271 777 2327 conjectura
791 2279 975 2311 ceterum
988 2267 1149 2321 elegans
1163 2264 1388 2314 Mannerti,
1405 2264 1477 2318 qui

230 2338 307 2392 legi
325 2337 455 2378 voluit
471 2334 667 2391 Ἀμνισός;
692 2334 750 2374 sic
764 2332 877 2373 enim
898 2337 1068 2371 vocatur
1078 2327 1180 2369 alter
1194 2326 1319 2368 Cnosi
1334 2333 1479 2381 portus

232 2401 285 2443 ad
305 2401 479 2442 fluvium
508 2396 798 2452 cognominem
831 2392 967 2447 (hod.
995 2388 1229 2448 Aposelemi
1245 2387 1279 2446 ),
1308 2386 1362 2430 de
1394 2402 1479 2443 quo

234 2463 320 2507 vid.
338 2464 510 2504 Homer.
536 2458 620 2502 Od.
643 2459 761 2508 XIX,
789 2459 865 2499 188
888 2456 1028 2510 ibique
1047 2452 1176 2494 schol.
1209 2460 1251 2493 et
1268 2450 1477 2501 Eustath.,

235 2524 510 2567 Callimachus
528 2524 570 2564 in
587 2523 710 2563 Dian.
748 2523 814 2570 15,
833 2518 969 2574 Apoll.
1000 2516 1079 2558 Rh.
1099 2517 1177 2565 111,
1210 2516 1308 2569 877,
1330 2512 1480 2555 Strabo

234 2603 274 2644 p.
300 2592 397 2643 476,
417 2587 591 2641 Dionys.
607 2587 705 2638 498,
727 2582 948 2625 Pausanias
970 2582 1005 2630 1,
1029 2581 1094 2628 18,
1115 2577 1341 2627 5‚Nonnus
1359 2576 1478 2625 VIII,

236 2651 334 2701 230,
367 2649 565 2704 Stephan.
596 2655 638 2688 et
668 2645 784 2687 Suid.
813 2646 830 2699 ll
848 2642 1083 2697 -Δῖος].
1110 2639 1182 2680 Δία
1209 2653 1277 2694 ap.
1309 2636 1416 2679 Ptol.
1442 2645 1483 2678 et

237 2713 342 2754 Plin.
370 2726 481 2752 nunc
501 2710 601 2752 Dia.
624 2711 778 2751 Nostro
799 2707 891 2749 loco
918 2705 1016 2747 sort.
1044 2704 1121 2758 leg.
1140 2701 1239 2750 Διός.

294 2777 316 2826 S
353 2778 449 2816 349.
490 2773 795 2814 Chersonesum
833 2775 1035 2810 memorat
1067 2763 1278 2807 Hierocles
1309 2762 1337 2803 l.
1377 2762 1405 2803 l.
1444 2770 1485 2803 et

239 2844 332 2892 post
353 2835 532 2890 Ζεφύριον
559 2835 676 2890 ἄκρον
695 2832 954 2876 Ptolemaeus.
978 2830 1073 2871 Fuit
1094 2826 1205 2869 haud
1221 2825 1348 2868 dubie
1366 2826 1484 2881 Lycti

242 2898 356 2939 urbis
375 2906 536 2953 portus.
572 2898 716 2937 Ruinae
741 2902 902 2935 exstant
920 2893 971 2934 ad
993 2893 1129 2933 vicum
1147 2923 1158 2941 ,
1183 2891 1255 2946 qui
1277 2887 1485 2944 hodieque

243 2959 481 3002 Chersoneso
504 2966 688 2999 vocatur.
715 2958 768 2999 V.
788 2955 958 3010 Phasley
981 2957 1016 3005 1,
1039 2969 1080 3008 p.
1104 2957 1199 3006 269.
1226 2954 1369 3007 Ipsum
1390 2965 1486 3006 pro-

242 3022 499 3063 montorium
536 3021 579 3061 in
616 3018 931 3061 recentioribus·
951 3016 1110 3070 mappis
1145 3021 1315 3054 vocatur
1343 3013 1487 3068 poinee

248 3082 399 3135 Ίῖςωιί
429 3083 515 3123 sive
551 3079 756 3123 Acmeiri.
797 3080 815 3132 η
843 3102 901 3110 -
924 3077 1064 3118 οταδ.
1085 3074 1154 3130 λ’]
1189 3076 1286 3115 Esse
1313 3073 1487 3114 debebat

245 3145 355 3188 σταδ.
380 3148 429 3202 ρ’.
457 3146 573 3186 Fort.
605 3150 692 3184 erat
714 3140 790 3198 ρλ’.
832 3142 849 3194 ΙΙ
878 3138 1133 3192 -νῆσον]
1154 3140 1218 3179 An
1242 3136 1486 3177 hodiernam

244 3206 485 3250 Paximada
505 3206 623 3257 dicit,
645 3220 698 3247 an
722 3203 934 3261 parvulam
952 3201 1145 3251 insulam,
1163 3213 1255 3255 quae
1277 3214 1300 3250 a
1315 3199 1491 3247 Cherso-

246 3286 344 3314 neso
366 3272 567 3313 orientem
602 3282 742 3310 versus
769 3264 1051 3323 progredienti
1081 3262 1263 3305 occurrit
1284 3259 1335 3302 ad
1362 3261 1490 3316 ipsam

246 3348 361 3375 oram
384 3348 514 3390 prope
536 3331 637 3374 hod.
666 3331 785 3372 mean
807 3327 1005 3370 Seulida?

304 3400 327 3449 S
363 3401 459 3439 350.
500 3394 565 3443 εἰς
599 3392 877 3447 Ὀλοῦντα]
919 3389 970 3438 εἰς
996 3388 1215 3435 Σολοῦντας
1241 3394 1282 3428 et
1300 3400 1397 3428 mox
1419 3384 1493 3427 ἀπὸ

248 3460 464 3508 Σολοῦντος
481 3458 596 3509 cod.;
615 3471 696 3498 em.
718 3454 894 3498 Gailius.
911 3455 1170 3495 Memoratur
1186 3449 1287 3492 urbs
1307 3462 1373 3506 ap.
1396 3450 1493 3491 Pto·

251 3522 454 3572 temanum,
492 3520 747 3576 Stephanum
787 3521 885 3574 Byz.
931 3516 1008 3572 (ex
1035 3513 1238 3556 Xenionis
1268 3511 1439 3554 Creticis
1458 3512 1490 3568 ),

252 3584 497 3625 Pausaniam
516 3583 592 3633 IX,
612 3586 682 3632 4ο,
710 3582 733 3623 3
757 3583 773 3635 (
791 3580 1044 3637 Βριτόμαρτις
1060 3576 1099 3619 ἐν
1126 3573 1363 3633 Ὀλοῦντι),
1383 3574 1426 3616 in
1445 3577 1492 3617 C.

251 3645 289 3686 1.
311 3647 367 3694 11,
389 3659 429 3700 p.
459 3647 537 3698 398
562 3660 604 3688 n.
631 3644 757 3694 2554,
792 3642 864 3684 ubi
894 3642 1091 3683 Ὀλόντιοι
1112 3649 1153 3682 et
1183 3638 1357 3689 Ὀλόντι,
1377 3637 1495 3679 sicuti

253 3707 296 3748 in
332 3708 471 3748 numis
501 3721 566 3761 ap.
600 3707 787 3747 Mionnet
807 3709 952 3747 Descr.
976 3704 1057 3745 vol.
1092 3704 1154 3754 11,
1178 3716 1220 3758 p.
1248 3702 1345 3756 289.
1369 3699 1495 3741 Sitam

254 3768 400 3811 urbem
416 3766 468 3810 ad
491 3767 703 3809 Cadistum
722 3775 904 3808 montem
921 3782 943 3807 e
962 3766 1125 3822 Scylace
1137 3779 1178 3821 p.
1203 3767 1254 3815 44
1276 3762 1494 3811 discimus,

256 3829 449 3872 Cadistus
470 3843 568 3871 vero
590 3844 709 3871 mons
738 3837 800 3870 est
821 3828 1153 3884 promontorium
1178 3826 1298 3880 longe
1319 3825 1361 3866 in
1385 3838 1498 3866 mare

256 3906 478 3934 excurrens
493 3923 504 3943 ‚
525 3891 578 3933 ad
602 3890 718 3947 quod
736 3899 798 3932 est
817 3890 945 3946 spina
977 3890 1111 3942 longa.
1136 3888 1199 3930 lbi
1222 3900 1336 3929 nune
1352 3884 1497 3928 Altada

260 3954 371 3996 vicus
395 3969 491 3996 cum
524 3955 671 3998 ruinis.
700 3952 922 4008 Pashleyus
943 3952 1107 3994 Oluntis
1141 3953 1361 3993 immemor
1387 3948 1498 3990 hunc

1307 4077 1670 4105 ψ-

894 173 1182 250 anunm!
1214 170 1599 219 sumasmis
1632 170 1821 220 Manis
1846 170 2065 221 MAGNI.

1571 274 1669 323 348.
1703 273 1770 316 Ab
1787 273 1991 342 maa
2010 274 2256 318 amaeam
2271 274 2401 316 stadia
2423 276 2505 317 300
2530 275 2615 332 (τ’).
2642 274 2755 320 urb·

1514 351 1576 384 est
1593 356 1692 384 cnm
1724 349 1851 398 portu
1881 350 1923 384 et
1942 355 2073 398 aquag
2096 342 2197 385 hinc
2215 343 2372 386 distans
2394 343 2524 386 stadia
2556 357 2611 387 20
2643 344 2746 394 urbs
2777 343 2785 357 ⁵

1515 493 1680 529 sersus;
1705 486 1873 520 vomtur
1894 478 2013 520 Dius.

1577 551 1673 604 349.
1707 549 1773 592 Ab
1795 548 1993 591 Heracleo
2017 547 2070 590 ad
2092 547 2431 590 Cherrhonesum
2453 548 2599 591 urbem
2623 547 2756 592 smdin
2784 572 2786 574 ·

1524 620 1603 662 130
1623 618 1737 677 (ρλ’).
1785 617 2082 674 Aquamliabet
2092 617 2316 670 etinsulam
2331 618 2541 660 cumturri
2551 626 2593 660 et
2609 626 2750 674 portu.
2780 616 2782 620 ’

1577 689 1674 732 350.
1707 692 1743 732 Α
1782 689 2073 731 Cherrhonaeo
2089 687 2144 729 ad
2163 687 2359 729 Oluntem
2380 685 2512 728 stadia
2541 691 2624 731 260
2643 685 2755 743 (οἵ).
2781 713 2784 716 >

1522 760 1594 801 Est
1611 759 1961 814 promontorium,
1978 758 2056 799 sub
2071 772 2156 814 quo
2173 757 2295 798 statio
2306 764 2366 798 est
2382 763 2423 797 et
2444 769 2552 811 aqua
2570 755 2758 812 pulchra.
2775 787 2788 827 «γ

1523 829 1657 871 Distat
1677 835 1816 870 autem
1833 842 1859 868 a
1875 828 2112 868 continente
2129 825 2259 867 stadia
2276 839 2331 867 20
2355 825 2493 866 insula
2505 838 2663 882 parua.
2737 855 2740 857 -
2784 831 2786 833 ’

1581 898 1677 940 351.
1718 896 1784 938 Ab
1805 894 1959 936 Olunte
1977 893 2030 936 ad
2045 895 2260 936 Camarum
2279 894 2410 936 stadia
2435 894 2498 936 15.

1582 968 1679 1010 352.
1710 969 1746 1009 A
1768 966 1939 1007 Camars
1955 962 2008 1006 ad
2030 965 2184 1005 Istrum
2203 963 2335 1005 stadia
2354 965 2407 1006 25
2433 964 2564 1019 (452).
2784 1011 2786 1013 ,

1582 1037 1678 1079 353.
1714 1035 1780 1078 Ab
1797 1037 1906 1076 Istro
1926 1033 1979 1076 ad
1998 1034 2155 1075 Cetiam
2190 1033 2523 1088 promontorium
2550 1031 2680 1075 stadia
2717 1029 2763 1075 15
2788 1035 2803 1054 ·‘

1528 1106 1690 1162 (15o?).
1751 1107 1949 1147 Recessus
1966 1111 2043 1153 ωε,
2064 1101 2135 1143 sed
2155 1116 2261 1158 aqua
2279 1116 2438 1146 carens.
2799 1094 2801 1096 ¹

1586 1175 1681 1225 354.
1716 1177 1752 1216 Λ
1785 1174 1899 1215 Cetia
1930 1171 2219 1228 promontorio
2254 1169 2306 1211 ad
2339 1169 2610 1225 Dionysiades
2638 1170 2770 1212 stadia
2787 1197 2790 1200 ·

1530 1246 1611 1287 300
1628 1245 1701 1298 (80
1709 1243 1760 1297 Ρ).
1776 1240 1924 1283 Insulae
1934 1239 2146 1290 duaesuut,
2161 1238 2358 1280 habentes
2370 1245 2538 1293 portum
2549 1245 2740 1293 etaquan·
2751 1268 2760 1278 .
2784 1224 2789 1242 ³

1587 1312 1682 1354 355.
1713 1314 1746 1352 A
1773 1306 2095 1365 Dionysiadibus
2117 1305 2169 1348 ad
2188 1307 2457 1356 Samonium,
2483 1304 2595 1347 unde
2620 1305 2772 1361 incepi·
2799 1304 2801 1306 ’

1531 1397 1622 1423 mus
1638 1379 1859 1422 circumire
1880 1378 2062 1426 Cretam,
2090 1373 2221 1416 stadia
2248 1388 2326 1416 120
2346 1373 2486 1428 (503⁵).
2630 1371 2634 1375 ’
2785 1382 2787 1385 ’

1533 1514 1575 1554 in
1600 1512 1738 1554 locum
1773 1507 1980 1550 transtulit
2012 1507 2178 1547 Naxum
2211 1503 2357 1546 urbem
2390 1504 2616 1554 Creticam,
2648 1515 2784 1558 quam

1533 1573 1661 1617 schol.
1686 1570 1857 1616 Pindar.
1873 1570 1975 1612 Isth.
1997 1571 2033 1619 I,
2063 1570 2139 1611 108
2157 1575 2198 1609 et
2209 1566 2438 1623 Stephanus
2457 1567 2553 1621 Byz.
2571 1580 2606 1608 s.
2628 1579 2667 1608 v.
2695 1568 2711 1618 (
2736 1570 2779 1607 «st

1534 1638 1632 1679 hinc
1650 1634 1797 1679 Suidas
1812 1638 1828 1689 )
1845 1639 2089 1688 memorant.
2108 1633 2163 1672 At
2177 1644 2214 1670 v.
2231 1627 2376 1670 Hoeck.
2415 1631 2532 1669 cmm
2545 1628 2582 1677 Ι,
2613 1640 2656 1683 p.
2674 1629 2774 1680 417,

1539 1701 1556 1755 ΙΙ
1579 1724 1634 1731 -
1657 1698 1684 1747 ξ’
1706 1699 1722 1753 ]
1744 1696 1868 1738 debet
1891 1709 1979 1736 esse
1999 1692 2065 1742 σξ’.
2098 1692 2316 1746 Sexaginta
2336 1689 2468 1732 stadia
2490 1703 2588 1731 sane
2606 1686 2763 1744 quidet

1534 1761 1587 1803 ad
1614 1761 1755 1802 ruinas
1773 1757 1989 1807 (lucerent,
2025 1754 2077 1796 ad
2103 1753 2355 1796 hodiernum
2377 1750 2516 1794 Malia
2546 1750 2701 1792 locum.
2723 1753 2756 1792 A
2773 1772 2783 1782 .

1536 1826 1569 1865 si
1594 1823 1651 1864 ibi
1668 1822 1770 1863 Olus
1786 1818 1978 1876 ponenda
1998 1817 2125 1866 soret,
2152 1815 2238 1856 falsi
2259 1822 2394 1855 essent
2419 1813 2583 1855 numeri
2601 1826 2755 1869 sequen
2779 1847 2781 1849 ,

1538 1895 1613 1937 tes,
1624 1884 1805 1939 salsaque
1813 1880 1993 1924 traderet
2003 1878 2146 1935 Scylax
2153 1912 2162 1920 .
2175 1878 2398 1933 Kiepertus
2409 1874 2462 1917 ad
2470 1875 2650 1917 nuliam
2658 1874 2735 1916 ista

1539 1947 1755 1990 Arsinoen·
1771 1943 1918 1986 urbem
1944 1941 2082 1989 refert,
2114 1939 2309 1981 dubitans
2339 1946 2491 1981 tamen.
2516 1939 2615 1980 Post
2645 1937 2786 1980 Mal&

1540 2002 1729 2065 sequitur
1746 2006 1902 2049 Milaea
1922 2019 2017 2046 cum
2041 2003 2172 2044 ruinis
2205 2002 2352 2043 veteris
2379 1998 2527 2051 Mileti,
2551 1997 2670 2055 cuius
2692 1997 2780 2055 ,iam

1541 2074 1749 2115 Homerus
1763 2069 1966 2111 meminit.
1988 2068 2004 2120 ΙΙ
2024 2091 2082 2098 -
2096 2064 2232 2121 ἔχειδὲ
2247 2064 2311 2105 καὶ
2332 2062 2428 2106 cod.
2445 2086 2503 2094 —
2523 2062 2540 2117 ΙΙ
2564 2059 2742 2117 ἀπέχει
2762 2061 2779 2119 J

1541 2151 1598 2179 sc.
1636 2134 1818 2190 ῠφορμος,
1853 2140 1902 2172 ut
1923 2130 2083 2172 Gailius
2101 2135 2231 2185 putat.
2258 2127 2401 2169 Potius
2422 2128 2538 2177 νῆσος
2562 2123 2779 2175 exciderit,

1542 2211 1672 2253 quum
1684 2197 1727 2237 in
1741 2194 1871 2236 insula
1878 2192 2061 2247 adjaceat
2072 2205 2184 2232 nune
2198 2189 2408 2231 castellum
2420 2187 2471 2230 de
2486 2187 2615 2246 Spina
2625 2190 2786 2239 Longa.-

1600 2262 1623 2312 §
1642 2261 1739 2301 351.
1765 2257 1981 2298 Camaram
2006 2267 2057 2295 ex
2078 2252 2317 2302 Ptolemaeo,
2347 2241 2555 2307 stephnho
2575 2258 2617 2292 et
2637 2250 2786 2292 Hiero·

1544 2322 1605 2362 cle
1622 2334 1664 2376 p.
1692 2318 1774 2361 650
1787 2325 1927 2359 notam
1947 2317 1990 2357 in
2005 2315 2153 2365 ruinis,
2169 2327 2262 2370 quae
2275 2311 2328 2355 ad
2340 2310 2441 2356 hod.
2461 2314 2594 2354 Paros
2606 2319 2785 2364 exstant,

1546 2383 1733 2439 agnoscit
1762 2379 2000 2435 Pashleyus.
2024 2379 2086 2419 Ita
2123 2376 2388 2434 Stephanus:
2414 2374 2645 2431 Κάμαρα,
2680 2374 2794 2418 πόλι

1547 2446 1774 2503 Κρήτης,...
1807 2443 1889 2495 ἥτις
1916 2441 2062 2483 Λατὼ
2089 2438 2261 2495 ἐλέγετο.

1604 2511 1742 2562 5352.
1766 2505 1835 2555 εἰς
1869 2504 2061 2559 Ἴστρον
2082 2502 2142 2544 vel
2174 2501 2238 2551 εἰς
2271 2498 2535 2558 Ἰστρῶνα]
2554 2498 2791 2557 εἰςἝτίραν

1550 2581 1593 2613 et
1621 2585 1719 2613 mox
1739 2568 1815 2611 ἀπὸ
1851 2570 1919 2620 τῆς
1941 2565 2096 2623 Ἑτέρας
2119 2564 2213 2607 cod.
2250 2564 2444 2607 Proxime
2478 2563 2668 2620 sequitur
2697 2550 2793 2620 post'

1550 2636 1602 2677 50
1637 2634 1722 2675 sere
1754 2630 1885 2673 stadia
1922 2630 2036 2671 locus
2065 2631 2255 2669 Iste-onas
2278 2641 2344 2683 ap.
2372 2633 2527 2667 veteres
2551 2624 2700 2681 Ἴστρος
2727 2611 2793 2672 vd

1553 2696 1711 2752 Ἰστρών
1728 2693 1879 2735 dictus.
1897 2691 2092 2748 Stephan.
2105 2692 2200 2746 Byz.
2224 2702 2234 2731 t
2254 2689 2418 2744 Ἴστρος,
2436 2686 2547 2736 πόλις
2562 2685 2726 2744 Κρήτης,
2789 2679 2795 2691 ”

1552 2759 1825 2815 Ἀρτεμίδωρος
1846 2754 2031 2811 Ἰστρῶνά
2046 2768 2154 2808 φησι.
2175 2754 2241 2793 In.
2262 2752 2310 2793 C.
2328 2752 2364 2792 1.
2379 2750 2435 2801 11,
2453 2763 2496 2792 n.
2513 2750 2620 2800 3048
2644 2748 2723 2791 Ἰστ

1550 2837 1625 2863 νιοι
1648 2826 1946 2863 memorantur.
1965 2815 2077 2858 Urbs
2106 2828 2236 2870 quum
2252 2811 2305 2855 ad
2321 2811 2656 2867 angustissimum
2675 2811 2771 2854 insu
2789 2821 2794 2866 ’ς

1550 2885 1597 2927 1ae
1625 2883 1824 2926 isthmum
1847 2882 1923 2922 sita
1957 2880 1999 2920 in
2030 2877 2271 2934 Lyctiorum
2291 2874 2449 2917 ditione
2470 2873 2618 2926 fuerit,
2652 2872 2758 2916 Mw'
2790 2890 2796 2922 2

1550 2946 1723 3004 portus‘,
1755 2958 1878 3001 quem
1907 2941 2060 2984 ibidem
2079 2940 2198 2997 ponit
2221 2938 2390 2989 Strabo,
2413 2934 2684 2994 probabiliter
2722 2957 2728 2970 ·
2749 2939 2798 2970 ..¹⁴

1550 3018 1651 3051 erat.
1678 3009 1772 3051 Istri
1795 3006 1909 3048 urbis
1931 3004 2089 3047 Gailius
2115 3004 2158 3045 in
2187 3001 2418 3045 Stadiasmo
2447 2999 2526 3056 legi
2556 2998 2688 3043 voluit
2711 3010 2722 3040 ι
2798 3023 2804 3050 ³.

1553 3072 1682 3127 ἑτέραν
1702 3071 1887 3125 [Μινώαν
1899 3070 1931 3125 ],
1950 3082 2080 3124 quum
2097 3066 2175 3108 alia
2189 3066 2331 3107 Minoa
2345 3076 2467 3119 supra
2485 3068 2711 3104 memorata
2726 3060 2759 3103 si
2778 3107 2782 3112 ¹>
2803 3053 2805 3064 '

1555 3138 1634 3190 Ap.
1651 3133 1883 3175 Diodorum
1900 3144 2004 3172 uxor
2015 3129 2182 3177 Minois,
2199 3125 2315 3181 Lycti
2329 3124 2426 3174 filia,
2450 3121 2586 3175 Ἰτώνη
2602 3129 2719 3165 vocat

1555 3197 1692 3237 nescio
1709 3211 1761 3236 an
1784 3195 1904 3235 suerit
1933 3183 2132 3246 Ἰστρώνῆ.

1611 3261 1751 3310 5353.
1785 3258 1881 3297 Post
1910 3253 2039 3294 stadia
2082 3251 2153 3301 15,
2192 3247 2302 3291 nulla
2332 3247 2519 3304 sequitur
2550 3245 2663 3303 ἄκρα.
2698 3245 2773 3289 K‘

1555 3328 1694 3376 pertus
1725 3317 1896 3359 indicari
1936 3322 2053 3371 putat
2098 3312 2430 3370 promontorium
2453 3324 2479 3352 a
2514 3307 2766 3366 Dionysias!

1558 3381 1702 3423 insulis
1729 3381 1781 3422 50
1798 3378 1929 3421 stadia
1952 3377 2132 3427 distans,
2158 3389 2288 3431 prope
2319 3371 2434 3430 quod
2462 3380 2525 3415 est
2541 3370 2657 3415 Setia
2698 3390 2766 3406 κου·

1561 3444 1732 3501 (ἼΙτεια
1758 3442 1999 3499 Stephani).
2034 3441 2125 3481 Hoc
2156 3438 2189 3479 si
2230 3432 2491 3487 vorum'oet,
2529 3435 2589 3478 uti
2619 3446 2707 3478 uon
2753 3464 2764 3467 Ν

1559 3506 1755 3548 dissimile
1783 3505 1882 3555 veri,
1904 3507 1927 3557 S
1951 3503 2029 3551 354
2053 3516 2131 3558 pro
2147 3501 2179 3541 τ’
2209 3499 2333 3541 scrib.
2371 3497 2497 3540 suerit
2524 3498 2578 3549 π’,
2609 3495 2686 3539 nisi
2715 3496 2749 3537 l·

1560 3568 1776 3611 Stadiasmi
1800 3574 1945 3608 auctor
1961 3566 2002 3606 in
2025 3564 2153 3606 altum
2167 3561 2317 3603 insulas
2330 3560 2492 3615 longius
2514 3557 2649 3615 ejecit,
2669 3569 2760 3615 qu·

1563 3631 1671 3673 idem
1707 3631 1901 3686 deinceps
1934 3643 1957 3670 a
2002 3623 2265 3682 Dionysiadis
2294 3622 2346 3665 ad
2385 3622 2627 3664 Samonium
2664 3633 2692 3677 p
2724 3640 2757 3652 ·=

1562 3703 1727 3751 exputet
1746 3693 1875 3735 stadia
1906 3706 1998 3743 120,
2023 3704 2115 3746 quze
2138 3701 2278 3730 revera
2295 3686 2362 3727 vix
2381 3692 2479 3727 sunt
2497 3682 2629 3726 stadia
2649 3684 2716 3726 50.
2751 3698 2753 3701 ¹

1618 3763 1640 3811 S
1667 3762 1762 3801 354.
1787 3756 1837 3804 εἰς
1860 3754 2089 3796 Διονυσιάδα
2118 3759 2160 3793 et
2189 3749 2266 3791 ἀπὸ
2294 3747 2539 3796 Διονυσιάδος
2562 3745 2710 3788 codex.
2747 3751 2760 3777 θ

1564 3821 1773 3862 Diodorus
1802 3821 1857 3870 V,
1891 3819 1942 3873 75
1970 3830 1981 3859 t
2008 3815 2101 3872 Περὶ
2119 3811 2190 3866 τὴν
2227 3811 2380 3868 Κρήτην
2417 3810 2487 3852 δύο
2514 3808 2654 3863 νήσους
2677 3821 2701 3850 ιι
2723 3832 2749 3865 ,³

1564 3884 1784 3937 (Bacchus)
1805 3881 1867 3924 ἐπὶ
1892 3884 1968 3922 τῶν
2001 3876 2252 3933 καλουμένων
2275 3873 2452 3929 Διδύμων
2476 3872 2634 3916 κόλπων
2683 3888 2688 3899 ·
2734 3875 2748 3910 'j

1568 3947 1697 3993 οιάδας
1721 3945 1782 4001 ἀφ’
1807 3944 1943 3986 ἑαυτοῦ
1968 3941 2289 3998 προσηγόρευσεν.
