2756 4354
897 191 976 235 DE
1011 176 1281 236 SCYLACE
1317 191 1778 237 CARYANDENse.

19 334 21 338 -
78 300 263 345 aliunde
283 298 399 343 bene
419 294 650 340 novimus.
677 292 1015 337 Dedicationem
1039 290 1150 335 libri
1177 306 1200 335 e
1237 292 1308 336 sui

80 376 165 421 aevi
190 388 314 420 more
337 371 475 416 Dium
494 368 674 429 Scylaci
701 367 935 412 affinxisse
958 366 1182 427 suspicor,
1209 367 1309 411 sive

80 453 298 512 scriptum
316 447 372 492 de
394 444 686 504 navigatione
704 444 755 488 in
775 442 891 488 Indo
911 442 1053 487 fluvio
1074 441 1309 486 intellexe-

80 529 158 583 rit,
172 527 268 571 sive
278 522 508 583 periplum
532 520 673 565 maris
686 518 1023 572 Mediterranei,
1051 515 1182 576 cujus
1206 531 1311 560 me·-

80 600 287 648 morandi
300 608 450 659 aptam
462 597 746 656 occasionem
765 595 932 639 offerre
943 593 1093 654 potuit
1108 592 1311 652 primum

77 676 133 720 de
145 673 423 730 Alexandria
435 673 670 726 volumen,
689 670 738 715 in
755 685 847 730 quo
871 668 926 713 de
939 668 1104 728 priscis
1129 682 1222 712 orae
1235 682 1313 726 op·

76 750 198 811 pidis
243 749 411 809 quibus
450 746 734 791 Alexandria
773 743 1015 798 successit,
1056 757 1311 786 sermonem

1 859 5 862 -
77 834 236 872 auctor
253 824 464 870 instituit.
485 823 611 867 Idem
634 822 747 866 Dius
767 820 820 864 in
840 819 998 864 eodem
1032 818 1087 862 de
1114 818 1312 863 Alexan—

77 902 179 947 dria
197 899 319 945 libro
340 899 475 943 etiam
493 897 718 942 Hellanici
741 895 951 940 meminit
973 894 985 954 (
1005 893 1075 939 Fr.
1099 893 1212 938 Hist.
1233 889 1310 948 lv,

77 993 121 1036 p.
138 977 224 1034 397
235 973 266 1035 ).
280 977 429 1032 Quare
446 973 601 1018 nescio
615 988 672 1016 an
682 972 804 1017 idem
819 972 879 1016 sit
892 971 982 1015 Dio
996 970 1310 1026 Academicus,

77 1050 287 1110 Pompeii
309 1049 518 1108 aequalis,
537 1064 673 1108 quem
694 1048 749 1093 de
768 1063 818 1092 re
836 1047 1049 1108 AEgyptia
1059 1048 1189 1103 juxta
1209 1046 1314 1090 Hel-

79 1128 278 1172 lanicum
307 1126 464 1171 laudat
486 1126 726 1171 Athenaeus
745 1142 793 1185 p.
827 1127 902 1177 34.

144 1211 218 1260 49.
243 1201 458 1262 Superest
476 1211 527 1245 ut
550 1200 840 1245 ostendamus
859 1214 913 1243 ea
938 1214 1040 1258 quae
1062 1213 1087 1242 e
1111 1197 1315 1256 Scylacis

79 1277 259 1337 periplo
271 1286 446 1321 veteres
460 1276 708 1334 scriptores
718 1274 965 1327 adducunt,
982 1272 1097 1316 nihil
1109 1271 1316 1331 praebere

81 1352 201 1411 quod
234 1366 260 1395 a
278 1359 456 1395 vetusto
491 1348 771 1408 logographo
793 1347 991 1391 alienum
1013 1349 1068 1390 sit
1087 1356 1131 1390 et
1155 1362 1212 1390 ex
1231 1362 1317 1391 su-

80 1426 264 1486 perstite
282 1422 435 1485 potius
448 1423 645 1483 periplo,
662 1438 795 1482 quem
812 1422 930 1466 inter
943 1436 1086 1466 annos
1112 1422 1314 1475 340-336

74 1502 299 1561 ‘scriptum
332 1515 430 1545 esse
461 1499 742 1555 videbimus,
780 1499 966 1543 fluxisse
991 1510 1218 1559 putemus.
1252 1526 1313 1534 —

79 1578 241 1637 Scylax
276 1577 514 1622 Strabonis
542 1576 771 1621 Troadem
811 1575 892 1620 ἀπὸ
916 1574 1087 1620 Ἀὃύδου
1116 1574 1316 1635 ἄρχεσθαι

81 1653 251 1698 statuit.
280 1653 378 1697 Hoc
408 1653 444 1697 si
472 1652 537 1696 ita
561 1651 877 1712 interpreteris
899 1660 951 1695 ut
973 1651 1073 1710 ipsa
1099 1649 1312 1709 Abydus,

81 1727 211 1786 cujus
245 1728 479 1786 regionem
503 1726 615 1771 olim
645 1725 792 1770 Troes
826 1726 1029 1774 tenuisse
1053 1725 1312 1781 traduntur,

81 1819 106 1847 a
129 1804 304 1848 Troade
316 1804 601 1860 excludatur,
625 1803 829 1848 concinit
840 1803 1047 1863 periplus
1062 1812 1308 1862 superstes,

80 1878 127 1922 in
152 1894 243 1936 quo
266 1877 456 1938 Abydus
472 1889 535 1923 est
554 1879 716 1924 ultima
735 1877 846 1922 urbs
869 1878 1099 1937 Phrygiae.
1124 1878 1181 1920 At
1206 1877 1316 1936 Scy-

79 1955 156 1999 lax
174 1953 413 2002 Strabonis
437 1955 663 2015 Dionysio
685 1953 980 1999 Chalcidense
998 1964 1041 1997 et
1052 1953 1236 2013 Ephoro
1251 1963 1319 1996 est

82 2031 333 2090 antiquior,
357 2030 555 2089 ideoque
577 2029 746 2090 peripli
763 2029 1022 2089 superstitis
1043 2037 1200 2072 auctor
1220 2042 1318 2071 esse

53 2092 60 2099 ”
81 2105 252 2165 nequit.
270 2105 494 2149 Praeterea
512 2121 536 2149 e
556 2105 742 2164 Scylace
766 2104 937 2148 mentio
956 2104 1005 2147 fit
1016 2103 1314 2157 Nestaeorum,

82 2181 243 2240 populi
264 2180 460 2240 Illyrici,
481 2191 524 2224 et
546 2179 780 2239 Mysorum
806 2179 1032 2238 Bithyniae
1056 2189 1099 2223 et
1133 2178 1205 2222 Cii
1230 2178 1317 2221 flu-

81 2255 174 2310 vii,
201 2255 319 2300 sicut
350 2255 400 2298 in
424 2265 580 2299 nostro
607 2269 789 2312 quoque
823 2254 1004 2313 periplo
1026 2262 1318 2297 recensentur

81 2329 204 2374 Nesti
224 2339 267 2373 et
290 2329 438 2387 Mysia
456 2338 500 2372 et
522 2328 630 2371 Cius
660 2327 845 2380 fluvius.
868 2327 958 2370 Sed
982 2327 1078 2370 haec
1110 2341 1251 2384 quum
1269 2327 1318 2369 in

85 2405 247 2464 quavis
279 2420 370 2448 orae
398 2403 704 2462 descriptione
739 2402 999 2460 antiquiore
1025 2401 1320 2444 memoranda

84 2489 250 2535 essent,
271 2480 327 2523 ad
350 2494 446 2523 rem
480 2487 681 2522 nostram
708 2467 823 2521 nihil
844 2477 1072 2537 pertinere
1093 2476 1223 2520 facile
1246 2478 1317 2521 in-

85 2554 268 2611 telligis,
291 2553 383 2597 nisi
406 2553 595 2597 fortasse
610 2550 778 2611 probes
813 2551 1012 2606 rationes
1031 2566 1188 2595 eorum
1210 2553 1316 2609 qui,

87 2626 226 2689 quum
252 2626 512 2687 Stephanus
543 2628 789 2685 Byzantius
823 2626 914 2670 duo
949 2642 1040 2669 orae
1076 2627 1318 2670 maritimae

83 2704 182 2748 loca
194 2718 218 2747 e
231 2701 430 2762 Scymno
446 2701 562 2746 Chio
580 2700 739 2745 afferat
752 2717 852 2760 quae
866 2711 1175 2744 memorantur
1187 2702 1319 2744 etiam

85 2780 132 2824 in
165 2778 398 2838 Anonymi
429 2777 655 2837 periegesi
689 2775 908 2832 iambica,
946 2776 1056 2820 hinc
1090 2776 1320 2835 Anonymi

84 2855 253 2899 librum
277 2853 476 2912 Scymno
496 2852 614 2897 Chio
651 2851 978 2896 vindicandum
1003 2867 1100 2896 esse
1125 2868 1314 2897 censue-

85 2939 214 2985 runt,
244 2929 440 2988 arreptis
460 2942 561 2986 quae
581 2927 699 2971 nihil
727 2926 939 2987 probant,
968 2927 1186 2984 neglectis
1207 2943 1318 2972 vero

86 3020 185 3063 quae
220 3014 492 3065 repugnant.
515 3003 590 3048 Sic
619 3003 756 3048 nobis
788 3019 972 3064 quoque
995 3005 1318 3062 negligendum

87 3082 202 3124 foret
240 3080 364 3139 quod
387 3080 555 3139 Scylax
586 3079 918 3125 Strabonianus
950 3080 1062 3125 dicit
1100 3083 1319 3142 περιοικεῖν

85 3154 158 3209 τὴν
183 3154 398 3199 Ἀσκανίαν
435 3153 584 3213 λίμνην
619 3154 791 3215 Φρύγας
813 3154 885 3200 καὶ
909 3155 1101 3212 Μυσούς;
1130 3172 1233 3200 nam
1271 3157 1320 3200 in

88 3241 241 3275 nostro
259 3231 442 3292 periplo
462 3241 743 3276 memoratur
757 3232 943 3292 quidem
965 3231 1110 3292 Mysia
1128 3233 1320 3292 provin-

93 3307 186 3361 cia,
213 3308 290 3351 sed
319 3309 373 3352 de
396 3309 591 3352 Ascania
609 3309 712 3352 lacu
734 3309 927 3368 ejusque
951 3310 1118 3354 accolis
1140 3325 1195 3353 ne
1212 3325 1320 3362 ver-

90 3379 199 3424 bum
233 3383 434 3440 quidem.
467 3383 615 3427 Porro
649 3384 818 3442 legitur
842 3385 891 3428 in
916 3385 1097 3444 periplo
1123 3385 1318 3444 Mysiam

91 3454 318 3514 pertinere
333 3472 478 3517 usque
494 3458 549 3502 ad
563 3458 695 3502 Cium
718 3458 927 3504 fluvium.
950 3459 1050 3512 Quo
1063 3470 1194 3520 pacto
1214 3460 1322 3504 hinc

92 3529 185 3589 peti
204 3538 413 3586 poterant
432 3531 576 3577 verba
599 3532 854 3578 scholiastae
887 3534 1120 3593 Apollonii
1144 3552 1154 3578 ε
1184 3534 1318 3585 Κίος..

93 3602 165 3656 τὴν
187 3602 351 3647 Μυσίαν
374 3606 628 3666 περιρρέιονὶ)
652 3607 875 3652 Praeterea
891 3624 991 3667 quae
1018 3609 1073 3653 de
1098 3609 1211 3653 freto
1233 3609 1321 3654 Ga-

94 3681 248 3723 ditano
268 3692 292 3721 e
317 3677 501 3737 Scylace
534 3682 735 3727 Avienus
758 3683 919 3738 affert,
956 3699 983 3727 a
1005 3684 1150 3728 nostri
1172 3684 1320 3729 libelli

2426 221 2598 257 xxxvu

1372 293 1634 338 narratione
1655 293 1923 351 longissime
1959 293 2137 341 absunt.
2169 298 2375 359 Denique
2405 304 2599 352 Marcia-

1373 386 1461 414 nus
1481 371 1619 415 tradit
1639 370 1873 429 Scylacem
1894 370 2132 417 distantias
2155 376 2340 421 nonnisi
2359 384 2606 441 navigatio-

1374 445 1446 488 nis
1471 444 1635 489 diebus
1659 444 1922 500 definiisse3
1950 446 2073 504 quod
2095 447 2203 491 item
2242 449 2292 493 in
2322 464 2498 499 servato
2528 473 2604 516 pe-

1380 519 1501 578 riplo
1511 533 1640 563 secus
1655 517 1808 566 habet.
1825 522 1985 579 Itaque
2002 520 2041 565 si
2059 523 2160 580 quis
2169 521 2399 581 Scylacem
2414 527 2608 587 aliquem

1381 594 1529 637 nostri
1568 595 1778 654 opusculi
1822 605 2051 640 auctorem
2086 596 2293 658 Philippi
2327 603 2611 661 temporibus

1381 669 1555 714 vixisse
1581 679 1787 725 censeat,
1808 672 2034 715 sententia
2055 671 2169 728 haec,
2196 684 2400 719 veterum
2418 678 2614 724 testimo-

1382 743 1563 789 niorum
1587 743 1806 803 praesidio
1831 744 2063 802 destituta,
2090 763 2185 791 non
2225 749 2387 795 nititur
2409 752 2499 797 nisi
2527 754 2614 799 fide

1383 818 1679 880 perambigua
1695 819 1835 874 tituli,
1870 835 2002 879 quem
2021 820 2192 880 praebet
2217 823 2479 870 libellorum
2501 843 2615 885 geo-

1385 896 1710 956 graphicorum
1737 896 1965 951 collectio,
1993 897 2042 940 in
2069 913 2159 956 qua
2179 914 2318 957 quum
2339 901 2615 947 Pseudo-Di·

1386 971 1617 1016 caearchus
1662 981 1707 1016 et
1738 971 2163 1017 Pseudo-Arrianus
2201 973 2613 1033 deprehendantur,

1386 1062 1479 1090 non
1513 1056 1580 1091 est
1603 1037 1711 1091 sane
1748 1062 1829 1091 cur
1851 1049 2034 1091 tertium
2056 1062 2141 1091 nos
2166 1048 2387 1093 miremur
2410 1050 2611 1097 Pseudo-

1385 1122 1649 1182 Scylacem.-

1451 1197 1524 1242 50.
1550 1197 1790 1250 Quomodo
1817 1197 1980 1242 factum
2008 1198 2066 1242 sit
2090 1209 2138 1243 ut
2154 1199 2352 1259 Scylacis
2378 1191 2542 1246 nomen
2563 1204 2618 1247 ad

1387 1271 1576 1315 serioris
1610 1272 1696 1316 aevi
1727 1273 1961 1333 periplum
1986 1274 2328 1331 transferretur,
2354 1276 2502 1320 dicere
2526 1293 2618 1322 non

1385 1347 1548 1392 habeo.
1595 1347 1871 1394 Letronnius
1908 1348 1953 1409 (*)
1996 1361 2148 1395 censet
2190 1351 2444 1410 Scylacem,
2486 1369 2618 1412 quem

1386 1422 1548 1466 Strabo
1591 1424 1779 1468 nonnisi
1813 1424 1870 1469 de
1907 1425 2028 1470 Asiae
2063 1427 2255 1471 minoris
2294 1428 2407 1472 locis
2451 1429 2617 1484 laudet,

1387 1499 1504 1543 nihil
1525 1500 1615 1545 nisi
1640 1501 1760 1544 Asiae
1778 1502 1970 1547 minoris
1992 1504 2229 1563 paraplum
2252 1505 2505 1564 scripsisse,
2530 1522 2619 1565 quo

1387 1590 1496 1619 usus
1521 1576 1578 1619 sit
1599 1586 1754 1621 noster
1774 1588 1931 1622 auctor
1952 1594 1977 1622 e
2003 1579 2147 1623 variis
2174 1580 2477 1639 scriptoribus
2501 1582 2621 1641 peri-

1387 1651 1515 1710 plum
1551 1667 1684 1696 suum
1716 1653 1936 1712 colligens
1963 1671 1973 1698 2
2007 1654 2120 1699 adeo
2141 1664 2190 1699 ut
2213 1656 2365 1715 putari
2399 1657 2542 1715 possit
2562 1656 2618 1700 ab

1387 1725 1472 1769 hac
1509 1737 1638 1785 parte
1675 1727 1731 1772 ad
1767 1737 1909 1773 totum
1949 1730 2179 1790 periplum
2214 1729 2416 1789 Scylacis
2454 1746 2619 1775 nomen

1387 1802 1655 1846 translatum
1678 1817 1792 1849 esse.
1810 1807 1869 1848 At
1885 1804 2117 1864 Scylacem
2137 1805 2323 1849 nonnisi
2345 1805 2462 1850 Asiae
2480 1806 2620 1849 mino-

1387 1878 1452 1923 ris
1474 1880 1713 1939 paraplum
1732 1880 1970 1940 scripsisse
1987 1882 2105 1926 nihil
2122 1891 2188 1926 est
2208 1881 2330 1941 quod
2347 1884 2520 1942 probet,
2541 1882 2618 1925 sed

1387 1964 1542 1999 vetant
1563 1956 1818 2014 complura.
1857 1956 1970 2001 Nam
2006 1956 2154 2001 obstat
2184 1957 2310 2002 locus
2336 1957 2529 2011 Avieni,
2568 1957 2617 2000 in

1388 2047 1479 2089 quo
1504 2047 1678 2076 errasse
1701 2044 1929 2077 auctorem
1958 2033 2231 2078 Letronnius
2261 2034 2437 2088 statuit;
2469 2032 2618 2077 obstat

1388 2122 1529 2165 porro
1542 2107 1590 2150 in
1607 2108 1788 2167 periplo
1809 2109 1979 2152 mentio
1995 2108 2244 2156 Leucarum
2259 2143 2271 2164 ,
2295 2108 2414 2152 Asiae
2427 2107 2617 2151 minoris

1389 2180 1567 2239 oppidi,
1599 2182 1723 2240 quod
1761 2198 1880 2227 anno
1911 2183 2092 2227 demum
2133 2184 2219 2226 383
2264 2183 2496 2226 conditum
2521 2192 2613 2236 est,

1389 2254 1502 2298 adeo
1536 2265 1587 2298 ut
1624 2256 1899 2300 Letronnius
1933 2271 2117 2301 censere
2156 2257 2364 2300 debuerit
2387 2266 2616 2300 auctorem

1388 2344 1480 2371 non
1515 2329 1761 2387 oppidum,
1807 2330 1885 2372 sed
1918 2331 2280 2388 promontorium
2316 2329 2518 2372 indicare
2538 2345 2617 2373 vo-

1389 2402 1552 2458 luisse3
1585 2402 1766 2446 obstant
1789 2403 1987 2462 denique
2013 2403 2173 2446 Nestaei
2193 2438 2204 2460 ,
2233 2402 2410 2461 illyrii,
2453 2418 2567 2461 quos
2592 2418 2617 2447 e

1389 2476 1887 2535 Scylacelaudatschol.
1900 2478 2150 2536 Apollonii.
2169 2478 2314 2522 Porro
2328 2478 2446 2522 nihil
2467 2479 2617 2523 inesse

1388 2552 1509 2595 Asiae
1534 2553 1729 2596 minoris
1753 2552 2066 2612 descriptioni,
2093 2553 2215 2611 quod
2236 2555 2506 2612 scriptorem
2532 2552 2614 2596 Xe·

1391 2627 1626 2685 nophonte
1650 2628 1956 2686 antiquiorem
1977 2628 2156 2687 prodat,
2176 2628 2298 2672 infra
2315 2627 2615 2674 monebimus.

1391 2701 1524 2754 Quod
1544 2700 1706 2746 Strabo
1725 2701 1800 2746 bis
1818 2701 2103 2747 solummodo
2119 2703 2175 2748 de
2187 2703 2299 2747 locis
2318 2702 2373 2746 ad
2392 2701 2617 2746 Troadem

1391 2786 1434 2820 et
1453 2777 1607 2820 vicina
1630 2776 1967 2836 pertinentibus
1991 2777 2225 2837 Scylacem
2245 2776 2412 2832 laudat,
2440 2776 2495 2820 ad
2523 2791 2615 2821 rem

1393 2867 1555 2911 parum
1595 2851 1724 2906 facit,
1764 2867 2037 2911 quamquam
2081 2853 2153 2897 vel
2179 2852 2266 2896 hoc
2302 2851 2616 2912 explicaveris.

1394 2928 1504 2968 Nam
1523 2924 1687 2970 Strabo
1711 2940 1766 2972 ex
1785 2927 1945 2987 paucis
1961 2927 2303 2986 notissimisque
2322 2926 2621 2986 geographia-

1395 3017 1495 3045 rum
1518 3002 1821 3062 scriptoribus
1849 3019 1932 3048 sua
1952 3005 2157 3062 collegit,
2190 3019 2272 3047 nec
2295 3012 2495 3047 vetustos
2516 3002 2620 3046 illos

1396 3076 1707 3137 obscurosque
1727 3078 2011 3138 periplorum
2043 3078 2191 3123 libros
2222 3079 2362 3122 citare
2385 3078 2498 3122 solet
2532 3077 2621 3121 nisi

1396 3152 1445 3196 in
1484 3153 1760 3212 geographia
1804 3153 2068 3207 Homerica,
2104 3153 2283 3197 deliciis
2324 3152 2440 3204 suis,
2487 3166 2622 3209 quam

1396 3228 1679 3273 eruditorum
1694 3229 2089 3288 grammaticorum
2106 3244 2232 3272 more
2248 3238 2291 3272 et
2308 3227 2532 3271 ditissima
2544 3241 2618 3270 eo-

1396 3320 1494 3348 rum
1514 3304 1683 3348 scrinia
1695 3319 1916 3364 usurpans
1930 3314 2119 3348 tractare
2136 3304 2264 3349 solet.
2284 3302 2360 3346 Sic
2382 3302 2431 3345 in
2451 3301 2623 3345 descri-

1396 3381 1553 3439 ptione
1576 3379 1771 3424 Troadis
1795 3390 2139 3438 ceterarumque
2163 3379 2421 3437 regionum,
2446 3392 2545 3436 quae
2568 3376 2623 3420 ad

1395 3455 1462 3499 τὸν
1502 3454 1689 3515 Τρωικὸν
1720 3454 1939 3514 διάκοσμον
1971 3455 2221 3515 pertinent,
2259 3470 2315 3498 ex
2344 3453 2623 3511 amplissimo

1397 3532 1618 3576 Demetrii
1641 3532 1817 3592 Scepsii
1837 3546 1975 3592 opere
1993 3546 2195 3592 persaepe
2224 3541 2399 3575 veteres
2421 3531 2623 3586 logogra-

1398 3609 1512 3668 phos
1535 3608 1709 3664 laudat,
1734 3609 1783 3652 in
1802 3609 1970 3667 quibus
1991 3607 2249 3667 Scylacem,
2272 3606 2519 3650 Asiaticum
2542 3602 2621 3644 ho-

1399 3685 1567 3743 minem
1591 3695 1635 3730 et
1665 3684 2049 3744 antiquissimum,
2077 3699 2170 3727 non
2194 3682 2411 3740 neglexit,
2437 3680 2541 3723 dum
2568 3676 2622 3718 de

143 3797 191 3844 (Ἴ
216 3798 440 3837 Letffinnlus
455 3799 493 3836 5¹1
508 3802 654 3847 Fragm·
673 3802 711 3840 d.
731 3815 882 3852 poemes
904 3805 1026 3853 geogr.
1046 3818 1083 3854 p.
1104 3810 1174 3846 240
1195 3825 1203 3846 :
1220 3823 1237 3841 «
1257 3811 1358 3846 Tous
1379 3808 1431 3845 les
1448 3808 1678 3855 passages-de
1699 3808 1836 3856 Scylax
1853 3807 1948 3846 cites
1967 3818 2033 3856 par
2048 3808 2102 3845 les
2119 3806 2269 3844 anciens
2290 3815 2336 3842 ne
2351 3814 2389 3841 se
2405 3803 2621 3849 rapportent

95 3850 180 3896 qu’a
199 3851 310 3891 l'Asie
329 3854 520 3900 mineure3
537 3855 562 3892 11
582 3866 627 3892 611
644 3856 781 3896 resulte
797 3870 870 3897 une
883 3861 1023 3908 grande
1045 3863 1267 3910 probabilite
1282 3874 1357 3911 que
1384 3864 1416 3900 16
1439 3863 1532 3901 livre
1550 3864 1596 3901 de
1610 3864 1747 3910 Scylax
1766 3874 1814 3901 ne
1827 3864 2017 3901 contenait
2040 3873 2114 3909 que
2134 3863 2167 3899 16
2190 3861 2328 3908 periple
2342 3859 2406 3895 des
2427 3859 2529 3893 cotes
2548 3857 2613 3904 qui

96 3907 294 3945 formaient
317 3909 352 3946 le
374 3909 497 3947 litora!
524 3910 570 3947 de
591 3910 702 3950 l'Asie
721 3914 902 3962 mineure,
921 3918 1052 3965 depuis
1071 3919 1105 3956 16
1123 3920 1313 3967 Bosphore
1329 3917 1504 3965 jusqu'en
1528 3919 1670 3956 cilicie.
1700 3920 1769 3956 Cet
1781 3929 1945 3966 ouvrage
1968 3918 2078 3955 serait
2100 3917 2198 3953 alors
2214 3916 2248 3952 la
2266 3922 2397 3950 source
2416 3909 2504 3948 d'ou
2521 3913 2621 3949 cette

97 3962 242 4007 portion
259 3962 306 4000 de
322 3964 431 4001 notre
452 3963 594 4014 periple
612 3966 736 4004 aurait
748 3967 810 4004 ete
828 3968 941 4015 tiree3
964 3974 1000 4008 et
1014 3982 1082 4018 par
1103 3972 1138 4009 la
1151 3984 1198 4009 on
1219 3973 1466 4020 expliquerait
1486 3983 1528 4010 ce
1540 3973 1606 4010 fait
1628 3973 1798 4010 constate
1816 3973 1901 4020 plus
1918 3974 2022 4019 haut,
2044 3982 2117 4019 que
2136 3971 2170 4007 la
2194 3966 2420 4015 description
2435 3965 2500 4003 des
2517 3966 2622 4003 cotes

96 4017 143 4054 de
161 4016 272 4055 l’Asie
291 4019 458 4057 mineure
474 4030 644 4059 annonce
667 4032 740 4059 une
761 4021 906 4070 epoque
919 4023 1131 4064 anterieure
1148 4027 1169 4064 a
1194 4029 1229 4065 ia
1254 4029 1405 4066 retraite
1428 4028 1493 4066 des
1510 4027 1721 4065 Dix·Mille.
1743 4042 1762 4060 »
1921 4017 1933 4028 ⁶
