2808 4342
2 142 232 226 ,ιω-πο

4 290 5 293 =
36 259 81 306 ’δὲ
105 260 183 306 εἶσὶ
206 265 280 317 τῆς
296 259 457 318 Λιὸύης
478 263 520 306 αἱ
541 264 821 325 Μαυριτανίαι
840 266 1107 328 καλούμεναι.
1147 271 1208 317 Τὸ
1231 272 1273 318 δὲ

4 333 39 382 ’,
73 328 191 382 εταξὺ
220 328 372 375 τούτων
412 328 555 390 [κατὰ
587 329 662 388 τὴν
702 333 812 386 ἐντὸς
842 336 1054 382 θάλασσαν
1093 338 1275 399 πέλαγος

67 397 264 458 αλεῖται]
300 395 509 459 Ἰὃηρικὸν
542 399 694 458 (μέσον
728 400 770 447 δὲ
796 404 876 447 τῶν
902 405 1127 465 εἰρημένων
1150 409 1274 454 ἐθνῶν

33 476 42 508 ἑ
64 462 220 524 είμενον
240 466 270 525 ).
335 466 662 514 Διεκπλεύσαντι
687 469 729 515 δὲ
747 468 816 515 τὸν
827 469 1076 534 Ἡράκλειον
1092 475 1273 537 πορθμὸν

35 558 40 570 2
65 531 108 577 ed
130 532 198 578 τὸν
223 532 319 579 ναὸν
341 538 415 591 τῆς
449 533 587 600 ἽΙρας
613 531 756 597 (οὗτος
786 537 829 584 δὲ
862 541 903 585 ἐν
927 540 1038 604 δεξιᾷ
1060 543 1167 587 κατὰ
1204 545 1272 590 τὸν

39 595 212 647 ίκπλουν
237 606 307 648 τοῧ
326 608 511 666 πορθμοῦ
535 606 697 667 κεῖται)
715 605 927 669 ἐκδέχεται
949 608 1022 668 μὲν
1043 613 1064 655 6
1083 612 1272 670 ὠκεανὸς,

4 683 6 685 “
35 673 47 705 ‘2'
64 669 373 732 ναπεπταμένος
392 673 453 735 ἐφ’
475 673 671 736 ἑκατέρας
690 673 762 726 τὰς
776 675 993 737 ἠπείρους,
1008 677 1083 734 τήν
1099 698 1141 724 τε
1160 679 1273 737 ’16η-

44 737 125 784 ίαν
148 739 220 785 καὶ
243 740 317 796 τὴν
342 740 526 798 Αιὸύην,
560 741 633 787 καὶ
655 742 713 787 ἔτι
737 761 782 803 γε
807 744 906 808 πρὸς
925 745 998 797 τὰς
1038 747 1195 808 δυσμὰς
1216 752 1271 801 εἷς

38 819 49 866 J
66 806 201 869 έγεθος
223 809 450 871 ἀπέραντον
467 809 537 855 καὶ
558 810 767 872 ἄγνωστον
790 814 1079 874 ἐκτεινόμενος.

36 906 42 912 ν
98 892 133 923 4.
172 877 328 940 Πρώτη
354 877 396 923 δὲ
419 882 446 934 ἡ
470 881 591 934 νῆσος
615 881 656 925 ἐν
687 880 797 944 δεξιᾷ
819 882 871 928 τὰ
894 883 1070 947 Γάδειρα
1102 886 1270 947 κειμένη

45 939 47 942 ’
83 945 259 1008 γχάνει,
273 945 367 992 ἔνθα
391 946 463 1000 τὰς
483 947 754 1011 Ἡρακλείους
776 951 929 1008 στήλας
948 947 1051 998 εἶναι
1074 955 1270 1011 συνέστη-

60 1031 118 1060 εν.
187 1016 244 1061 Οἱ
268 1014 341 1074 μὲν
364 1016 443 1079 γὰρ
468 1016 576 1062 κατὰ
601 1018 781 1075 Κάλπην
810 1020 855 1066 τὸ
888 1021 1000 1083 ὅρος,
1031 1021 1130 1086 ὅπερ
1155 1026 1271 1070 ἐνδο-

43 1081 138 1145 ᾗέρω
160 1086 240 1129 τῶν
267 1083 530 1146 Ἡρακλείων.
548 1090 698 1133 στενῶν
720 1092 874 1148 κεῖται,
899 1091 970 1144 τὰς
994 1092 1148 1148 στήλας
1167 1085 1272 1139 εἷναί

50 1169 169 1197 ασιν·
188 1155 224 1198 οἱ
242 1151 284 1199 δὲ
304 1154 411 1200 κατὰ
432 1155 614 1218 Γάδειρα
630 1156 703 1213 τὴν
724 1162 863 1215 ν’ῆσον,
884 1159 1025 1222 ὥσπερ
1043 1160 1113 1206 καὶ
1132 1161 1269 1223 Ἀρτε·

45 1242 47 1247 ’
67 1220 206 1284 ίδωρος
225 1225 246 1267 6
264 1223 501 1288 γεωγράφος
518 1240 527 1250 ·
549 1225 698 1271 κωλύει
719 1227 759 1272 δὲ
780 1229 893 1273 οὐδὲν
910 1229 992 1274 ’ἀπὸ
1008 1234 1079 1285 τῆς
1101 1229 1272 1285 Κάλπης

52 1294 99 1333 ,Γ
125 1289 257 1353 ὅρους,
271 1292 322 1348 ἣν
347 1295 385 1338 οἱ
402 1295 586 1340 πλεῖστοι
605 1296 762 1352 στήλην
783 1296 1034 1359 Ἡρακλέους
1050 1292 1152 1344 εἶναι
1171 1301 1269 1361 βού-

52 1377 186 1416 νται,
202 1359 270 1405 τὸν
289 1361 512 1422 περίπλουν
528 1367 601 1419 τῆς
616 1363 800 1427 Ἰὅηρίας
813 1366 1079 1423 ποιήσασθαι.
1146 1368 1270 1414 Ἐστι

11 1421 14 1427 ’
53 1428 68 1466 2⁴*
97 1431 170 1484 τῆς
193 1426 266 1490 μὲν
299 1432 503 1486 Βαιτικῆς
524 1429 779 1493 καλουμένης
817 1436 1018 1499 ἐπαρχίας
1040 1440 1064 1492 ἡ
1089 1437 1267 1498 Κάλπη,

53 1498 144 1550 λος
167 1498 209 1543 δὲ
231 1503 302 1544 τοῦ
325 1500 460 1553 ἔθνους
482 1501 626 1548 τούτου
645 1502 716 1548 καὶ
748 1502 856 1566 ὅριον
890 1508 910 1550 6
935 1503 1056 1557 Ἄνας
1086 1508 1271 1568 ποταμὸς

68 1564 225 1630 -άρχει,
244 1566 352 1614 κατὰ
369 1569 437 1615 τὸν
457 1572 644 1634 ἑσπέριον
660 1572 839 1619 ὠκεανὸν
861 1572 933 1626 τὰς
945 1574 1118 1628 ἐκὸολὰς
1136 1576 1270 1622 ποιού-

14 1649 18 1652 ’
63 1652 171 1692 ενος,
208 1640 298 1698 μεθ’
322 1637 364 1683 ὃν
400 1637 452 1683 τὰ
485 1640 666 1702 ἐχόμενα
689 1645 762 1697 τῆς
787 1641 1000 1696 Ἱσπανίας
1033 1643 1126 1700 ἔθνη
1162 1645 1273 1693 κατὰ

81 1723 101 1749 ν
123 1704 200 1758 ἔξω
221 1707 431 1753 θάλασσαν
454 1708 526 1754 καὶ
564 1709 636 1755 τὸν
658 1711 839 1756 ὠκεανὸν
861 1711 1030 1771 κείμενα
1054 1714 1266 1775 τυγχάνει,

12 1802 14 1822 ;
50 1772 189 1820 Εσται
212 1775 347 1822 τοίνυν
375 1779 395 1821 6
418 1776 640 1838 περίπλους
658 1779 733 1833 τὴν
754 1778 885 1839 ἀρχὴν
906 1779 1012 1840 ἔχων
1036 1780 1118 1826 ἀπὸ
1136 1785 1207 1837 τῆς
1230 1785 1270 1827 ἓν

3 1858 5 1869 ’
45 1866 47 1881 ε
67 1841 194 1905 ὅηρίᾳ
211 1844 388 1900 Κάλπης
408 1843 478 1889 καὶ
497 1845 515 1904 [
535 1845 708 1906 τούτου]
730 1850 800 1890 τοῦ
821 1846 967 1909 μέρους
987 1851 1058 1903 τῆς
1076 1851 1272 1906 Βαιτικῆς

14 1967 15 1971 ¹
47 1931 57 1950 ἰ
82 1909 244 1972 αρχίας.

46 1991 48 1993 ’
90 1995 127 2026 5.
164 1972 336 2035 Ἐπειδὴ
361 1979 403 2025 δὲ
425 1979 571 2027 πολλοὶ
591 1984 671 2028 τῶν
694 1986 826 2040 ταῦτα
846 1983 898 2029 τὰ
920 1985 1024 2047 με’ρη
1049 1990 1270 2049 περιπλευ-

5 2027 19 2118 Γ
56 2047 188 2094 άντων
211 2048 306 2110 περὶ
339 2048 409 2095 τὸν
433 2052 515 2094 τῶν
540 2050 716 2096 σταδίων
754 2053 925 2115 ἀριθμὸν
964 2055 1267 2118 διεσφάλησαν,

6 2110 16 2183 {³
86 2115 209 2178 ίτοιγε
228 2116 301 2170 τὰς
320 2118 455 2171 αἰτίας
477 2123 596 2179 ἡμεῖς
634 2124 708 2176 τῆς
730 2121 925 2178 τοιαύτης
947 2123 1105 2180 πλάνης
1139 2127 1179 2170 ἐν
1209 2127 1270 2188 τῷ

63 2185 215 2250 ροτέρῳ
247 2186 395 2248 βιὸλίῳ
437 2188 715 2249 διεξήλθομεν·
750 2189 861 2249 ὅμως
892 2190 1024 2237 ἕνεκεν
1060 2192 1271 2254 ἀκριὸείας

16 2244 18 2266 ³
60 2254 208 2308 είζονος
231 2256 398 2302 διπλοῦν
420 2259 475 2310 ὣς
504 2258 657 2303 ἐπίπαν
681 2260 749 2304 τὸν
783 2259 953 2320 ἀριθμὸν
986 2263 1067 2305 τῶν
1092 2263 1268 2308 σταδίων

16 2320 18 2329 ’
61 2324 293 2388 ροσγράψαι
315 2326 614 2388 προειλόμεθα,
647 2327 694 2373 τό
718 2347 761 2374 τε
787 2327 845 2387 μὴ
868 2330 1008 2375 πλεῖον
1042 2330 1112 2376 καὶ
1137 2331 1183 2376 τὸ
1210 2330 1268 2391 μὴ

18 2434 26 2448 ,‹
49 2411 195 2441 αττον
233 2393 342 2439 κατὰ
387 2395 586 2457 γραμμὴν
623 2396 915 2443 ὑποτείνουσαν
963 2399 1267 2461 προστιθέντες,

19 2502 22 2508 ⁴
63 2479 133 2508 στε
165 2463 212 2508 τὸ
246 2462 398 2523 μεταξὺ
422 2468 503 2510 τῶν
542 2467 725 2526 ἀριθμῶν
764 2467 969 2528 ἑκατέρων
1003 2467 1145 2531 ὥσπερ
1176 2468 1267 2531 ὅρον

18 2521 20 2525 ¹
67 2531 118 2576 νὰ
140 2535 213 2588 τῆς
237 2532 430 2588 ἀληθείας
451 2534 611 2578 κεῖσθαι
643 2541 727 2587 τοῖς
759 2535 832 2590 τὴν
867 2536 1079 2599 ἀκρίὸειαν
1120 2540 1268 2595 ἐπιζη-

58 2604 159 2646 ῧσι.
230 2602 366 2647 Τοῦτο
382 2601 460 2663 γὰρ
481 2606 619 2665 σαφῶς
636 2602 708 2649 καὶ
734 2605 1016 2668 Πρωταγόρας
1040 2609 1080 2651 ἐν
1098 2609 1150 2667 τῇ
1171 2625 1267 2666 γεω·

10 2649 27 2764 γ’,
50 2666 181 2730 ιαφίᾳ
207 2667 384 2723 ποιήσας
415 2670 524 2715 δοκεῖ
547 2670 620 2726 τὴν
647 2671 740 2735 περὶ
774 2671 867 2725 τοὺς
892 2673 1079 2727 σταδίους
1107 2675 1266 2733 πλάνην

10 2721 25 2788 ⁴⁹,
51 2765 54 2768 -
77 2737 340 2799 πεφευγέναι.

12 2879 25 2942 γ

10 2790 13 2878 i
49 2851 228 2886 ιΗΡΙΑΣ
273 2854 370 2887 ΤΗΣ
417 2854 505 2888 ΚΑΙ
550 2856 789 2892 ΙΣΠΑΝΙΑΣ
837 2859 1126 2894 ΠΕΡῙΠΛΟΥΣ
1167 2863 1265 2897 ΤΩΝ

178 2918 309 2954 ΠΑΡΑ
338 2920 438 2955 TON
475 2922 717 2959 ΩΚΕΑΝΟΝ
737 2925 893 2962 ΑΥΤΗΣ
917 2928 1109 2964 ΜΕΡΩΝ.

85 3030 123 3061 6.
162 3013 216 3061 Ἥ
240 3013 404 3076 Ἰὅηρία
429 3015 518 3072 ἥτις
542 3017 612 3063 καὶ
636 3018 828 3065 Ἱσπανία
854 3024 1065 3083 καλεῖται,
1093 3023 1265 3086 ἄρχεται

60 3081 101 3129 ὲν
121 3083 203 3128 ἀπὸ
226 3086 306 3129 τῶν
327 3087 573 3147 Πυρηναίων
592 3090 718 3149 ὀρῶν,
739 3090 870 3145 διήκει
903 3091 945 3137 δὲ
967 3093 1032 3138 ἐπὶ
1056 3095 1264 3151 πλεῖστον,

58 3153 93 3187 ··’
114 3152 317 3215 ἑκατέρων
334 3156 413 3199 τῶν
433 3157 651 3202 θαλασσῶν
669 3159 968 3221 περιεχομένη,
987 3167 1055 3207 τοῦ
1073 3182 1116 3208 τε
1131 3165 1265 3208 ὠκεα-

59 3224 95 3266 ’ὕ
114 3225 184 3267 τοῦ
206 3220 393 3285 ἀρκτῴου
414 3223 487 3270 καὶ
503 3228 669 3271 δυ’τικοῧ
690 3227 760 3272 καὶ
782 3232 855 3285 τῆς
873 3234 964 3275 καθ’
980 3235 1090 3291 ἡμᾶς
1108 3232 1265 3278 θαλάσ-

25 3289 60 3438 {r
83 3308 116 3340 ς.
185 3288 239 3336 ‘H
259 3288 302 3335 δὲ
330 3291 501 3353 Πυρήνη
525 3293 571 3338 τὸ
595 3293 684 3358 ὄρος
704 3297 785 3342 ἀπὸ
807 3301 879 3353 τῆς
897 3300 989 3344 καθ’
1008 3304 1118 3360 ἡμᾶς
1139 3301 1263 3363 ἀρξα-

22 2788 27 2819 i

22 2827 51 2879 ἱ,

21 2879 29 2898 ,
47 2885 50 2887 Α

22 2934 31 2962 ι

14 2972 29 3011 2?

30 3440 33 3448 =
60 3435 151 3476 ειγ.
174 3421 329 3473 codex3
361 3427 594 3481 transposui
622 3442 661 3468 v.
690 3427 757 3483 μὲν
779 3438 872 3484 post
897 3446 936 3472 V.
958 3431 996 3473 ἐν
1013 3432 1128 3487 δεξιᾷ.
1164 3435 1183 3489 fl
1213 3459 1269 3467 —

65 3483 182 3524 σπανί
219 3483 264 3524 δέ
276 3483 377 3526 ἐστιν
400 3486 513 3538 cod.;
536 3489 579 3528 in
596 3503 679 3543 quo
695 3490 755 3535 ΔΕ
778 3491 878 3532 sort.
902 3502 1045 3534 natum
1066 3510 1113 3535 ex
1138 3494 1265 3538 Ἱσπα-

31 3565 53 3601 i,
80 3562 84 3569 ·
104 3545 152 3591 C.
175 3546 193 3600 ll
212 3570 269 3577 —
286 3560 324 3588 1.
341 3548 559 3590 Probabile
578 3559 637 3591 est
654 3562 747 3607 post
764 3567 802 3593 v.
815 3554 1050 3609 καλούμεναι
1069 3558 1267 3599 excidisse

44 3601 63 3653 4¹-
96 3603 204 3658 ἔθνη,
222 3617 416 3650 monente
434 3610 652 3653 Hudsono.
674 3613 690 3667 ΙΙ
710 3638 765 3644 ——
781 3627 819 3654 2.
843 3616 1004 3657 Inclusa
1019 3618 1186 3660 inserui.
1207 3621 1265 3662 V.-

43 3659 61 3711 ³,
79 3666 202 3709 olem.
218 3670 275 3720 11,
294 3672 316 3719 4
333 3683 346 3722 ;
361 3670 415 3712 cf.
428 3673 628 3715 Marcian.
646 3676 701 3726 ΙΙ,
715 3678 754 3717 8.
769 3678 851 3718 Pro
861 3677 906 3718 τὶ)
918 3677 957 3719 δὲ
968 3679 1105 3734 μεταξὺ
1117 3682 1264 3724 τούτων

44 3707 53 3750 i
67 3727 105 3768 ia
115 3727 236 3770 lectio
247 3739 334 3772 erat
352 3731 418 3773 ιτὸ
435 3734 549 3789 μέσον
566 3734 606 3776 δὲ
621 3740 696 3776 τῶν
715 3736 923 3792 εἰρημένων
937 3738 1055 3780 ἐθνῶν
1069 3741 1260 3796 κείμενον.

77 3818 81 3825 .
94 3804 186 3831 rum
194 3792 318 3834 altera
327 3809 349 3835 e
360 3796 540 3850 margine
549 3798 736 3853 irrupens
745 3814 863 3841 causa
872 3802 1024 3843 exstitit
1032 3803 1244 3847 turbarum
1252 3838 1261 3848 .

61 3860 66 3870 ‘
128 3856 152 3894 6
172 3855 281 3895 Ante
294 3854 490 3911 ἐκδέχεται
505 3860 643 3899 nescio
664 3874 715 3900 an
728 3860 924 3902 exciderit
939 3863 1262 3917 παραπλεύσαντι.

56 3915 170 3965 ⁴§lb
194 3913 222 3955 1.
243 3929 309 3957 12.
331 3918 462 3963 κατὰ
480 3919 679 3972 Κάλπην
695 3922 728 3975 ],
755 3921 879 3976 idque
898 3923 950 3963 ita
972 3932 1019 3964 ut
1037 3924 1125 3980 ipsa
1142 3926 1266 3983 Calpe

53 3982 66 4009 ”-
94 3984 135 4017 et
156 3977 440 4022 columnarum
461 3982 600 4034 altera,
622 3992 666 4024 ut
686 3998 779 4024 cum
804 3985 1022 4028 Ptolemaeo
1043 3990 1099 4040 ΙΙ,
1117 3992 1142 4039 4
1162 3990 1265 4032 aliis-

750 162 1042 221 PERIPLUS
1086 156 1275 216 M'Ams
1309 172 1553 221 EXTERI.
1587 176 1766 225 mmm
1799 179 1864 226 11.

2485 198 2570 237 543

1340 282 1622 336 Mauritaniae3
1654 286 1912 342 interjectum
1942 289 2004 330 his
2031 291 2218 345 [interni
2243 292 2372 335 mari-s·
2396 296 2572 351 pelagus

1340 369 1542 423 vocatur]
1567 369 1789 412 Ibericum.
1851 374 2022 415 Fretum
2047 383 2184 416 autem
2204 377 2451 420 Herculeum
2474 394 2571 423 ena·

1340 451 1492 505 viganti
1512 462 1553 495 et
1571 458 1749 498 sunonis
1770 459 1968 515 templum
1985 469 2248 516 praetervecto
2264 465 2281 517 (
2295 465 2416 520 quod>
2427 481 2450 507 e
2467 466 2572 509 freto

1339 538 1563 590 egredienti
1583 556 1607 582 a
1639 542 1784 586 dextra
1801 547 1894 600 est)
1923 549 2105 590 occurrit
2130 562 2308 591 oceanus
2336 551 2388 592 ad
2417 561 2571 594 utram·
2640 599 2649 607 ,

1340 635 1421 675 que
1444 627 1747 679 continentem,
1780 629 1956 672 Iberiam
1979 633 2132 674 scilicet
2158 642 2200 675 et
2224 635 2420 692 Libyam,
2444 637 2569 680 diffu-

1339 720 1408 747 sus
1421 738 1434 758 ‚
1458 717 1580 765 atque
1598 712 1853 755 occidentem
1886 729 2026 757 versus
2054 718 2098 759 in
2121 719 2425 763 interminatam
2456 723 2569 776 igno·

1339 801 1504 850 tamque
1532 797 1844 854 amplitudinem
1866 812 2093 857 porrectus.

1394 898 1417 943 4
1427 928 1435 936 .
1454 897 1640 939 Primum
1655 909 1790 942 autem
1806 916 1830 943 a
1841 901 1986 945 dextra
1999 914 2060 946 est
2074 906 2208 947 Gades
2218 909 2362 959 insula,
2381 910 2453 951 ubi
2465 912 2567 952 Her-

1339 975 1439 1016 culis
1455 977 1666 1020 columnas
1682 995 1768 1022 esse
1776 991 1948 1024 constat.
1963 985 2067 1026 Sane
2079 986 2246 1040 quidem
2261 990 2445 1031 nonnulli
2451 988 2569 1044 juxta

1338 1055 1491 1110 Calpen
1513 1066 1695 1099 montem
1713 1091 1724 1110 ‚
1749 1061 1822 1115 qui
1844 1062 1951 1103 intra
1983 1066 2188 1118 angustias
2211 1068 2430 1110 Herculeas
2443 1069 2565 1123 jacet,

1338 1135 1549 1178 columnas
1570 1139 1723 1193 positas
1741 1154 1827 1181 esse
1841 1140 1984 1183 dicunt
1998 1175 2009 1193 ‚
2033 1144 2099 1184 alii
2121 1160 2217 1186 vero
2236 1147 2287 1188 ad
2303 1148 2438 1190 Gades
2457 1152 2567 1192 insu-

1337 1219 1440 1270 lam,
1465 1230 1511 1261 ut
1545 1224 1832 1265 Artemidorus
1858 1241 2024 1282 quoque
2053 1232 2334 1286 geographus;
2366 1235 2467 1276 nihil
2498 1251 2568 1277 au·

1338 1315 1420 1349 tem
1439 1308 1575 1350 obstat
1601 1311 1700 1364 quin
1723 1325 1748 1363 a
1769 1312 1893 1367 Calpe
1920 1322 2082 1366 monte,
2108 1330 2232 1370 quarn
2259 1319 2442 1375 plerique
2465 1324 2567 1364 Her·

1337 1392 1438 1433 culis
1453 1392 1688 1435 columnam
1699 1409 1784 1436 esse
1800 1396 1959 1448 volunt,
1975 1398 2120 1440 Iberiae
2136 1402 2341 1456 periplum
2357 1403 2566 1447 faciamus.

1337 1478 1519 1519 Pertinet
1543 1486 1680 1519 autem
1714 1480 1837 1535 Calpe
1859 1481 1911 1522 ad
1930 1484 2209 1537 provinciam,
2231 1500 2356 1540 quam
2379 1490 2568 1531 Baeticam

1337 1563 1554 1604 nominant
1563 1580 1575 1615 3
1596 1564 1690 1605 finis
1706 1580 1802 1607 vero
1817 1567 1942 1622 hujus
1960 1571 2101 1625 populi
2114 1580 2154 1613 et
2169 1575 2366 1616 terminus
2381 1586 2442 1618 est
2458 1581 2568 1621 Anas

1337 1649 1512 1701 fluvius,
1557 1652 1600 1691 in
1644 1666 1844 1694 oceanum
1888 1656 2179 1699 occidentalem
2220 1661 2424 1714 intluen53
2476 1675 2570 1720 post

1339 1750 1461 1791 quem
1494 1738 1661 1793 reliquae
1693 1740 1900 1796 Hispaniae
1921 1743 2143 1797 provinciae
2173 1747 2226 1787 ad
2247 1763 2359 1790 mare
2381 1759 2568 1793 exterum

1338 1831 1379 1864 et
1393 1838 1594 1865 oceanum
1610 1826 1695 1866 sitae
1707 1835 1818 1868 sunt.
1878 1829 2063 1885 Periplus
2083 1832 2388 1886 igitur-,initium
2402 1837 2569 1880 habebit

1338 1920 1361 1947 a
1380 1907 1503 1962 Calpe
1521 1908 1665 1950 Iberiae
1679 1918 1719 1950 et
1733 1910 1784 1951 ab
1800 1925 1847 1952 ea
1860 1922 1975 1966 parte
1993 1916 2150 1957 Baeticae
2163 1921 2398 1973 provineiae.

1396 1993 1436 2035 5.
1470 1996 1679 2046 Quoniam
1702 2011 1800 2037 vero
1840 1999 1958 2039 multi
1980 2010 2116 2054 partes
2150 2004 2270 2046 hasce
2299 2007 2570 2051 circumnavi-

1338 2076 1478 2121 gantes
1499 2068 1543 2107 in
1579 2068 1808 2110 stadiorum
1839 2085 2016 2112 numero
2037 2073 2192 2116 fuerint
2221 2077 2405 2133 decepti,
2441 2096 2569 2135 quan-

1338 2156 1462 2197 quam
1485 2156 1561 2183 nos
1594 2145 1745 2193 erroris
1769 2143 2009 2198 hujusmodi
2043 2162 2182 2190 causas
2203 2151 2246 2191 in
2275 2154 2404 2206 priori
2436 2156 2570 2199 libello

1337 2217 1639 2267 recensuimus,
1665 2218 1720 2258 ob
1741 2220 2036 2261 accuratiorem
2057 2231 2195 2264 tamen
2210 2227 2419 2278 notitiam,
2437 2230 2570 2285 dupii-

1337 2308 1427 2334 cem
1454 2293 1610 2348 ubique
1628 2278 1858 2335 stadiorum
1876 2310 2098 2338 numerum
2113 2299 2428 2344 adscribendum
2445 2306 2566 2348 duxi-

1336 2382 1450 2419 mus,
1475 2383 1554 2409 non
1578 2368 1677 2424 plus
1695 2377 1735 2410 et
1755 2384 1834 2410 non
1856 2369 1992 2412 minus
2008 2371 2127 2426 juxta
2148 2374 2297 2417 lineam
2319 2378 2567 2422 subtenden-

1336 2451 1419 2483 tem
1437 2441 1672 2497 adjicientes
1692 2456 1702 2484 :
1720 2443 1822 2484 adeo
1834 2453 1880 2485 ut
1895 2447 1966 2500 qui
1984 2447 2091 2488 inter
2110 2457 2332 2506 utrumque
2347 2468 2566 2498 numerum

1336 2519 1497 2560 medius
1519 2529 1594 2570 est,
1614 2521 1730 2575 quasi
1748 2535 1825 2576 pro
1847 2522 1987 2576 regula
2003 2525 2184 2566 veritatis
2205 2528 2256 2568 sit
2270 2539 2457 2572 accurate
2478 2547 2565 2574 rem

1336 2596 1658 2651 explorantibus.
1718 2598 1808 2639 Hoc
1824 2599 1958 2654 ipsum
1979 2601 2088 2641 enim
2109 2604 2311 2658 sapienter
2327 2609 2566 2662 Protagoras

1336 2670 1379 2709 in
1399 2670 1645 2725 geographia
1667 2670 1908 2722 observanS,
1935 2673 2059 2714 istum
2093 2675 2199 2717 circa
2227 2677 2357 2720 stadia
2385 2694 2565 2726 errorem

1337 2742 1507 2783 evitasse
1527 2742 1705 2783 videtur.

1339 2859 1558 2892 PARTIUM
1607 2860 1807 2907 IBERIAE,
1844 2862 1948 2903 QUAE
1985 2852 2044 2894 ET
2080 2865 2316 2899 HISPANIA
2352 2869 2565 2903 NOMINA·

1433 2934 1552 2980 Tun,
1590 2935 1781 2968 OCEANO
1816 2936 2179 2972 ADJACENTIUM
2227 2941 2470 2976 PEBIPLUS.

1395 3031 1434 3067 6.
1463 3027 1599 3068 Iberia
1614 3058 1625 3077 ,
1646 3042 1737 3083 quae
1766 3037 1806 3069 et
1827 3031 2023 3085 Hispania
2045 3031 2211 3083 dicitur,
2232 3034 2376 3088 incipit
2398 3051 2419 3076 a
2447 3051 2564 3078 mon-

1338 3097 1444 3138 tibus
1479 3099 1682 3152 Pyrenaeis
1697 3130 1708 3147 ‚
1733 3098 2005 3154 latissimeque
2030 3101 2279 3152 extenditur,
2313 3103 2365 3143 ab
2389 3113 2563 3161 utroque

1337 3170 1440 3209 mari
1467 3169 1742 3220 circumdata,
1764 3178 1847 3210 tam
1880 3185 2034 3213 oceano
2069 3175 2374 3228 septentrionali
2397 3185 2437 3218 et
2458 3179 2563 3219 occi-

1336 3234 1512 3286 dentali,
1548 3251 1671 3291 quam
1715 3238 1818 3277 mari
1857 3247 2038 3280 nostro.'
2073 3242 2231 3295 Pyrene
2270 3250 2407 3283 autem
2444 3259 2562 3286 mons

1335 3318 1357 3344 e
1376 3312 1517 3344 nostro
1540 3305 1642 3344 mari
1667 3305 1865 3360 incipiens
1893 3307 2121 3361 porrigitur
2139 3323 2269 3363 usque
2286 3309 2341 3351 ad
2361 3326 2561 3353 oceanum

1338 3450 1418 3491 que
1451 3436 1591 3476 statuit
1607 3437 1855 3477 Marcianus.
1891 3438 1906 3491 Η
1931 3462 1988 3469 ·—
2013 3442 2078 3487 14.
2108 3440 2224 3481 κατὰ
2248 3442 2483 3500 Γάδειρα]
2515 3445 2562 3486 τὰ

1337 3498 1498 3553 Γάδειρα
1523 3497 1635 3547 cod.;
1656 3506 1764 3539 recte
1792 3500 1966 3539 mutavit
1998 3499 2235 3552 Salmasiu53
2264 3500 2439 3557 vulgata'
2466 3505 2562 3546 ferri

1336 3561 1493 3615 nequit,
1515 3574 1645 3614 quum
1668 3560 1754 3615 ipsa
1775 3559 1929 3601 Gadira
1947 3561 2076 3602 insula
2099 3577 2181 3604 una
2197 3578 2247 3604 ex
2269 3565 2470 3606 columnis
2490 3566 2561 3609 ha-

1336 3621 1516 3663 beretur.
1540 3623 1554 3676 ll
1574 3646 1630 3653 —-
1647 3636 1713 3676 19.
1732 3622 1752 3662 6
1765 3622 1844 3662 ἄνω
1860 3637 1948 3664 ποτ.
1962 3623 2057 3664 cod.
2082 3625 2097 3678 Η
2116 3649 2172 3656 -
2185 3627 2224 3667 8.
2240 3627 2377 3668 τούτου
2389 3628 2557 3670 inserui.

1392 3686 1414 3736 S
1442 3689 1491 3733 5,
1514 3683 1542 3724 l.
1581 3696 1650 3737 27.
1674 3687 1750 3724 τῶν
1787 3692 1882 3725 ante
1915 3686 2096 3736 σταδίων,
2121 3701 2144 3728 a
2163 3687 2323 3729 Millero
2346 3690 2557 3739 omissum,

1335 3744 1457 3785 habet
1479 3743 1623 3785 codex·
1650 3745 1666 3799 ss
1691 3769 1748 3776 -—
1766 3746 1839 3786 διε
1852 3760 1907 3801 σερ
1917 3746 2003 3799 άλη
2015 3749 2133 3804 σαν]
2158 3749 2387 3804 διεσάφησαν
2406 3749 2557 3801 codex;

1336 3806 1592 3861 διεσφάλησαν
1607 3821 1689 3847 em.
1706 3806 1881 3848 Hudson
1896 3824 1907 3858 ;
1920 3810 2050 3863 possis
2065 3812 2187 3851 etiam
2204 3811 2453 3865 διεφώνησαν.
2474 3812 2489 3866 ΙΙ
2508 3836 2558 3843 --

1337 3871 1403 3910 28.
1428 3869 1540 3909 καίτί
1557 3884 1602 3924 γε
1619 3868 1713 3910 cod.
1736 3870 1752 3923 ΙΙ
1770 3893 1826 3901 -
1839 3871 2025 3926 ἕνεκεν]
2050 3871 2095 3926 “χ
2110 3871 2264 3922 eodex;
2282 3872 2397 3928 quod
2414 3873 2556 3924 ἕνεκεν,

1335 3945 1417 3971 non
1445 3945 1543 3971 vero
1563 3931 1694 3986 χάριν,
1715 3931 1943 3985 significare
1959 3941 2277 3974 consentaneum
2287 3942 2363 3976 est.

1391 3996 1412 4045 S
1432 3998 1473 4036 6.
1497 3993 1523 4033 Ι.
1549 3996 1615 4041 42.
1640 3992 1738 4048 ὕφ’]
1761 3994 1818 4034 sic
1833 3993 1945 4045 cod.;
1971 3993 2026 4050 ἐφ’
2048 3994 2165 4037 editt.
2195 3996 2211 4050 ss
2239 4020 2296 4028 -
2317 3997 2386 4046 43.
2416 3997 2558 4054 Πυρίνη
