2808 4342
682 124 727 169 Ο

181 223 271 275 862
502 268 549 311 .

174 320 271 383 χρῷ
290 313 646 379 παραπλώοντας,
670 308 742 356 καὶ
762 307 831 353 τὸν
857 303 1113 367 κυὸερνήτην
1135 300 1411 361 ὀνομάζοντας

178 386 254 434 καὶ
271 384 365 432 ὅτου
385 384 512 429 ἄλλου
534 383 608 428 οὐκ
626 375 775 441 ἀφανὲς
795 374 844 419 τὸ
865 372 1035 432 οὕνομα·
1060 372 1111 432 (s)
1134 372 1190 422 ὥς
1208 368 1252 415 δὲ
1270 367 1416 416 οὗδένα

181 452 403 501 ὑπακούειν
418 487 433 512 ,
464 450 555 496 τότε
575 447 618 493 δὲ
640 445 760 495 αὐτὸς
791 441 901 502 λέγει
918 442 1085 487 πλῶσαι
1103 440 1144 492 ἐς
1163 438 1239 495 τὴν
1261 441 1386 494 ν’ἧσον
1402 472 1417 496 ,

180 521 253 569 καὶ
269 522 496 581 κατασχεῖν
524 515 574 570 δὴ
596 509 940 575 προσαναγκάσαι
957 511 1052 562 τοὺς
1074 507 1227 560 ναύτας
1240 509 1316 554 οὗκ
1335 506 1420 553 ἐθέ-

140 612 160 641 s
181 593 341 641 λοντας·
357 587 429 635 καὶ
444 584 614 636 ἐκὸἦναι
625 578 746 632 αὐτὸς
762 577 835 624 καὶ
849 576 1011 639 ἐλέγξαι
1022 576 1138 624 κενὸν
1155 579 1283 637 μῦθον
1299 574 1419 622 ἐόντα

182 659 252 707 τὸν
275 657 368 718 περὶ
383 658 433 714 τῇ
449 651 563 713 νήσῳ
579 647 716 709 λόγον·
740 648 790 708 (ο)
813 648 990 693 ἀκοῦσαι
1005 646 1049 693 δὲ
1067 646 1139 693 καὶ
1156 645 1280 692 ἄλλον
1299 644 1419 705 λόγον

182 727 286 785 ὑπὲρ
318 727 391 776 τῆς
419 719 546 776 νήσου
574 718 729 773 ταύτης
763 716 1008 779 λεγόμενον,
1039 717 1207 772 οἰκῆσαι
1243 713 1319 776 μὲν
1345 713 1420 769 τὴν

180 797 303 847 νῆσον
324 788 479 844 ταύτην
499 786 598 848 μίαν
621 789 702 832 τῶν
729 783 967 849 Νηρηΐδων·
990 783 1037 831 τὸ
1056 784 1098 831 δὲ
1120 784 1277 844 οὔνομα
1295 785 1341 829 οὗ
1360 781 1423 829 λε’·

180 864 324 922 γεσθαι
338 861 412 914 τῆς
432 852 655 919 Νηρηΐδος·
671 853 804 917 ταύτῃ
824 852 868 900 δὲ
884 850 995 905 ὅστις
1015 851 1209 899 πελάσειε
1228 854 1280 912 τῇ
1294 850 1424 915 νήσῳ,

123 945 159 974 ιο
181 926 315 991 τούτῳ
330 925 593 988 συγγίνεσθαι
618 924 719 985 μὲν,
743 921 859 985 ἰχθὺν
888 922 930 967 δὲ
953 920 995 975 ἐξ
1019 922 1238 984 ἀνθρώπου
1260 918 1423 967 ποιέου-

180 1017 257 1046 σαν
280 996 402 1043 αὗτὸν
423 994 645 1055 ἐμὸάλλειν
662 996 702 1046 ἐς
720 993 788 1039 τὸν
805 991 966 1038 πόντον·
993 990 1041 1053 (7)
1065 989 1218 1039 Ἥλιον
1238 989 1281 1036 δὲ
1306 991 1428 1052 ἀχθε-

181 1067 326 1115 σθέντα
351 1069 402 1127 τῇ
436 1063 641 1128 Νηρηΐδι,
674 1061 855 1109 κελεύειν
889 1061 1191 1122 μετοικίζεσθαι
1217 1058 1345 1115 αὐτὴν
1379 1060 1427 1105 ἐκ

180 1140 254 1193 τῆς
274 1135 414 1192 νήσου·
440 1134 513 1190 τὴν
545 1132 587 1179 δὲ
621 1131 858 1193 ὁμολογέειν
892 1129 967 1191 μὲν
990 1128 1054 1175 ὅτι
1078 1128 1426 1186 ἐξοικισθήσεται,

181 1206 343 1252 δέεσθαι
367 1203 409 1251 δέ
427 1205 477 1230 ⁴*
501 1205 539 1249 οἱ
563 1203 611 1248 τὸ
645 1202 837 1262 πάθημα·
860 1200 931 1246 καὶ
960 1199 1029 1245 τὸν
1052 1198 1202 1247 Ἥλιον
1228 1195 1427 1251 ὖποδέξα·

122 1293 160 1323 ts
182 1280 288 1323 σθαι·
320 1273 370 1337 (a)
395 1273 487 1326 τοὺς
517 1272 559 1319 δὲ
584 1272 634 1328 δὴ
662 1270 901 1334 ἀνθρώπους
923 1267 1111 1321 οὕστινας
1145 1268 1196 1314 ἂν
1220 1266 1364 1331 ἰχθύας
1387 1265 1428 1319 ἐξ

181 1343 407 1408 ἀνθρώπων
441 1342 643 1398 πεποίηκε
676 1339 1021 1399 κατελεήσαντα,
1053 1337 1290 1400 ἀνθρώπους
1316 1329 1430 1388 αὖθις

182 1414 226 1469 ἐξ
247 1413 399 1478 ἰχθύων
423 1416 610 1468 ποιῆσαι·
634 1411 707 1457 καὶ
738 1410 822 1456 ἀπὸ
846 1408 1002 1455 τούτων
1036 1411 1114 1455 τῶν
1140 1406 1427 1470 Ἰχθυοφάγων

182 1485 230 1532 τὸ
248 1484 362 1545 γένος
378 1484 449 1529 καὶ
468 1485 524 1535 εἰς
542 1480 804 1542 Ἀλέξανδρον
821 1481 1050 1527 κατελθεῖν.
1123 1477 1174 1541 (ο)
1196 1477 1280 1525 Καὶ
1298 1480 1429 1522 ταῦτα

183 1553 247 1600 ὅτι
278 1551 429 1616 ψεύδεα
477 1550 681 1611 ἐξελέγχει
722 1547 913 1610 Νέαρχος
927 1583 939 1605 ,
972 1549 1047 1593 οὐκ
1093 1545 1271 1592 ἐπαινέω
1307 1544 1429 1590 αὐτὸν

120 1635 164 1667 so
185 1623 315 1686 ἔγωγε
337 1625 409 1677 τῆς
432 1621 585 1682 σχολῆς
606 1637 650 1664 τε
681 1617 753 1664 καὶ
777 1617 943 1681 σοφίης,
966 1615 1059 1662 οὔτε
1093 1615 1229 1679 κάρτα
1259 1614 1430 1677 χαλεπὰ

186 1693 475 1753 ἐξελεγχθῆναι
498 1689 616 1735 ἐόντα
631 1724 644 1745 ,
668 1686 934 1749 ταλαίπωρόν
955 1689 991 1732 τ’
1012 1686 1076 1732 ἐὸν
1101 1685 1315 1747 γινώσκων
1339 1684 1432 1736 τοὺς

184 1757 384 1810 παλαιοὺς
392 1757 535 1819 λόγους
543 1755 833 1819 ἐπιλεγόμενον
848 1755 1075 1818 ἐξελέγχειν
1087 1754 1226 1806 ἐόντας
1238 1752 1428 1817 ψευδέας.

248 1829 442 1876 XXXII.
481 1826 615 1888 Ὑπὲρ
634 1825 725 1877 τοὺς
744 1824 1039 1887 ’ἰχθυοφάγους
1064 1823 1296 1886 Γαδρώσιοι
1320 1825 1358 1875 ἐς
1384 1822 1430 1867 τὸ

186 1898 273 1944 ἄνω
296 1896 474 1942 οἰκέουσι
492 1899 568 1955 γῆν
589 1894 774 1957 πονηρὴν
797 1894 868 1939 καὶ
883 1892 1136 1956 ψαμμώδεα·
1159 1891 1269 1939 ἔνθεν
1293 1892 1364 1938 καὶ
1380 1892 1432 1938 τὰ

185 2082 244 2091 -
261 2049 304 2113 7’.
341 2057 409 2113 μὲν
441 2055 573 2099 addit.
595 2057 647 2098 L.
666 2079 723 2087 —
741 2069 807 2098 10.
835 2054 947 2110 ἰχθὺν
970 2054 1012 2097 δὲ
1033 2054 1149 2097 αὐτὸν
1174 2054 1212 2104 ἐξ
1231 2054 1434 2110 ἀνθρώπου

187 2122 392 2163 ποιέουσαν
434 2118 644 2173 ἐμὸἀλλειν
683 2119 807 2160 BCD.
862 2121 878 2172 ss
918 2142 976 2150 —
1019 2118 1085 2159 13.
1115 2117 1330 2173 ὁμολογεῖν
1367 2116 1434 2172 μὲν

189 2180 515 2232 ἔξοικισθῆσεσθαι
531 2179 627 2222 eod.
647 2178 806 2234 Bodlej.
832 2203 884 2211 -
912 2177 1074 2220 Deinde
1094 2177 1354 2219 desideratur
1374 2179 1436 2219 in·

188 2244 388 2287 finitivus.
404 2241 630 2283 Dt'tbnerus
650 2239 828 2295 conjecit
849 2252 859 2280 ε
877 2239 1028 2281 δέεσθαι
1041 2235 1081 2279 δέ
1101 2238 1141 2280 οἱ
1163 2238 1229 2280 καὶ
1245 2237 1291 2280 τὸ
1314 2240 1437 2292 πάθη-

192 2321 246 2363 μα
275 2305 501 2361 [παυθῆναι
533 2304 567 2359 ],
603 2316 737 2358 eoque
773 2315 895 2349 sensu
919 2300 1008 2357 jam
1038 2309 1195 2343 veteres
1224 2309 1439 2343 verterunt
1464 2324 1466 2327 >

188 2370 449 2424 interpretes.
465 2366 615 2407 Nescio
632 2379 685 2407 an
702 2365 838 2420 ipsum
866 2362 967 2405 illud
988 2362 1103 2419 quod
1123 2362 1320 2419 praecedit
1349 2378 1438 2404 ver-

190 2430 292 2471 bum
313 2437 459 2470 auctor
472 2426 621 2469 ludens
644 2426 899 2483 repetiverit,
923 2424 1028 2467 adeo
1050 2433 1099 2467 ut
1113 2424 1237 2467 suerit
1258 2425 1438 2468 εδέεσθαι

190 2492 232 2534 δὲ
260 2491 326 2534 καὶ
357 2490 614 2543 ἔξοικισθῆναί
644 2489 683 2531 οἱ
722 2489 768 2531 τὶ)
793 2490 969 2545 πάθημα.
1008 2489 1202 2531 Ceterum
1232 2503 1324 2545 quae
1357 2488 1439 2530 hoc

191 2556 375 2611 segmine
399 2555 608 2609 leguntur,
631 2553 780 2596 Strabo
808 2566 852 2609 p.
878 2556 960 2609 726
985 2566 1153 2608 quoque
1173 2553 1316 2609 paucis
1344 2566 1438 2608 per·

192 2618 371 2673 stringit.
388 2618 552 2659 Nomen
580 2614 724 2657 insulae
752 2628 838 2656 non
857 2615 1064 2671 apposuit,
1087 2614 1203 2670 quod
1221 2615 1361 2656 nescio
1385 2629 1438 2656 an

192 2681 417 2722 babeamus
445 2679 568 2720 etiam
591 2676 703 2734 apud
726 2677 984 2733 Stephanum
1002 2678 1119 2733 Byz.,
1138 2676 1210 2718 ubi
1239 2676 1435 2732 :N6copc1,

194 2745 310 2795 νῆσος
325 2742 362 2783 ἐν
383 2745 431 2796 τῇ
456 2740 623 2796 Ἐρυθρᾷ
642 2740 835 2797 θαλάσσῃ.
855 2739 1040 2796 Οὗράνιος
1067 2738 1312 2795 Ἄραὸικῶν*·
1330 2739 1352 2780 ὁ
1372 2756 1439 2792 νη-

191 2805 334 2856 σιώτης
368 2803 600 2858 Νυσορηνός·
634 2802 823 2858 ἐγχώριος
857 2802 879 2843 ὁ
919 2802 1050 2851 τύπος.
1094 2801 1211 2844 Idem
1250 2810 1438 2844 statuunt

194 2865 428 2914 Berkelius,
467 2864 624 2905 Pincdo
657 2874 699 2905 et
728 2865 995 2916 Holstenius,
1030 2879 1165 2920 neque
1211 2864 1442 2919 refragatur

196 2928 353 2970 mentio
371 2926 517 2967 Uranii
533 2956 544 2975 ,
573 2939 697 2979 quem
729 2926 772 2966 in
796 2940 921 2981 opere
940 2940 1017 2967 suo
1042 2927 1167 2967 etiam
1188 2935 1303 2967 extra
1338 2930 1440 2968 Ara·

196 2989 277 3033 biae
312 2989 415 3031 flnoe
447 2995 663 3042 evagatum
707 3001 794 3028 esse
835 2988 1003 3028 scimus.
1036 2986 1284 3028 Philostrato
1311 2988 1442 3029 insula

198 3058 372 3095 vocatur
387 3050 553 3106 Σέληρα.
578 3049 634 3090 V.
663 3062 789 3106 supra
810 3048 862 3090 ad
893 3063 931 3090 c.
953 3053 1022 3099 26,
1050 3048 1120 3089 ubi
1143 3050 1285 3090 monui
1314 3058 1441 3091 totam

197 3113 308 3156 hanc
321 3113 603 3155 narrationem
618 3125 642 3153 a
656 3112 838 3168 genuino
859 3111 1035 3153 Nearchi
1058 3125 1183 3167 opere
1203 3110 1333 3152 videri
1350 3112 1443 3152 alic-

199 3188 296 3216 nam
315 3172 440 3216 fuisse
455 3204 466 3225 ,
496 3187 627 3229 quum
653 3175 797 3215 omnia
807 3172 1010 3216 suadeant
1039 3173 1189 3215 Nosala
1211 3188 1295 3214 non
1311 3173 1445 3215 diver-

200 3250 287 3278 sam
313 3250 401 3278 esse
429 3227 605 3278 insulam
628 3235 682 3277 ab
713 3235 882 3279 Asthala
913 3236 1000 3278 sive
1034 3234 1239 3287 Carbina,
1271 3244 1438 3277 centum

202 3300 302 3340 item
328 3313 362 3348 „a
393 3298 634 3352 continente
672 3297 815 3340 stadiis
849 3306 1024 3350 remota,
1055 3311 1182 3355 quam
1220 3296 1444 3340 habitatam

203 3359 308 3402 vidit
324 3360 553 3413 Nearchus,
577 3361 698 3402 sicuti
718 3361 881 3403 Nosora
897 3361 1045 3403 Uranii
1072 3374 1158 3403 non
1182 3361 1361 3402 caruisse
1381 3361 1445 3402 in-

203 3422 303 3463 colis
329 3436 353 3464 e
370 3422 579 3479 Stephano
593 3421 764 3479 colligis.
792 3423 878 3477 Qui
899 3421 1071 3479 quidem
1088 3420 1233 3465 incolat
1252 3421 1340 3478 jam
1356 3429 1445 3464 tum

205 3484 358 3526 suerint
387 3484 545 3527 Arabes
563 3485 647 3537 isti,
679 3499 784 3541 quos
802 3485 1105 3528 recentioribus
1124 3483 1271 3527 seculis
1294 3484 1447 3526 scimus

204 3545 314 3587 hanc
334 3546 411 3587 sibi
431 3561 566 3589 arcem
596 3547 856 3590 constituisse
877 3547 1213 3597 latrociniorum,
1240 3545 1353 3588 unde
1373 3559 1447 3602 ap·

204 3607 532 3664 propinquantes
563 3617 813 3652 mercatores
841 3610 1179 3665 aggrederentur,
1202 3607 1445 3665 diriperent,

206 3665 392 3723 direptos
425 3678 631 3710 necarent.
657 3672 766 3713 Hinc
795 3680 930 3714 terror
958 3672 1240 3729 κακοδαίμονος
1271 3669 1444 3712 insulam

207 3728 306 3772 fecit
323 3727 563 3785 fabulasque
589 3732 731 3784 finxit,
757 3734 898 3789 quales
931 3736 1105 3778 Blairius
1123 3750 1173 3778 ex
1198 3749 1282 3778 orae
1299 3733 1447 3776 accolis

207 3790 392 3843 audivit,
426 3801 469 3835 et
485 3795 656 3836 comites
685 3796 910 3839 Alexandri
930 3800 1078 3841 Gra-co
1096 3805 1300 3841 ornarunt
1326 3795 1450 3839 indu·

209 3862 367 3897 mento.
391 3855 584 3899 Ceterum
607 3858 721 3899 varia
742 3858 795 3900 dc
814 3859 894 3901 hoc
922 3860 1013 3903 loco
1034 3859 1446 3904 circumferebantur.

210 3915 367 3958 Plinius
387 3918 465 3969 v1,
490 3921 544 3960 26
570 3921 595 3972 S
612 3933 666 3975 97
685 3934 737 3961 ex
750 3922 773 3962 J
778 3921 858 3963 uba
877 3923 933 3964 ita
951 3923 1074 3966 habet
1095 3937 1106 3966 :
1138 3923 1245 3966 Dein
1261 3922 1451 3978 Ichthyo-

208 3978 340 4034 phagi
351 3997 368 4030 ,·
390 4011 400 4021 .
410 4010 440 4022 ..
462 3980 599 4023 insuta
615 3996 708 4039 quae
726 3982 834 4025 Solis
847 3984 1087 4042 appellatur
1101 3996 1141 4028 et
1168 3984 1306 4028 eadem
1321 3987 1450 4041 Nym·

210 4038 388 4094 pharum
423 4042 577 4094 cubile,
614 4044 776 4093 rubeus.
813 4044 856 4087 in
877 4061 959 4102 qua
993 4048 1150 4090 nullum
1183 4062 1262 4089 uon
1293 4046 1455 4089 animal

1316 198 1575 246 Annum

1482 379 1646 422 narent,
1670 378 1743 412 aut
1768 369 2178 427 cujuscunque-ahu:
2198 385 2285 427 qon
2305 371 2531 414 obscurum
2550 383 2650 412 nom

1483 440 1548 494 (5)
1568 441 1797 494 Quumque
1818 451 1942 479 nemo
1963 435 2144 491 audiret,
2162 445 2255 480 tum
2277 446 2406 481 semet
2434 453 2485 480 eo
2514 438 2607 479 navi

1482 506 1601 559 dicit,
1612 520 1661 548 ae
1674 514 1819 548 nautas
1830 504 2077 561 compulisse
2090 503 2154 546 vel
2167 505 2319 548 invitos
2334 519 2481 549 navem
2493 487 2696 563 appellere
2717 553 2727 562 ᾖ,

1483 589 1700 632 quumque
1726 575 1770 616 in
1796 573 1972 616 insulam
1990 571 2283 623 descendisset,
2307 586 2455 616 vanam
2482 582 2606 631 atque
2637 565 2741 615 ina-²

1485 657 1581 685 nem
1607 642 1788 685 fabulam
1808 641 1998 683 docuisse
2019 654 2111 696 quae
2134 639 2188 681 de
2203 638 2338 681 insula
2355 638 2423 682 illa
2440 640 2724 696 spu-gebatur.
2767 663 2770 670 ·

1486 712 1550 766 (6)
1573 709 1765 754 Audiisse
1786 724 1883 752 vero
1898 724 1941 751 se
1957 710 2081 751 etiam
2103 709 2230 750 alium
2253 706 2306 750 de
2326 707 2404 749 hac
2421 707 2554 750 insula
2571 721 2729 751 umo-
2758 754 2763 755 ⁷

1486 794 1583 823 nem
1611 780 1670 822 ait
1690 794 1701 822 ε
1735 780 1939 822 habitasse
1972 779 2079 821 hanc
2118 777 2295 819 insulam
2329 791 2456 818 unam
2484 775 2728 828 Nereidum,

1488 862 1642 890 nomen
1663 862 1762 890 vero
1780 846 1970 890 Nereidis
1987 861 2073 888 non
2094 845 2177 887 dici
2193 863 2204 899 ;
2221 860 2311 887 eam
2331 859 2427 887 cum
2444 844 2640 887 omnibus
2657 846 2732 902 qui

1488 930 1539 957 eo
1560 915 1813 972 appellerent
1838 914 2098 957 commisceri
2125 914 2286 956 solitam
2307 945 2318 963 ,
2342 927 2494 969 eosque
2530 914 2571 954 in
2601 914 2734 970 pisces

1489 998 1711 1025 conversos
1726 984 1768 1025 in
1781 998 1893 1025 mare
1913 981 2131 1039 projicere.
2192 984 2256 1037 (7)
2272 984 2367 1036 Qua
2380 981 2433 1023 de
2447 995 2568 1023 causa
2582 982 2734 1024 iratum

1489 1051 1657 1095 Nereidi
1676 1052 1812 1095 Solem
1833 1051 2061 1107 jussissent
2086 1065 2137 1092 ex
2161 1065 2208 1092 ea
2226 1050 2359 1093 insula
2378 1051 2592 1106 migraret;
2611 1059 2736 1107 atque

1491 1123 1599 1164 hanc
1617 1121 1789 1178 quidem
1824 1121 2047 1177 pollicitam
2072 1133 2159 1161 esse
2179 1134 2223 1161 se
2246 1120 2514 1173 migraturam
2540 1133 2549 1160 ε
2572 1134 2736 1175 rogasse

1492 1199 1631 1233 autem
1650 1199 1696 1231 ut
1710 1190 1788 1231 sibi
1805 1189 1961 1230 malum
1979 1196 2162 1230 sanetur.
2224 1189 2287 1241 (8)
2303 1188 2356 1228 Et
2369 1186 2496 1229 solem
2508 1187 2733 1243 pollicitum

1492 1274 1601 1310 oese5
1622 1259 1842 1300 hominum
1861 1265 2000 1299 autem
2029 1269 2300 1312 quoscunque
2327 1256 2456 1311 pisces
2487 1269 2538 1296 ex
2557 1254 2737 1298 homini·
2752 1272 2766 1310 .'

1492 1327 1572 1369 bus
1586 1326 1737 1368 fecerat
1757 1326 1846 1377 illa,
1870 1326 2086 1367 misertum
2108 1324 2297 1366 homines
2319 1337 2461 1365 rursus
2480 1337 2531 1364 ex
2554 1322 2735 1380 piscibus
2754 1331 2758 1337 ⁸

1495 1395 1653 1438 fecisse.
1719 1396 1783 1437 Ex
1812 1395 1860 1435 iis
1890 1392 2298 1449 Ichthyophagorum
2318 1405 2446 1446 genus
2478 1390 2531 1433 ad
2562 1390 2758 1437 Alexan<

1494 1465 1620 1507 drum
1642 1478 1774 1520 usque
1803 1464 2052 1520 pervenisse.
2116 1461 2179 1518 (9)
2198 1463 2287 1516 Ego
2314 1475 2411 1503 vero
2430 1461 2666 1503 Nearchum
2689 1476 2741 1502 eo

1495 1534 1666 1576 nomine
1695 1547 1780 1574 non
1802 1532 1950 1583 laudo,
1984 1528 2100 1587 quod
2130 1530 2215 1571 otio
2235 1538 2275 1571 et
2301 1529 2497 1585 sapientia
2518 1530 2559 1570 in
2580 1543 2625 1570 re
2653 1543 2739 1570 non
2764 1574 2767 1594 z

1495 1601 1725 1646 admodum
1748 1600 1906 1642 difficili
1925 1597 2146 1641 refellenda
2169 1597 2323 1638 abusus
2341 1595 2487 1647 suerin
2513 1596 2742 1638 miserabile

1497 1687 1668 1718 censens
1695 1682 1851 1715 veteres
1874 1671 2173 1726 mendacesque
2193 1670 2347 1711 tabulas
2374 1678 2655 1712 recensentem
2676 1684 2741 1712 re·

1497 1747 1644 1789 futare.

1552 1822 1735 1865 XXXII.
1765 1823 1899 1878 Supra
1926 1821 2258 1877 Ichthyoplmgos
2274 1818 2465 1861 Gadrosii
2491 1820 2533 1860 in
2554 1817 2746 1862 mediter-

1499 1894 1634 1935 raneis
1655 1892 1757 1934 locis
1784 1901 1935 1933 terram
1967 1891 2145 1932 sterilem
2169 1898 2292 1945 atque
2321 1903 2535 1931 arenosam
2567 1889 2742 1932 colunt:

1505 2055 1745 2112 upsumitur
1760 2054 1927 2096 incertis
1940 2053 1989 2094 dc
2002 2052 2159 2095 causis.
2184 2053 2260 2094 Ori
2270 2066 2369 2105 gens
2382 2070 2398 2101 ,·
2409 2053 2565 2106 flumen
2587 2054 2750 2093 Carnm-
2782 2043 2793 2081 ‘³5

1506 2118 1589 2160 niae
1603 2117 1809 2172 fflvtanis
1834 2117 1848 2173 (
1864 2131 1902 2159 s.
1923 2115 2107 2171 Hytauis
2127 2117 2143 2169 )
2155 2124 2398 2172 portuosum
2414 2123 2453 2155 et
2471 2129 2573 2155 auro
2587 2114 2744 2168 fertile.
2796 2162 2797 2169 χ

1506 2180 1671 2222 Solinus
1699 2179 1845 2235 Polyb.
1874 2194 1913 2221 c.
1946 2180 2014 2233 57.
2049 2191 2059 2219 ε
2086 2178 2192 2219 Solis
2230 2177 2368 2219 insula
2400 2176 2547 2219 rubens
2578 2185 2618 2217 et
2638 2191 2750 2219 omm
2787 2184 2799 2222 ς

1495 2241 1786 2286 animantium
1801 2240 1939 2293 generi
1962 2240 2184 2288 inaccessa,
2209 2238 2362 2295 quippe
2384 2253 2475 2294 quoe
2494 2238 2652 2281 nattum
2671 2254 2751 2280 non
2796 2256 2798 2260 ·

1508 2303 1670 2345 animal
1682 2303 1846 2345 illatum
1855 2301 2045 2359 perimit.
2061 2300 2317 2356 Pomp.Mela
2331 2302 2408 2351 111,
2423 2313 2473 2356 7:
2492 2302 2641 2342 Canem
2652 2300 2752 2343 Indi
2787 2291 2803 2342 j*

1509 2367 1620 2409 ostia
1655 2365 1792 2408 insula
1813 2374 1875 2407 est
1910 2364 2011 2406 adeo
2045 2363 2352 2414 inhabitabilis,
2385 2372 2432 2404 ut
2462 2362 2663 2416 ingressos
2683 2362 2753 2406 vis
2791 2347 2808 2414 f}

1509 2429 1663 2470 circum
1687 2428 1754 2470 usi
1774 2427 1885 2469 aeris
1922 2426 2127 2469 exanimet
2149 2424 2381 2480 confestim.
2413 2425 2582 2468 Curtius
2610 2426 2668 2478 X,
2694 2438 2715 2468 ι
2738 2437 2751 2468 2
2780 2413 2808 2494 ξ

1510 2491 1781 2548 Adjiciebaut
1792 2490 1967 2543 navigia
1976 2504 2066 2546 quae
2083 2489 2195 2531 lixas
2201 2497 2517 2545 mercatoresque
2526 2486 2752 2540 verinae,
2774 2500 2808 2551 ,ᾗ

1500 2554 1668 2608 samam
1695 2554 1791 2596 auri
1811 2553 1965 2595 secutis
1998 2550 2356 2605 gubernatoribus,
2397 2550 2439 2591 in
2465 2550 2641 2593 insulam
2670 2563 2756 2594 esse
2784 2560 2796 2575 ³

1513 2617 1761 2659 transmissa
1774 2649 1784 2665 ,
1824 2630 1895 2657 nec
1916 2614 2061 2656 deinde
2080 2614 2134 2655 ab
2152 2613 2219 2654 his
2244 2622 2391 2669 postea
2417 2612 2527 2654 visa.
2550 2615 2654 2666 Quae
2672 2611 2755 2655 Pli-

1513 2680 1606 2720 nius
1620 2680 1809 2735 Melaque
1829 2677 2013 2728 tradunt,
2027 2675 2230 2731 explicare
2245 2674 2338 2716 licet
2355 2688 2406 2715 ex
2427 2675 2475 2715 iis
2493 2687 2585 2730 quoe
2602 2675 2757 2731 Kemp-

1513 2741 1704 2782 thornius
1726 2747 1866 2781 narrat
1886 2738 1939 2780 de
1962 2737 2215 2779 testudinum
2238 2735 2506 2784 cadaveribus
2523 2749 2597 2791 per
2625 2743 2755 2778 totam

1514 2797 1688 2843 insulam
1711 2800 1905 2858 projectis
1926 2799 2061 2856 dequc
2090 2814 2182 2840 aere
2206 2798 2310 2839 adeo
2332 2798 2430 2839 hinc
2453 2796 2604 2840 infecto
2629 2806 2676 2841 ut
2694 2797 2757 2842 vel

1513 2863 1950 2922 praetcrnavigantibus
1968 2870 2074 2904 esset
2091 2861 2303 2903 molestus.
2329 2859 2453 2914 Quod
2472 2859 2626 2902 Indum
2647 2859 2757 2903 Met·

1515 2926 1758 2978 introducit,
1785 2925 1886 2968 nihil
1905 2940 2023 2966 curo.
2051 2923 2174 2980 Apud
2187 2923 2365 2966 Plinium
2389 2922 2464 2965 Ori
2481 2937 2580 2976 gens
2597 2922 2650 2965 ad
2664 2936 2755 2965 eam
2785 2943 2787 2945 ·

1514 3005 1598 3032 orae
1623 2998 1781 3046 partem
1811 2989 2058 3045 pertinuisse
2087 2986 2236 3038 debet,
2279 2987 2347 3028 cui
2377 2987 2419 3027 in
2446 2984 2783 3028 mediterraneis

1515 3052 1676 3107 objacet
1696 3054 1781 3094 Ora
1803 3051 1903 3093 urbs
1925 3050 2036 3106 apud
2059 3049 2341 3099 Ptolemaeum,
2377 3049 2486 3090 inter
2502 3045 2756 3103 Samydacen
2799 3046 2808 3098 ⁴2}

1516 3124 1556 3155 et
1573 3114 1827 3156 Caudriacen
1840 3115 1925 3155 sive
1943 3112 2176 3168 Hydriacen
2191 3112 2351 3152 fluvios.
2367 3108 2550 3164 llytum's
2564 3108 2758 3165 probabi·

1517 3176 1610 3217 liter
1623 3185 1684 3217 cst
1712 3176 1820 3217 idem
1841 3190 1936 3216 cum
1960 3174 2169 3230 Hydriaco
2192 3172 2418 3223 Marciani;
2441 3179 2551 3213 certe
2566 3185 2650 3214 non
2670 3186 2758 3214 esse
2804 3171 2808 3173 ’

1518 3238 1727 3281 Andamin
1750 3239 1929 3285 Arriani,
1952 3245 1996 3277 ut
2020 3235 2237 3277 ilarduino
2266 3233 2383 3276 multi
2403 3232 2685 3285 crediderunt,
2704 3248 2757 3277 ex

1517 3301 1622 3342 serie
1651 3300 1899 3341 narrationis
1934 3298 2129 3340 Plinianae
2169 3297 2311 3352 liquet.
2357 3297 2489 3351 Igitur
2522 3310 2573 3338 ex
2604 3295 2757 3349 Plinio,

1518 3363 1706 3416 quamvis
1723 3363 1847 3402 situm
1879 3359 2021 3401 insulae
2047 3360 2277 3401 accuratius
2292 3357 2466 3400 definire
2488 3372 2757 3415 nequeamus,
2782 3403 2783 3407 ,

1519 3422 1599 3464 hoc
1629 3423 1769 3465 saltem
1800 3422 1988 3464 elicueris
2018 3422 2194 3477 positam
2239 3435 2327 3462 esse
2371 3420 2424 3462 ab
2456 3420 2615 3462 oriente
2644 3414 2778 3464 sinus*

1521 3489 1727 3528 quttur.
1748 3486 1916 3527 Curtius
1932 3485 1975 3526 in
1995 3493 2152 3526 antece.
2170 3483 2275 3526 dixit
2293 3482 2347 3526 de
2360 3482 2491 3525 insula
2506 3484 2524 3538 (
2535 3482 2691 3541 Ogyri)
2714 3483 2782 3527 in·-

1519 3562 1605 3604 quo
1620 3548 1807 3604 Erythrae
1822 3548 1928 3603 regis
1941 3555 2258 3589 monumentum
2274 3554 2385 3598 erat;
2406 3545 2582 3602 ideoque
2597 3544 2650 3587 ad
2664 3558 2763 3588 ean·

1520 3609 1616 3653 dem
1639 3612 1761 3653 etiam
1783 3610 1907 3652 verba
1940 3610 2067 3652 modo
2093 3609 2301 3666 adscripta
2324 3608 2469 3651 reterri
2498 3606 2673 3650 voluisse
2700 3608 2760 3650 vi·
2780 3605 2782 3637 ἶ

1521 3673 1658 3716 detur.
1679 3676 1927 3730 Camparare
1941 3673 2035 3715 licet
2054 3671 2465 3716 Pseudocallisthenis
2480 3670 2761 3713 narrationem
2780 3726 2783 3727 ⁷

1522 3734 1574 3776 dc
1595 3736 1838 3778 miraculosa
1860 3737 1936 3777 ista
1951 3735 2097 3787 insula,
2115 3736 2158 3777 in
2178 3749 2259 3791 qua
2280 3733 2399 3777 Philo
2415 3747 2510 3775 cum
2525 3732 2608 3774 suis
2622 3731 2780 3774 subito·

1525 3799 1706 3841 evanuit.
1725 3800 1828 3841 Nam
1847 3799 1890 3840 in
1914 3798 1991 3840 hac
2004 3811 2171 3854 quoque
2190 3798 2315 3839 fuisse
2331 3794 2525 3853 proditur
2543 3794 2690 3837 veteris
2701 3806 2767 3837 re-
2779 3807 2784 3851 j·

1522 3862 1582 3914 gis
1611 3870 1928 3904 monumentum
1959 3874 2064 3903 auro
2085 3859 2346 3916 conditisque
2374 3858 2515 3917 pretiis
2548 3851 2778 3899 reseruati·-

1524 3938 1655 3966 mum.
1677 3925 1810 3967 Aliam
1829 3923 2008 3966 fabulam
2023 3937 2115 3980 quae
2132 3923 2389 3979 aliquatenus
2403 3920 2487 3963 huc
2504 3919 2683 3976 pertinet
2694 3912 2761 3960 nl
2774 3934 2779 3941 ·

1521 3986 1699 4028 conseri-i
1723 3988 1863 4029 saltem
1894 3994 2091 4038 meretur,
2121 3986 2164 4027 in
2194 3983 2338 4027 eodem
2362 3979 2762 4026 Pseudocallisthene
2802 4034 2808 4038 ι

1521 4047 1647 4089 habes
1670 4050 1725 4114 li,
1749 4050 1828 4100 38,
1853 4062 1896 4105 p.
1923 4050 1993 4103 89.
2806 4045 2808 4047 ’
