2756 4354
168 198 232 232 rx
459 201 503 244 ο

162 286 435 347 grandibus,
453 285 665 347 Neptuno
684 283 844 342 sacris,
857 296 974 344 quos
994 294 1126 326 nemo
1140 276 1402 339 laedatipse·

164 378 255 424 que
290 372 448 408 auctor
477 377 526 408 se
562 361 732 407 vidisse
765 357 985 404 narravit.
1022 354 1090 399 De
1125 353 1401 399 Anaxicrate

164 437 351 483 aliunde
372 453 464 483 non
499 444 699 490 constat,
724 432 816 478 nisi
843 430 958 476 sorte
994 428 1085 474 huc
1118 427 1397 489 pertinetis,

164 527 300 573 quem
327 510 522 558 urbibus
550 506 803 555 condendis
834 504 1051 550 Seleucus
1071 502 1204 550 Soter
1222 503 1398 565 praefe-

164 598 288 634 cerat
319 587 535 648 (Tzetzes
573 584 688 628 nist.
730 579 833 636 VII,
861 586 946 636 17¹·
965 579 1002 642 ).
1028 604 1094 615 —
1125 579 1402 638 Pythagoroe

162 677 284 718 epus
298 661 478 723 περὶτῆς
502 658 703 718 Ἐρυθρᾶς
720 652 934 709 θαλάσσης
958 654 1175 700 novimus
1195 668 1253 700 ex
1265 652 1400 699 Athe-

163 751 266 782 εει)
284 750 330 796 p.
355 735 458 791 183,
479 731 511 776 1³
536 734 550 791 (
569 729 648 775 ubi
662 728 720 775 de
732 727 944 791 pandura
956 727 1349 790 Troglodytarum
1365 726 1399 789 ),

160 818 205 854 et
226 824 273 869 p.
295 808 384 861 634
412 806 491 869 (de
508 803 801 849 tetrachordo
824 803 1147 860 instrumento,
1168 818 1261 864 quo
1282 802 1323 847 Τ
1325 818 1403 847 ro-

161 882 356 944 glodytae
367 882 570 941 utantur)
585 890 629 924 et
646 878 812 926 AEliani
826 878 942 926 uisi.
959 878 1115 926 Anim.
1130 876 1274 934 xvn,
1287 878 1315 922 8
1331 876 1404 937 (de

160 974 287 1020 cepo.
314 956 385 1003 ef.
405 956 565 1016 Agath.
598 954 734 1016 575)
769 964 814 1001 et
845 953 990 1012 XVII,
1023 970 1053 1014 9
1079 952 1174 1014 (de
1198 966 1402 998 onocen-

160 1032 325 1093 tauro).
339 1031 443 1077 Fuit
453 1030 736 1091 Pythagoras
749 1029 826 1075 ille
844 1028 1145 1090 Euphorione
1154 1027 1404 1088 antiquior,

160 1123 244 1154 nec
265 1107 453 1153 sortasse
472 1106 683 1151 diversus
701 1120 728 1150 a
750 1104 1015 1166 Pythagora
1036 1106 1271 1149 Ptolemcei
1286 1108 1406 1161 regis

155 1182 390 1244 pra-secto,
416 1197 550 1243 quem
577 1196 762 1240 magnas
782 1195 985 1239 gemmas
1005 1179 1054 1225 in
1075 1178 1241 1224 insulis
1265 1177 1405 1223 maris

162 1259 295 1306 rubri
317 1269 421 1305 ante
445 1257 663 1303 Arabiam
680 1257 782 1303 sitis
802 1255 1031 1318 reperisse
1049 1254 1206 1317 prodit
1227 1254 1407 1300 Plinius

159 1333 384 1390 XXXVII,
410 1352 440 1395 9
456 1368 467 1378 .
501 1332 724 1379 Nonnulli
749 1332 990 1378 nominum
1013 1330 1316 1378 similitudine
1336 1346 1406 1378 se·

161 1411 286 1457 ducti
311 1419 495 1456 censent
517 1425 543 1454 a
570 1409 833 1472 Pythagora
859 1425 954 1454 non
986 1423 1085 1454 esse
1117 1406 1405 1467 distinguen-

163 1486 272 1533 durn
305 1488 629 1546 Orthagomm,
660 1485 791 1547 cujus
814 1485 968 1536 Ἰνδοὺς
999 1485 1143 1545 λόγους
1186 1495 1407 1531 memorat

162 1562 369 1610 AElianus
391 1562 508 1620 xvi,
547 1564 624 1619 35,
664 1576 893 1623 quemque
929 1560 987 1606 de
1016 1560 1219 1621 Ogyride
1255 1560 1408 1607 insula

163 1638 296 1685 sinus
318 1637 494 1683 Persici
515 1648 559 1683 et
580 1637 788 1698 Erythrae
810 1636 935 1695 regis
954 1636 1168 1697 sepulcro
1192 1650 1284 1680 una
1302 1651 1405 1681 cum

162 1712 423 1759 Onesicrito
455 1722 612 1758 testem
638 1712 770 1758 affert
786 1710 955 1757 Strabo
973 1727 1020 1772 p.
1051 1711 1159 1768 766,
1180 1721 1224 1756 et
1243 1710 1300 1755 de
1318 1710 1408 1755 alia

163 1803 215 1834 re
235 1787 543 1835 Philostratus
569 1789 618 1834 in
645 1787 737 1833 vit.
764 1787 919 1849 Apoll.
947 1786 1032 1843 III,
1053 1786 1130 1847 53,
1160 1786 1240 1847 qui
1270 1787 1406 1832 etiam

163 1880 267 1927 quae
297 1863 515 1927 deinceps
547 1864 764 1924 leguntur
805 1881 845 1912 c.
886 1864 944 1917 54
983 1878 1055 1924 sq.
1087 1862 1144 1908 de
1167 1862 1408 1909 Gedrosiae

164 1956 249 1988 ora
270 1956 330 1988 ex
349 1941 509 1988 eodem
548 1941 671 1987 fonte
692 1940 900 1986 hausisse
921 1938 1150 2002 putandus
1171 1949 1255 1999 est,
1292 1955 1405 2000 prae-

163 2017 321 2063 sertim
344 2033 485 2079 quum
524 2017 646 2063 inter
674 2016 773 2062 haec
804 2016 938 2062 etiam
962 2016 1020 2061 de
1045 2015 1407 2078 Ichthyophagis

162 2107 332 2152 pecora
366 2092 494 2152 pisce
527 2091 756 2137 alentibus
785 2106 936 2137 sermo
976 2091 1060 2147 sit,
1097 2091 1220 2151 quod
1255 2091 1405 2152 ipsum

163 2168 347 2216 laudato
379 2169 635 2228 Orthagora
670 2168 810 2213 refert
834 2166 1039 2213 AElianus
1068 2166 1096 2211 l.
1134 2167 1162 2212 l.
1190 2166 1270 2212 nis
1292 2165 1409 2211 adde

162 2246 395 2290 Philonem
426 2244 493 2291 τὸν
533 2244 830 2307 συγγράψαντα
853 2242 920 2288 τὸν
955 2244 1011 2294 εἷς
1041 2242 1258 2288 Αἰθιοπίαν
1278 2243 1406 2289 πλοῦν

164 2319 357 2381 (Strabo
376 2337 425 2383 p.
462 2322 553 2382 77)
582 2321 682 2366 sive
707 2317 932 2367 Αἰθιοπικὰ
959 2320 972 2379 (
996 2319 1214 2379 Antigon.
1242 2318 1405 2365 Mirab.

163 2411 203 2442 c.
246 2395 332 2450 145
367 2393 442 2442 ed.
487 2394 723 2440 Westerm.
741 2395 775 2454 ).
798 2418 862 2429 -
896 2392 1003 2455 Ipse
1047 2393 1408 2453 Agatharchides

162 2471 189 2530 S
215 2477 269 2523 44
291 2486 340 2532 p.
375 2470 461 2515 155
502 2470 559 2515 de
593 2481 715 2515 certa
737 2469 932 2531 quadam
956 2469 1405 2531 Ichthyophagoi-um

164 2555 297 2604 gente
328 2544 481 2590 laudat
512 2548 743 2590 Simm1‘am
785 2561 810 2589 a
847 2545 1095 2590 Ptolemaeo
1120 2544 1187 2589 111
1218 2546 1406 2591 missum

165 2620 223 2667 ad
246 2620 553 2683 explorandos
586 2621 787 2682 populos
810 2619 1069 2665 maritimos
1098 2629 1228 2665 extra
1257 2620 1408 2665 fauces

166 2697 297 2743 sinus
322 2695 526 2742 Arabici.
545 2697 635 2741 Alii
657 2705 968 2741 memorantur
983 2694 1122 2740 duces
1137 2694 1406 2740 Ptolemaeo·

168 2788 298 2828 rum,
338 2773 418 2832 qui
451 2787 559 2817 num
594 2772 729 2816 etiam
769 2770 916 2816 libros
942 2770 999 2815 de
1035 2770 1409 2832 expeditionibus

169 2849 267 2895 suis
279 2849 327 2894 in
345 2846 581 2909 publicum
603 2846 851 2903 ediderint,
869 2846 990 2892 haud
1008 2847 1170 2907 liquet.
1190 2846 1242 2892 ln
1259 2863 1411 2893 excer-

174 3053 184 3067 ‚
216 3020 266 3068 (’)
287 3019 471 3059 Aristonis
487 3019 600 3058 statio
616 3021 775 3058 vocatur
794 3029 867 3058 una
886 3029 933 3058 ex
954 3020 1012 3066 iis,
1033 3030 1116 3068 qua:
1132 3022 1239 3058 erant
1256 3019 1292 3057 in
1318 3018 1378 3056 via
1393 3028 1415 3055 a
1438 3019 1560 3067 Copto
1574 3018 1622 3057 ad
1649 3019 1852 3060 Berenicen
1872 3031 1895 3060 a
1919 3022 2017 3061 Ptol.
2040 3025 2088 3070 n,
2113 3022 2241 3063 ducta.
2267 3024 2315 3062 V.
2338 3022 2432 3062 Tab.
2450 3023 2564 3063 Peut.
2638 3017 2641 3020 ⁴

217 3075 290 3124 (“)
306 3077 389 3115 Non
406 3074 648 3114 scribendum
672 3086 752 3114 esse
765 3086 826 3124 ap.
849 3075 975 3114 strab.
995 3085 1031 3124 p.
1052 3078 1126 3115 770
1149 3078 1279 3113 contra
1305 3073 1476 3113 codicum
1498 3074 1762 3115 auctoritatem
1781 3076 1963 3127 φρούριον,
1982 3078 2179 3128 Τοσούχου
2203 3078 2275 3129 (τὸ
2299 3079 2444 3128 Σούχου
2462 3077 2575 3117 codd.
2596 3077 2692 3128 )1·
2755 3111 2756 3114 ,

165 3142 235 3182 μα,
252 3131 482 3181 nicomas
498 3133 751 3170 etcramerus
771 3132 955 3178 fecerunt,
976 3131 1094 3180 liquet
1108 3141 1155 3169 ex
1176 3130 1304 3169 Plinio.

215 3186 308 3235 (m)
331 3186 441 3236 Apud
463 3186 562 3227 Ptol.
580 3189 647 3236 w,
667 3190 706 3234 7,
726 3193 748 3226 5
764 3187 837 3226 alia
853 3187 892 3226 in
914 3187 1063 3235 regione
1080 3188 1311 3225 memoratur
1332 3184 1522 3235 Δήμητρος
1547 3190 1703 3230 σκοπιᾶς
1724 3187 1859 3238 &upon
1883 3188 1948 3227 ubi
1969 3188 2169 3236 legendum
2190 3191 2282 3238 puto
2307 3187 2547 3238 ιΔημητρίου
2569 3211 2576 3219 ·
2619 3209 2625 3218 ·
2700 3211 2707 3218 =

165 3241 293 3292 ᾰιρον.
318 3241 460 3282 Eadem
485 3243 638 3281 nomina
657 3242 695 3281 in
710 3242 868 3281 diversis
891 3253 970 3281 orae
995 3243 1085 3281 locIs
1102 3241 1294 3281 interdum
1318 3240 1497 3288 redeunt;
1522 3252 1645 3291 neque
1670 3247 1727 3282 est
1745 3254 1814 3281 cur
1835 3247 1902 3282 aut
1917 3246 2163 3284 Ptolemaeum
2184 3250 2252 3283 aut
2271 3243 2555 3284 Artemidorum
2578 3255 2620 3284 er

166 3299 356 3346 putemus.
371 3320 422 3331 —
439 3298 557 3337 Porro
577 3308 646 3347 pro
665 3298 792 3349 βωμὸς
808 3298 971 3349 Ἔρωτος
987 3308 1048 3347 ap.
1075 3297 1232 3337 Ptolem.
1242 3297 1280 3346 J.
1303 3297 1328 3334 l.
1347 3295 1591 3345 probabiliter
1611 3298 1680 3335 fuit
1700 3299 1826 3348 βωμὸς
1845 3299 2062 3348 Ἐράτωνος,
2082 3310 2201 3349 quum
2218 3299 2358 3338 insulas
2379 3300 2584 3340 Entonise
2601 3300 2656 3346 Pii
2682 3305 2699 3329 -‘

166 3353 400 3391 noverimus.
423 3352 604 3392 similiter
623 3353 853 3402 Droysenius
874 3353 1109 3392 uenenum.
1134 3354 1184 3402 ΙΙ,
1204 3362 1241 3401 p.
1260 3354 1332 3392 7⁴3
1352 3361 1420 3400 pro
1437 3352 1610 3401 Σατύρων
1622 3353 1704 3402 ὄρος
1720 3364 1781 3402 ap.
1805 3354 1901 3393 piot.
1919 3354 1943 3393 l.
1963 3356 1987 3394 Ι.
2008 3355 2079 3403 leg.
2097 3354 2311 3404 suspicatur
2326 3354 2489 3406 Σατύρου
2517 3354 2616 3406 ὄρος.
2651 3364 2660 3388 ⁸
2682 3359 2684 3361 ’

171 3407 282 3445 hilari
305 3408 419 3446 etiam
437 3409 553 3456 possit
570 3419 618 3445 an
637 3411 740 3446 recte
764 3408 928 3448 habeant
942 3409 1092 3454 Ἀθηνᾶς
1108 3412 1219 3455 νῆσος
1236 3410 1275 3447 et
1285 3408 1393 3456 λιμὴν
1407 3407 1628 3456 σῦαγγίλων.

217 3461 332 3509 (·”·)
352 3463 524 3501 Eratonis
539 3474 676 3501 nomeu
696 3462 812 3501 hahes
830 3463 867 3502 in
883 3465 927 3504 C.
950 3466 1066 3503 Inscr.
1088 3466 1117 3503 i.
1142 3465 1212 3511 m,
1230 3474 1266 3513 p.
1286 3466 1358 3502 ⁴20
1373 3465 1417 3502 N.
1434 3466 1524 3503 ⁴901
1547 3463 1585 3502 in
1604 3464 1851 3514 uiuloiempn
1871 3465 2060 3504 Pliilarum
2079 3466 2147 3505 ins.
2168 3481 2178 3504 ι
2200 3468 2460 3507 ΕΡΑΤΟΝΟΣ
2471 3465 2584 3518 [ΤΟΥ
2601 3468 2630 3507 Σ

168 3515 415 3567 ΓΕΠἿΟΥΣ...
435 3515 791 3567 ΠΡΟΣΚΥΝΗΜΑ]
810 3520 848 3556 et
863 3520 909 3558 N.
935 3521 1031 3558 ⁴902
1046 3518 1083 3558 in
1102 3519 1214 3558 titulo
1229 3518 1377 3567 mutilo,
1398 3518 1508 3567 culus
1530 3519 1679 3559 inItium
1700 3534 1710 3559 ι
1735 3522 2038 3561 ΕΡΛἸῸΝΟΣ...
2060 3523 2163 3562 ΥΝΡ
2196 3525 2238 3562 c.
2259 3525 2368 3563 ΙΣ....

169 3640 192 3664 ι
218 3626 330 3667 initio
351 3637 482 3665 versus
507 3633 528 3666 2
542 3627 682 3667 dixeris
700 3627 855 3678 quidem
877 3629 989 3670 ruisse
1003 3630 1203 3681 Θηόἀρχου
1218 3631 1285 3669 aut
1302 3634 1525 3680 στρατηγοῦ,
1545 3629 1610 3670 sed
1630 3630 1751 3670 multo
1772 3631 2002 3681 probabilius
2016 3637 2074 3672 est
2092 3634 2204 3672 fuisse
2231 3631 2480 3685 xijut’txi,
2496 3642 2532 3673 e.
2553 3642 2589 3672 c.
2610 3632 2697 3684 ἀρχι

168 3682 347 3732 ιωνὴγου,
365 3682 652 3732 ἁρχιφυλακὶτου
670 3686 744 3722 etc.
765 3699 783 3717 ι
802 3686 951 3723 Fun.
977 3686 1110 3725 Nescio
1124 3695 1172 3724 an
1187 3685 1308 3725 subsit
1323 3685 1524 3734 praefectus
1544 3687 1610 3735 qui
1630 3686 1730 3736 apud
1748 3688 1910 3726 Plinium
1938 3690 2003 3737 vl,
2032 3688 2132 3739 ³3,§
2157 3693 2222 3729 169
2237 3700 2325 3728 cum
2345 3691 2512 3729 Eratone
2530 3697 2657 3728 memo
2698 3706 2700 3710 ⁷

171 3738 254 3784 tur,
273 3739 313 3776 et
330 3746 355 3775 a
370 3746 450 3785 qno
470 3736 581 3775 dictoe
601 3737 734 3777 insulan
754 3740 878 3778 Maru
895 3739 952 3778 vei
973 3741 1117 3779 Mareu
1128 3752 1145 3787 ,·
1162 3740 1287 3789 Μαρία
1301 3744 1412 3787 νῆσος
1430 3750 1491 3790 ap.
1513 3739 1684 3790 medor,
1701 3752 1770 3781 nec
1793 3742 1864 3781 alia
1880 3745 1951 3790 est,
1971 3743 2119 3793 opinor,
2143 3744 2321 3795 Μύρωνος
2338 3748 2450 3791 νῆσος
2466 3752 2528 3793 ap.
2556 3743 2653 3783 Ptol.

168 3792 358 3832 Praxerea
374 3790 492 3830 babes
513 3792 757 3844 Διοσκορίδου
775 3794 921 3842 νῆσον(
942 3794 1032 3834 liod.
1054 3797 1221 3834 Socotra
1239 3797 1303 3844 )et
1316 3798 1498 3843 Ζηνοδίου
1513 3797 1655 3837 insulas
1673 3800 1817 3848 neptem
1833 3802 1846 3847 (
1862 3801 2158 3841 Kurra-Murra
2179 3801 2331 3850 hodie).
2347 3810 2441 3852 quas
2459 3799 2548 3840 item
2573 3811 2596 3839 a
2614 3802 2647 3841 G
2691 3828 2695 3830 -

169 3846 226 3886 ds
255 3856 396 3886 nomen
420 3848 552 3886 nactas
582 3857 663 3887 esse
701 3849 836 3897 putare
855 3849 986 3897 possis.
1009 3851 1059 3888 At
1083 3850 1165 3888 iiaec
1184 3851 1338 3889 nomina
1354 3852 1442 3892 ncta
1457 3853 1582 3902 potius
1608 3852 1655 3892 ad
1689 3855 1850 3894 aliorum
1883 3857 2181 3896 similitudinem.
2202 3859 2294 3897 Nam
2318 3855 2564 3905 Διοσκορίδου
2590 3855 2692 3896 ortu'

172 3912 220 3941 ex
240 3901 535 3949 diu-soleam,
554 3902 580 3941 i.
601 3912 635 3941 e.
666 3902 789 3942 insula
805 3903 914 3942 beata
935 3904 949 3953 (
971 3903 1182 3953 εὐδαίμονες
1200 3910 1306 3952 νῆσοι
1341 3907 1477 3956 Agatli.
1501 3906 1526 3958 ς
1550 3914 1615 3948 103
1633 3911 1672 3957 );
1701 3911 1883 3952 Ζηνοόίου
1912 3915 2040 3951 autem
2067 3913 2200 3953 insulae
2229 3922 2305 3952 nor.
2327 3922 2350 3950 a
2365 3911 2530 3951 zenobio
2549 3911 2691 3960 quoda

172 3957 300 4020 dicim,
323 3956 389 3997 sed
408 3957 459 3996 ab
486 3956 619 3998 incolis
642 3968 773 3997 earnm
795 3958 963 4007 DJenobi
986 3959 1182 3999 Arabibns.
1204 3960 1384 4000 similiter
1408 3963 1429 4000 ὀ
1454 3963 1681 4013 &panim-103
1701 3968 1737 4004 ct
1761 3967 1781 4003 ὁ
1803 3967 1969 4012 Νίκωνος
1988 3969 2120 4019 δρόμος
2134 3979 2173 4008 in
2197 3978 2276 4007 στω
2305 3966 2457 4007 Azaniae
2480 3967 2620 4005 rucrint
2638 3976 2660 4006 a
2707 3995 2710 4000 .

173 4010 256 4049 bica
281 4012 431 4051 nomina
454 4012 491 4051 ln
511 4022 633 4062 graeca
651 4011 799 4053 detorta
818 4015 889 4064 (V.
909 4019 987 4054 not.
1002 4015 1063 4054 ad.
1084 4026 1163 4065 per.
1181 4026 1232 4054 m.
1252 4018 1311 4055 Er.
1336 4028 1375 4066 p.
1398 4022 1496 4067 κθ).

1185 174 1664 224 ΡΒΟΠΞΕΟΜΕΝΑ.

2631 31 2646 49 Α»
2658 43 2667 52 ;-.
2673 41 2688 50 ,ι

2637 58 2685 79 .’5.

2645 75 2676 107 ⁴³2

2644 119 2654 123 ,
2678 105 2682 117 i

2646 124 2654 139 ;
2674 123 2678 131 5

2656 141 2662 156 2
2674 141 2678 149 .

1470 277 1563 340 ptis
1582 276 1857 339 Agatharch.
1878 278 1905 339 5
1928 277 1986 323 85
2018 294 2065 340 p.
2102 278 2185 335 175
2217 280 2384 324 mentio
2404 277 2455 324 fit
2477 278 2633 327 Aristo
2648 308 2657 333 η

1470 352 1527 399 ad
1549 352 1834 415 exploranda
1862 353 2046 400 Arabiae
2079 354 2217 400 litora
2245 355 2372 400 missi
2406 370 2432 399 a
2460 353 2637 403 Ptolem

1473 426 1838 490 (Philadelpho,
1882 438 1932 474 ut
1962 438 2072 490 puto
2087 428 2138 489 (Ἴ
2158 430 2193 489 ).
2229 429 2550 476 Artemidorus
2583 445 2643 493 ap

1472 502 1742 551 Strabonem
1762 520 1811 567 p.
1838 505 1929 565 769
1946 504 2160 566 Satyrum
2182 505 2460 552 Philoteram
2484 505 2641 553 condi

1474 594 1523 624 se
1538 588 1691 624 narrat
1710 589 1755 624 et
1776 594 1804 624 a
1824 578 2072 625 Ptolemaeo
2092 578 2136 625 ll
2156 579 2413 639 ablegatum
2439 596 2538 628 esse
2554 579 2622 627 ἐπὶ

1477 652 1727 715 διιρτύνησιν
1743 655 1815 708 τῆς
1841 655 1923 698 τῶν
1941 652 2172 715 ἐλεφάντων
2193 653 2319 715 θήρας
2338 654 2409 700 καὶ
2426 658 2499 711 τῆς
2515 657 2641 719 Τρωγ
2676 684 2681 693 5

1473 726 1654 782 δυτικῆς.
1678 726 1746 773 Ex
1777 726 1937 773 eodem
1958 728 2174 774 novimus
2199 728 2442 774 Eumedem
2466 729 2659 776 Ptolem
2678 742 2688 747 “

1473 802 1547 848 dis
1575 804 1657 848 τῶν
1689 805 1825 866 θηρῶν
1865 803 2166 850 conditorem.
2219 805 2366 850 Porro
2398 804 2640 852 Philemon
2680 830 2685 843 ·

1474 877 1763 940 praetectum,
1780 879 1904 940 quie
1918 879 2139 942 Toparon
2153 881 2303 927 insula
2320 881 2497 943 primus
2515 896 2663 943 gemm

1476 951 1533 998 ad
1554 953 1804 999 Berenicen
1839 953 2073 1001 Ptolemaei
2097 954 2141 1001 II
2178 966 2366 1002 matrem
2400 957 2568 1013 attulit,
2594 971 2652 1020 ap
2695 983 2699 995 ·

1475 1028 1680 1074 Plinium
1704 1027 1862 1076 habes.
1887 1028 2019 1076 Alios
2042 1030 2172 1077 viros
2200 1032 2290 1078 huc
2313 1033 2594 1095 pertinentes
2610 1049 2695 1096 pro

1477 1104 1594 1150 dunt
1627 1104 1817 1150 nomina
1845 1104 2126 1163 insularum,
2165 1117 2413 1167 portuum,
2439 1120 2676 1171 promont·

1480 1180 1654 1225 riorum
1670 1214 1683 1236 ,
1713 1179 2027 1242 specularum,
2051 1182 2369 1240 venationum,
2400 1184 2688 1231 castellorum

1477 1254 1713 1310 stelarum,
1732 1270 1932 1300 ararum.
1954 1254 2031 1301 Sic
2046 1270 2103 1301 ex
2119 1256 2414 1303 Artemidoro
2425 1257 2476 1304 in
2488 1258 2594 1305 sinu
2606 1260 2686 1314 Ar

1477 1329 1585 1377 bico
1627 1342 1733 1377 nota
1755 1342 1862 1377 sunt
1897 1348 1908 1376 t
1943 1332 2107 1395 Σούχου
2143 1333 2332 1396 φρούριον
2349 1333 2443 1396 (“),
2476 1334 2688 1398 Δημητρίι

1479 1407 1649 1454 σκοπιαί
1665 1408 1786 1469 (**‘),
1828 1407 2013 1460 Κόνωνος
2048 1410 2208 1471 βωμοί,
2240 1410 2403 1473 Κορᾶου
2426 1410 2616 1474 φρούριον
2648 1429 2700 1458 x·-

1479 1483 1689 1544 κυνήγιον,
1713 1482 1941 1547 Ἀντιφίλου
1975 1483 2119 1544 λιμήν,
2156 1484 2363 1545 Εὐμένους
2385 1485 2533 1547 ἄλσος,
2559 1486 2696 1534 Φιλίπ

1478 1577 1557 1605 που
1583 1562 1732 1615 νῆσος,
1770 1559 2041 1620 Πυθαγγὲλου
2065 1559 2272 1623 κυνήγιον,
2299 1572 2344 1607 et
2365 1572 2495 1608 extra
2526 1562 2678 1609 fauces

1482 1634 1595 1697 Λίχα
1622 1634 1756 1699 θήρα,
1788 1634 2003 1683 Πυθολάου
2043 1637 2314 1700 ἀκρωτήριον,
2345 1637 2518 1690 Λέοντος
2551 1637 2689 1695 exemi

1483 1711 1756 1774 Πυθαγγίλου
1777 1712 1923 1773 λιμήν,
1943 1722 1988 1758 et
2007 1713 2249 1770 Πυθολάου,
2282 1712 2474 1773 Λέοντος,
2501 1712 2701 1776 Πυθαγγί

1481 1789 1568 1845 λου,
1603 1789 1868 1851 Χαριμόρτου
1901 1790 2051 1844 στῆλαι
2074 1788 2144 1833 καὶ
2170 1788 2317 1849 βωμοί.
2350 1788 2580 1835 Praeterea
2598 1803 2657 1851 ap

1479 1865 1779 1912 Ptolemaeum
1803 1876 2115 1911 memorantur
2143 1882 2153 1909 ε
2175 1863 2391 1926 Διογένους
2404 1863 2544 1928 ἄκρον,
2563 1862 2606 1912 Ἀ
2680 1850 2726 1914 ιι)

1478 1959 1556 2004 χου
1575 1940 1729 1998 σωλήν,
1762 1940 1987 2001 Ἀγαθῶνος
2010 1944 2154 1998 νῆσος,
2176 1938 2377 2003 Μύρωνος
2391 1944 2538 2000 νῆσος,
2559 1939 2714 1993 &086²

1482 2037 1553 2082 pou
1575 2022 1715 2076 νῆσος,
1739 2018 1786 2064 in
1806 2017 1988 2064 Arabiae
2021 2035 2099 2063 ora
2124 2017 2354 2064 Σωσίππου
2370 2017 2499 2079 λιμήν
2529 2012 2574 2064 et
2589 2017 2611 2080 j
2686 2006 2736 2070 ‘2

1482 2110 1579 2140 eam
1613 2093 1871 2155 Τιμαγένους
1899 2098 2037 2150 νῆσος,
2072 2093 2320 2156 Σωκράτους
2349 2097 2492 2151 νῆσος,
2516 2104 2561 2140 et
2590 2083 2737 2157 0¹²..ss

1481 2172 1715 2231 angustias
1745 2168 2037 2231 Ἀγαθοκλέους
2066 2172 2184 2226 ν’ῆσοι
2217 2169 2303 2215 δύο.
2333 2170 2546 2230 Denique
2566 2169 2661 2216 Pl'
2683 2163 2707 2205 ⁴⁹³
2738 2232 2739 2235 Ἴ

1481 2257 1593 2293 teste
1628 2246 1738 2307 (vl,
1765 2247 1871 2308 34),
1916 2263 1947 2292 a
1972 2262 2125 2307 regum
2148 2245 2381 2307 proefectis
2415 2248 2553 2291 dictoe
2588 2242 2706 2292 Μ“

1479 2324 1497 2383 (
1521 2340 1559 2369 s.
1592 2325 1781 2383 Mareu)
1820 2326 1979 2369 iusuloe
1999 2339 2180 2383 aquosoe
2209 2334 2254 2368 et
2272 2324 2488 2369 Eratonos
2517 2323 2645 2384 (Era
2686 2313 2712 2360 ἦ

1481 2416 1525 2444 v.
1546 2399 1579 2446 l.
1600 2400 1614 2460 )
1636 2404 1831 2444 sitientes
1855 2398 1983 2463 (“*'.).
2015 2399 2118 2460 Non
2152 2398 2396 2446 omittendi
2422 2398 2622 2462 denique
2703 2426 2707 2432 «

1483 2484 1666 2520 terreno
1685 2475 1854 2520 itinere
1878 2475 2154 2537 AEthiopiam
2176 2476 2493 2538 explorarunt,
2512 2476 2651 2542 exple
2689 2460 2698 2470 “

1482 2561 1665 2613 tamque
1681 2550 2042 2612 descripserunt,
2065 2554 2242 2608 Dalion,
2268 2556 2556 2609 Aristocraten,
2584 2549 2663 2600 Bi·
2700 2552 2715 2588 -’

1480 2626 1661 2682 Basile's,
1679 2628 1930 2671 Simom'des
1950 2631 2105 2681 mitior,
2135 2642 2252 2687 quos
2276 2627 2363 2673 hoc
2378 2627 2545 2674 ordine
2566 2624 2672 2675 rece
2684 2654 2688 2671 .

1481 2709 1550 2745 set
1587 2699 1769 2746 Plinius
1788 2734 1803 2759 ,
1828 2715 2117 2761 quorumque
2149 2701 2331 2761 priores
2366 2712 2488 2749 certe
2507 2712 2668 2764 quattu
2683 2702 2691 2709 '

1479 2773 1815 2833 Agatharchide
1838 2775 2124 2836 antiquiores
2147 2787 2289 2821 erant.
2320 2774 2438 2823 Num
2470 2791 2607 2824 accen
2645 2802 2661 2818 -‹

1479 2847 1567 2894 dus
1591 2849 1651 2896 iis
1666 2849 1725 2896 sit
1748 2853 2043 2907 Damocritus,
2074 2851 2323 2898 Αἰθιοπικῶν
2343 2862 2519 2912 auctor,
2537 2854 2615 2901 in
2679 2879 2685 2889 =

2754 3505 2756 3581 4

1778 3577 1936 3616 ΙΙΔΡν
1944 3604 2112 3618 ...........
2117 3579 2200 3618 ΚΑΙ
2206 3605 2327 3618 ........
