2756 4354
112 180 211 242 (w)

117 286 329 330 σαλιωτῶν
370 284 548 329 ἄποικοι.
626 278 879 341 Παράπλους
908 281 982 333 τῆς
1023 276 1209 339 Ἰὅηρίας
1239 277 1344 323 ἑπτὰ

112 356 282 416 ’ἡμερῶν
305 352 376 398 καὶ
400 349 503 397 ἑπτὰ
527 351 701 394 νυκτῶν.

178 439 215 470 a.
241 426 416 469 ΛΙΓΥΕΣ
451 427 536 464 ΚΑΙ
574 425 763 464 ῙΒΗΡΕΣ.
781 414 881 461 Ἀπὸ
913 414 955 460 δὲ
977 414 1154 476 Ἰὅήρων
1180 413 1345 476 ἔχονται

117 491 263 552 Λίγυες
295 488 366 535 καὶ
387 487 551 548 ’16ηρες
572 485 741 546 μιγάδες
774 484 896 547 μέχρι
918 489 1108 543 ποταμοῦ
1127 483 1341 530 Ῥοδανοῦ.

119 559 367 622 Παράπλους
404 555 569 616 Λιγύων
607 554 688 600 ἀπὸ
722 553 950 616 Ἐμπορίου
985 553 1108 615 μέχρι
1149 553 1347 599 Ῥοδανοῦ

117 630 307 686 ποταμοῦ
325 625 395 670 δύο
414 628 580 688 ἡμερῶν
599 624 672 669 καὶ
697 631 792 682 μιᾶς
808 623 968 675 νυκέός.

111 711 114 714 “
175 713 214 742 4.
246 698 438 742 ΛΙΓΥΕΣ.
458 693 556 740 Ἀπὸ
582 693 781 740 Ῥοδανοῦ
805 697 993 751 ποταμοῦ
1014 691 1177 753 ἔχονται
1198 691 1348 752 Λίγυες

113 766 238 828 μέχρι
261 765 429 812 Ἀντίου.
496 762 718 824 Ἐν-ταύτῃ
739 766 789 824 τῇ
807 761 924 825 χώρᾳ
936 761 1053 814 πόλις
1070 758 1178 806 ἔστὶν
1196 761 1347 817 Ἑλλη-

109 947 295 1002 ponitur,
324 944 398 985 ubi
414 944 662 998 singularem
685 952 981 998 exspectamus.
1004 942 1067 984 Cf.
1095 946 1117 996 S
1141 946 1205 991 24.
1230 943 1298 983 31.
1326 962 1342 977 n

113 1011 326 1050 CLAUSEN.
348 1007 507 1048 Urbem
526 1006 737 1062 Ἔμπόριον
752 1021 848 1047 cum
864 1006 1027 1061 Scylace
1043 1005 1187 1046 dicunt
1205 1007 1348 1059 Scym-

113 1086 191 1112 nus
218 1073 316 1119 204,
344 1070 557 1125 Appianus
593 1070 764 1124 Hispan.
791 1084 828 1109 c.
862 1083 885 1123 7
916 1077 956 1109 et
978 1071 1057 1118 40,
1083 1068 1223 1123 Steph.
1247 1069 1344 1122 Byz.

114 1151 147 1175 s.
172 1149 230 1184 v.;
252 1133 399 1188 reliqui
415 1133 634 1187 scriptores
652 1140 723 1172 aut
744 1131 977 1187 Ἐμπορεῖον
994 1139 1143 1171 vocant
1169 1129 1183 1187 (
1202 1129 1345 1184 Polyb.

114 1199 193 1246 III,
224 1197 292 1249 39,
319 1210 359 1249 7.
380 1198 448 1250 76,
472 1208 518 1244 13
540 1193 687 1235 Strabo
708 1196 785 1244 III,
806 1209 849 1248 p.
872 1193 965 1247 159.
992 1195 1085 1243 150,
1111 1207 1194 1247 quo
1212 1201 1349 1232 tamen

109 1259 207 1299 'loeo
244 1259 369 1299 etiam
408 1255 618 1312 Ἐμπόριον
646 1257 695 1296 .in
728 1270 814 1296 var.
849 1256 942 1296 leet.
969 1255 1002 1312 ),
1031 1263 1102 1296 aut
1140 1254 1351 1309 Ἐμπορίας

116 1322 129 1377 <
155 1321 260 1362 Ρ101.
285 1322 341 1370 II,
370 1319 409 1370 5,
433 1333 477 1374 p.
507 1332 610 1368 1203
642 1319 783 1358 Livius
815 1319 934 1368 XXI,
972 1321 1039 1359 60.
1061 1318 1262 1367 XXVIII,
1295 1333 1346 1370 93

108 1384 220 1424 Mela
230 1385 285 1433 II,
305 1386 345 1432 6,
369 1380 416 1431 5;
434 1380 590 1422 Plinius
604 1381 682 1429 III,
707 1383 757 1430 43
777 1380 896 1420 Silius
910 1381 988 1430 III,
1005 1380 1102 1432 369.
1116 1380 1214 1429 XV,
1234 1378 1345 1435 176).

107 1447 232 1486 Nunc
254 1442 498 1499 AmpuriaS.
518 1442 664 1482 Iberiae
684 1450 876 1483 extremae
895 1442 995 1482 urbs
1011 1441 1261 1482 adscribitur
1279 1455 1345 1496 ap.

109 1507 328 1562 Polybium
358 1513 399 1545 et
419 1503 693 1553 Strabonem;
719 1505 922 1557 Ligurum
944 1518 1026 1544 orae
1053 1502 1232 1558 primam
1264 1518 1350 1545 esse

111 1566 256 1607 urbem
275 1568 476 1621 Scymnus
492 1569 573 1615 204
593 1565 696 1606 dicit
706 1565 891 1616 ;÷Celtic'a
906 1573 1076 1606 vocatur
1090 1579 1157 1621 ap.
1181 1565 1350 1620 Stepha-

113 1644 228 1670 num.
241 1633 277 1672 A
290 1629 492 1670 columnis
501 1628 554 1669 ad
570 1643 662 1669 eam
676 1627 871 1683 Polybius
886 1635 1054 1683 exputat
1069 1626 1200 1668 stadia
1211 1641 1321 1682 7200
1334 1644 1346 1679 ;

110 1707 252 1733 revera
266 1701 363 1747 sunt
378 1691 462 1732 fere
479 1695 587 1733 6600
601 1707 612 1742 ;
630 1692 768 1746 itaque
782 1691 827 1731 in
843 1690 954 1731 diem
965 1690 1213 1745 noctemque
1228 1689 1349 1731 dinu-

111 1754 307 1797 meranda
328 1755 464 1795 forent
487 1757 568 1808 940
600 1753 751 1804 stadia;
784 1753 898 1808 quod
932 1755 1028 1795 satis
1054 1753 1231 1808 quadrat
1253 1768 1349 1794 cum

105 1827 306 1873 computo
324 1817 529 1872 ScylaceO,
552 1831 636 1871 quo
665 1806 775 1856 1οᾗΙο
808 1815 1037 1857 stadiorum
1062 1825 1123 1856 est
1142 1817 1348 1870 navigatio

105 1880 192 1921 diei
215 1881 443 1934 noctisque.
465 1879 623 1932 [Semel
639 1880 847 1919 monuisse
863 1878 1041 1919 sufficiat
1052 1878 1183 1919 stadia
1198 1893 1273 1918 nos
1293 1879 1350 1919 ita

107 1951 365 1999 computare,
391 1951 434 1983 ut
466 1946 547 1983 600
569 1941 744 1995 gradum
766 1941 947 1982 efficiant
973 1942 1307 1997 geographicum.
1334 1945 1348 1995 ]

166 2008 187 2058 §
224 2007 263 2046 3.
293 2005 484 2060 Λιγύων
518 2004 608 2045 ἀπὸ
631 2007 645 2056 ]
670 2003 744 2045 ἀπὸ
767 2004 906 2059 Λίγυος
938 2003 1070 2044 codex
1113 2006 1226 2054 Par.;
1263 2019 1344 2045 em.

106 2068 294 2108 Vossius.
316 2068 383 2109 Ad
402 2067 651 2108 Rhodanum
670 2081 800 2122 usque
818 2075 915 2107 sunt
938 2068 1047 2108 circa
1070 2066 1176 2108 1550
1192 2066 1344 2117 stadia;

70 2166 74 2171 .
104 2129 301 2183 Polybius
316 2132 392 2180 ΙΙΙ,
412 2131 480 2183 39,
501 2145 523 2183 7
542 2127 594 2177 ad
612 2132 717 2170 1600
739 2137 942 2169 numerat.
962 2130 1155 2169 Ceterum
1169 2129 1347 2169 Iberiam

107 2190 180 2231 ὑπὸ
215 2196 289 2231 τῶν
321 2193 513 2246 προτέρων
542 2195 667 2232 πᾶσαν
697 2189 768 2242 τὴν
794 2190 865 2238 ἔξω
891 2194 959 2231 τοῦ
989 2189 1175 2230 Ῥοδανοῦ
1195 2190 1347 2232 dictam

103 2267 193 2293 esse
211 2262 382 2294 testatur
399 2254 544 2295 Strabo
559 2257 637 2305 III,
657 2269 696 2294 v.
725 2257 818 2294 166.
839 2252 1089 2293 Rhodanum
1104 2253 1249 2293 Iberiae
1268 2254 1346 2293 ssu-

109 2317 222 2356 vium
241 2316 342 2357 dicit
361 2317 574 2372 AEschylus
595 2332 661 2372 ap.
685 2316 793 2357 Plin.
812 2317 1034 2365 XXXVII,
1057 2329 1074 2355 1
1086 2329 1102 2355 1
1118 2332 1128 2365 ;
1151 2324 1348 2370 tanquam

108 2379 333 2419 terminum
356 2381 474 2434 ponit
493 2394 541 2419 ex
562 2380 741 2433 antiquis
757 2377 1028 2433 scriptoribus
1057 2379 1239 2418 Avienus
1268 2380 1342 2419 Or.

105 2455 212 2480 mar.
247 2443 326 2482 608
349 2455 357 2481 ;
376 2442 517 2496 Hujus
539 2441 552 2497 (
570 2441 759 2481 Rhodani
777 2440 790 2496 )
813 2442 929 2481 alveo
954 2441 1077 2480 Ibem
1091 2440 1210 2480 tellus
1226 2449 1349 2495 atque

105 2504 256 2557 Ligyes
294 2504 431 2560 asperi
467 2504 777 2545 intersecctntu1·.
808 2504 874 2544 Ab
908 2504 1032 2544 altera
1064 2511 1201 2542 autem
1223 2511 1348 2563 *parte

105 2566 274 2619 probari
295 2567 417 2606 etiam
435 2574 570 2620 potest
586 2567 757 2620 Ligures
776 2565 877 2606 olim
895 2580 1025 2620 usque
1050 2563 1102 2605 ad
1131 2566 1348 2619 Pyrenaeos

102 2630 366 2682 pertinuisse.
388 2630 494 2668 Nam
516 2629 729 2670 Hecataeus
750 2638 960 2682 tamquam
981 2628 1232 2682 Ligysticam
1252 2642 1348 2680 gen·

33 2729 42 2738 Α
109 2698 190 2730 tem
207 2699 410 2730 memorat
427 2689 650 2738 Ἔλισύκους
669 2690 681 2747 (
699 2705 738 2731 v.
761 2692 818 2731 St.
841 2693 937 2745 Byz.
957 2705 990 2730 s,
1007 2705 1046 2730 v.
1063 2689 1127 2730 Cf.
1142 2690 1344 2731 Herodot.

106 2754 224 2802 VIII,
247 2753 346 2802 1653
377 2753 629 2805 Theognost.
656 2755 698 2793 in
715 2754 897 2794 Cramer.
922 2751 1081 2794 Anecd.
1106 2752 1172 2802 ΙΙ,
1198 2766 1241 2806 p.
1275 2757 1342 2803 60,

112 2819 183 2865 14;
216 2818 366 2856 Zonar.
396 2830 439 2870 p.
473 2816 606 2871 682).
632 2817 795 2856 Horum
830 2830 927 2856 vero
959 2823 1082 2869 caput
1105 2815 1345 2855 Narbonem

104 2876 230 2917 fuisse
251 2877 371 2918 docet
402 2879 585 2919 Avienus
620 2879 698 2927 584
724 2892 733 2919 ε
753 2882 859 2919 Gens
885 2879 1099 2932 Elesycum
1112 2876 1237 2932 prius
1260 2878 1348 2917 loca

109 2939 192 2979 lzcec
206 2941 378 2989 tenebat,
396 2950 517 2996 atque
529 2941 672 2982 Narbo
687 2941 842 2981 civitas
854 2951 943 2981 erut
946 2939 1105 2992 ferocis
1120 2939 1347 2980 maximum

109 3003 220 3051 regni
241 3014 382 3060 caput.
408 3007 511 3057 Quae
538 3004 590 3045 cle
622 3004 748 3045 feroci
777 3019 904 3058 regno
927 3005 1110 3045 Avienus
1139 3003 1278 3054 habet,
1304 3004 1347 3044 id

104 3063 295 3117 ,pluribus
323 3068 492 3121 exponit
522 3067 641 3107 Silius
663 3067 827 3107 Italicus
858 3068 942 3116 III,
980 3070 1089 3116 442;
1124 3074 1166 3106 at
1185 3075 1347 3119 gentem

110 3127 301 3180 Bebryces
326 3138 465 3179 vocat,
496 3144 599 3183 quos
629 3131 671 3169 in
693 3130 955 3170 Narbonensi
980 3129 1184 3170 habitasse
1203 3128 1343 3169 tradit.

112 3190 193 3228 Dio
218 3191 376 3231 Cassius
395 3206 461 3246 ap.
482 3194 672 3232 Tzetzem
701 3192 754 3232 ad
783 3195 882 3247 Lyc.
909 3192 987 3232 516
1021 3205 1030 3232 :
1059 3191 1158 3231 Δίων
1184 3191 1224 3232 δὲ
1248 3191 1346 3232 Κοκ-

108 3251 260 3298 .κειανὶ)ς
277 3253 362 3300 τοὺς
378 3254 672 3308 Ναρδωνησιόυς
686 3256 874 3310 Βέὸρυκας
892 3255 1014 3310 λέγει,
1036 3256 1192 3310 γράφων
1211 3254 1342 3302 οὕτως·

110 3331 134 3349 ⁴«
162 3314 245 3353 Τῶν
275 3316 392 3355 πάλαι
413 3317 478 3371 μὲν
499 3318 714 3373 Βεὸρὺκων,
743 3322 808 3359 νῦν
831 3318 871 3359 δὲ
887 3318 1175 3373 Ναρὸωνησίων
1202 3317 1283 3358 ἐστὶ
1302 3318 1346 3358 τὸ

114 3376 331 3430 Πυρηναῖον
351 3379 448 3432 ὄρος.
477 3398 492 3418 »
520 3379 586 3421 Id.
615 3381 718 3422 1305
741 3394 751 3422 z
780 3381 984 3435 Βὲὅρυκες,
1016 3380 1124 3428 ἔθνος
1140 3380 1342 3431 Γαλατῶν,

88 3452 90 3454 ·
116 3438 255 3492 μεταξὺ
274 3440 448 3493 Πυρήνης
465 3442 530 3482 καὶ
548 3443 762 3497 Κεραυνίων
788 3442 802 3499 (
827 3443 1077 3498 Κερρητανῶν
1107 3442 1219 3497 conj.
1236 3444 1342 3484 Gail.

107 3501 165 3540 ad
186 3502 351 3554 Scymn.
373 3515 468 3551 200,
495 3504 701 3559 Κεμμένων
718 3507 928 3546 Letronne
950 3507 994 3546 in
1016 3508 1160 3546 Journ.
1186 3505 1228 3546 d.
1247 3506 1344 3546 Suv.

120 3566 223 3616 1829
242 3578 283 3617 p.
308 3577 398 3613 112,
423 3566 622 3618 probante
638 3568 797 3609 Ukerto
812 3570 869 3618 II,
895 3581 936 3619 2,
954 3583 997 3623 p.
1022 3567 1128 3624 375)
1154 3568 1219 3608 καὶ
1244 3567 1347 3620 ’16η-

86 3625 93 3633 ’
115 3625 195 3677 ρίας
204 3625 395 3678 κείμενον,
414 3626 453 3664 οἳ
467 3627 954 3684 καλοῦνταιΝαρδωνήο-ιοι
969 3629 1048 3684 (Cf.
1063 3632 1213 3671 Zonar.
1227 3632 1346 3681 VIII,

116 3700 163 3725 21
187 3686 218 3742 ).
245 3688 472 3741 Stephanus
504 3690 693 3743 ambigue
718 3692 890 3746 loquens
918 3692 1121 3747 Bebryces
1144 3707 1230 3733 esse
1249 3692 1350 3734 dicit

109 3744 217 3803 ’.ταρὰ
247 3751 328 3795 τοῖς
348 3749 734 3803 ἼδηρσινμΑνίεηυε
752 3761 890 3793 autem
917 3767 956 3793 v.
979 3754 1059 3802 485
1075 3754 1276 3809 Bebryces
1306 3755 1349 3794 in

115 3811 258 3852 Iberiae
277 3812 487 3851 montibus
506 3812 557 3852 ab
577 3827 650 3853 ora
664 3815 954 3854 remotioribus
977 3829 1102 3870 supra
1121 3817 1253 3871 Tyrin
1272 3817 1349 3857 flu-

116 3874 226 3913 vium
258 3875 556 3929 septentriones
577 3889 718 3915 versus
743 3876 945 3932 collocat(
971 3877 1036 3917 Cf.
1070 3878 1215 3919 Ukert.
1241 3881 1297 3929 ΙΙ,
1328 3893 1345 3919 1

111 3949 157 3989 p.
180 3937 258 3984 483
282 3936 313 3991 ).
341 3937 512 3991 Srymus
531 3951 698 3992 quoque
714 3950 795 3979 200
827 3952 916 3992 sqq.
938 3938 1139 3994 Bebryces
1156 3941 1199 3981 in
1220 3940 1350 3982 medi·

110 4000 311 4040 terraneis
331 3999 457 4040 ἐπάνω
489 4004 565 4041 τῶν
588 3998 748 4055 Ἰδήρων
777 4002 915 4055 ponit3
936 4002 984 4054 'in
1005 4001 1090 4056 ipsa
1118 4011 1255 4044 autem
1276 4017 1349 4044 ora

281 4075 414 4112 000011.

1220 177 1539 227 maletus,
2585 204 2641 242 17

1414 289 1729 330 Massiliensium
1743 289 1894 330 coloni.
1954 292 2311 345 Praeternavigatio
2327 295 2469 337 Iberiae
2485 307 2543 339 est
2557 315 2645 355 sep-

1416 364 1499 397 tem
1514 357 1676 398 dierum
1690 358 1928 413 septemque
1943 359 2144 399 noctium.

1474 426 1514 466 3.
1548 428 1740 467 Lmumzs
1761 443 1812 468 m·
1834 429 1999 468 Issssans.
2026 429 2128 468 Post
2149 427 2287 468 Iberes
2322 442 2547 484 sequuntur
2577 439 2645 476 Li·-

1419 506 1539 545 gures
1559 502 1599 534 et
1622 494 1760 535 Iberes
1792 495 1911 535 mixti
1940 509 2070 549 usque
2103 493 2157 535 ad
2181 495 2430 538 Rhodanum
2460 500 2643 542 fluvium.

1396 566 1398 569 ’
1418 563 1777 615 Praeternavigatio
1802 564 2003 617 Ligurum
2035 563 2087 604 ab
2118 565 2318 618 Emporio
2332 579 2462 620 usque
2476 568 2526 608 ad
2541 570 2648 609 Rho-

1420 629 1577 671 danum
1598 630 1772 671 fluvium
1787 630 1968 671 duorum
1984 631 2146 672 dicrum
2172 640 2213 672 et
2227 634 2349 674 unius
2364 638 2509 676 noctis.

1476 701 1517 746 4.
1551 700 1761 739 meuzs.
1795 700 1894 739 Post
1926 698 2177 739 Rhodanum
2206 700 2378 742 fluvium
2424 714 2651 758 sequuntur

1419 767 1591 820 Ligures
1609 780 1740 821 usque
1765 765 1818 806 ad
1843 766 2032 807 Antium.
2091 768 2142 807 In
2177 767 2255 808 hae
2283 771 2446 823 regione
2469 773 2566 813 urbs
2592 784 2652 815 cst

1420 950 1514 997 post
1540 942 1680 982 Iberes
1700 951 1884 983 recenset
1913 944 2102 997 Ligures,
2123 956 2302 997 quorum
2328 947 2459 999 prima
2485 949 2584 989 urbs
2600 952 2652 991 sit

1421 1004 1683 1059 Emporium.
1700 1004 1818 1045 Idem
1834 1007 1972 1046 tamen
1983 1004 2121 1060 paullo
2135 1013 2229 1059 post
2239 1015 2376 1046 narrat
2384 1009 2651 1052 Massilienses

1423 1066 1605 1115 ἐλθόντας
1627 1066 1678 1115 εἰς
1701 1066 1868 1123 ’16ηρίαν
1902 1067 2136 1109 condidisse
2165 1068 2351 1121 Agathen
2370 1078 2410 1110 et
2432 1071 2652 1114 Rhodanu-

1421 1129 1524 1169 siam
1536 1160 1547 1179 ,
1571 1137 1619 1169 ut
1634 1128 1807 1170 eandem
1822 1131 2034 1184 regionem
2051 1128 2180 1170 modo
2199 1130 2399 1184 Ligurum
2417 1133 2541 1174 modo
2563 1137 2653 1176 Ibe-

1421 1191 1526 1231 riam
1554 1190 1679 1232 dicat.
1716 1193 1814 1233 Haee
1842 1194 1968 1246 igitur
1996 1192 2136 1233 omnia
2157 1192 2369 1246 quomodo
2402 1197 2654 1240 concilianda

1422 1254 1504 1294 sint
1522 1254 1664 1309 Scylax
1694 1263 1835 1295 noster
1865 1254 2002 1307 docet,
2037 1255 2187 1295 mixtos
2214 1255 2273 1295 ihi
2292 1256 2494 1298 habitasse
2515 1259 2654 1301 dicens

1423 1317 1644 1370 Liguribus
1662 1317 1816 1359 Iberes.
1837 1318 1998 1359 Eodem
2014 1318 2173 1359 ducunt
2189 1332 2279 1373 quae
2293 1319 2556 1374 Thucydides
2577 1325 2652 1373 VI,

1423 1391 1448 1418 2
1480 1379 1629 1434 aliique
1663 1389 1833 1421 narrant
1863 1380 1915 1421 de
1943 1380 2192 1433 Liguribus,
2229 1381 2302 1435 qui
2327 1381 2493 1421 Sicanos
2523 1384 2655 1425 Sicani

1422 1441 1537 1482 fluvii
1562 1443 1719 1484 accolas
1740 1457 1791 1483 ex
1812 1443 1954 1484 Iberia
1982 1443 2237 1499 pepulerint,
2258 1444 2344 1483 sive
2376 1458 2471 1484 cum
2500 1445 2656 1486 Ukerto

1425 1502 1439 1559 (
1458 1506 1514 1555 II,
1537 1518 1574 1555 1,
1598 1508 1694 1554 244.
1727 1506 1807 1555 483
1828 1505 1842 1562 )
1865 1514 2018 1547 51311135
2051 1507 2197 1561 Ligyes
2226 1506 2291 1546 vel
2311 1506 2420 1547 ultra
2441 1509 2655 1562 Pyrenaeos

1422 1566 1539 1608 sedes
1557 1568 1750 1609 habuisse
1774 1569 2024 1624 Sicanosque
2046 1568 2099 1609 ad
2117 1569 2286 1609 Iberum
2305 1569 2478 1610 fluvium
2509 1570 2571 1611 vel
2600 1572 2651 1612 ad

1422 1629 1524 1671 hod.
1542 1633 1684 1672 Xucur
1703 1630 1717 1688 (
1741 1631 1833 1672 coll.
1852 1633 2012 1674 Avieno
2032 1633 2111 1681 483
2137 1631 2151 1688 )
2174 1631 2416 1686 quaerendos
2440 1647 2524 1673 esse
2539 1665 2549 1683 ,
2575 1636 2656 1675 sive

1420 1701 1540 1746 putes
1567 1693 1713 1734 Iberiae
1750 1695 1919 1735 nomine
1941 1693 2115 1735 indicari
2147 1695 2356 1747 regionem
2391 1695 2499 1735 inter
2532 1698 2653 1750 Pyre-

1420 1770 1532 1796 naeos
1551 1764 1592 1797 et
1617 1755 1868 1797 Rhodanum
1889 1755 2164 1812 interjectam,
2187 1758 2461 1812 Sicanumque
2485 1757 2655 1798 fluvium

1421 1832 1508 1859 non
1527 1818 1738 1860 diversum
1759 1834 1846 1860 esse
1868 1834 1892 1861 a
1909 1821 2118 1875 Sequana,
2151 1821 2211 1860 uti
2242 1820 2355 1860 haud
2377 1820 2656 1875 improbabili-

1421 1889 1486 1922 ter
1497 1890 1664 1923 censent
1680 1882 1836 1924 Gailius
1855 1882 1908 1923 ad
1923 1884 2088 1937 Scymn.
2109 1883 2206 1932 203,
2229 1882 2457 1923 Grotesend
2472 1886 2512 1923 A
2517 1884 2596 1924 lt-J
2597 1895 2657 1924 ta·
2677 1928 2679 1931 v

1422 1943 1502 1984 lien
1516 1946 1552 1994 I,
1569 1959 1612 2000 p.
1633 1949 1672 1986 6.
1687 1947 1764 1996 IV,
1783 1960 1825 2000 p.
1840 1948 1864 1994 4
1881 1960 1971 2000 sqq.
1988 1940 2340 1999 ForbigerGeogr.
2363 1947 2439 1996 III,
2457 1960 2500 2001 p.
2522 1946 2560 1997 5,
2575 1956 2652 1988 etc.

1422 2006 1584 2058 Quodsi
1607 2006 1787 2061 denique
1809 2007 2027 2062 Polybius,
2062 2008 2098 2056 I,
2133 2021 2199 2061 17,
2222 2010 2262 2055 4.
2291 2009 2353 2047 III
2376 2008 2443 2057 34,
2471 2022 2535 2062 17,
2557 2008 2655 2049 dicit

1421 2070 1777 2123 Carthaginienses
1797 2070 1897 2110 olim
1919 2068 2040 2126 (ante
2063 2069 2244 2124 expedit.
2259 2070 2498 2110 Hannibalis
2515 2071 2528 2126 )
2551 2086 2656 2111 mer-

1421 2133 1606 2172 cenarios
1618 2133 1807 2173 habuisse
1819 2133 1972 2182 Iberes,
1988 2133 2119 2173 Celtas
2135 2141 2174 2173 et
2190 2133 2358 2184 Ligures
2377 2150 2389 2173 .·
2403 2134 2470 2173 vix
2482 2133 2655 2174 dubium

1421 2203 1482 2234 est
1504 2196 1606 2248 quin
1625 2195 1668 2235 id
1694 2195 1746 2235 de
1786 2195 2023 2248 Liguribus,
2048 2196 2119 2249 qui
2147 2195 2198 2235 ab
2223 2195 2436 2236 occidente
2465 2196 2653 2236 Rhodani

1420 2256 1464 2297 ss.
1482 2265 1614 2307 erant,
1628 2258 1797 2311 intelligi
1814 2257 2004 2307 voluerit,
2026 2265 2221 2296 monente
2234 2257 2474 2308 Letronnio,
2491 2261 2654 2298 Poe'mes

1417 2320 1571 2370 geogr„
1593 2334 1636 2374 p.
1659 2319 1752 2360 185.

1477 2382 1735 2436 54.·μέχρι’
1767 2380 1960 2421 Ἀντίου
1988 2383 2003 2434 ]
2032 2399 2048 2415 α
2081 2379 2342 2420 Vocabulum
2369 2379 2512 2421 Ἀντίου
2540 2382 2652 2422 nullo

1419 2453 1540 2498 pacto
1562 2444 1631 2484 hic
1664 2444 1883 2484 subsistere
1912 2451 2060 2498 potest.
2086 2442 2228 2483 Scribo
2252 2443 2378 2496 igitur
2394 2444 2549 2498 ubique
2574 2444 2654 2499 ’Άρ-

1421 2520 1502 2546 νου.
1527 2522 1543 2543 »
1564 2507 1826 2546 CLUVERIUS.
1849 2504 1975 2557 Quod
1994 2505 2143 2545 merito
2154 2519 2351 2559 respuens
2371 2506 2649 2548 GRONOVIUS:

1427 2587 1442 2601 α
1468 2570 1571 2622 Ipsae
1588 2567 1729 2617 literae,
1750 2568 1899 2621 inquit,
1924 2566 2107 2607 offerunt
2123 2565 2292 2616 Ἀλπίου,
2312 2566 2396 2605 51νο
2411 2567 2468 2606 113
2486 2580 2654 2608 vocave-

1420 2630 1474 2670 rit
1492 2638 1724 2670 extremum
1740 2630 2040 2669 maritimarum
2054 2628 2221 2683 Alpium
2237 2629 2321 2668 sive
2335 2628 2471 2683 ipsum
2486 2628 2653 2670 Albium
2670 2670 2674 2674 ,

1420 2693 1681 2732 1111001οἰ1010
1706 2691 1720 2748 (
1741 2690 1842 2732 hod.
1875 2694 1919 2732 V
1916 2691 2118 2731 entimilla
2137 2690 2168 2746 ).
2198 2710 2215 2726 n
2239 2689 2290 2731 Id
2311 2690 2542 2745 probarunt
2556 2693 2654 2732 Gai-

1420 2754 1497 2794 lius
1517 2753 1569 2794 ad
1588 2754 1631 2794 h.
1660 2754 1707 2804 1.,
1728 2753 1970 2794 Clausenius
2001 2760 2041 2792 01
2062 2753 2105 2792 10
2130 2752 2289 2806 mappis
2309 2752 2393 2792 suis
2410 2752 2649 2808 Kiepertus.

1420 2816 1715 2857 Valckenarius
1730 2817 1774 2856 in
1791 2817 1935 2867 Ge'ogr.
1956 2829 2048 2855 auc.
2064 2814 2112 2854 de
2129 2814 2169 2853 Ια
2185 2813 2328 2863 Gaule,
2343 2822 2446 2854 tom.
2464 2816 2500 2865 I,
2518 2830 2560 2870 p.
2584 2817 2651 2867 33,

1420 2879 1595 2918 Antium
1633 2877 1786 2918 codicis
1820 2878 1952 2918 nostri
1981 2892 2067 2918 esse
2103 2877 2292 2917 Genuam
2324 2877 2549 2931 suspicatus
2571 2887 2629 2918 est
2640 2895 2651 2928 ;

1420 2939 1557 2980 locum
1573 2940 1751 2995 aliquem
1769 2939 1883 2980 haud
1911 2939 2032 2993 longe
2050 2953 2072 2979 a
2094 2939 2241 2979 Genua
2270 2937 2459 2979 dissitum
2480 2938 2654 2980 indicari

1421 3004 1581 3043 censuit
1596 3003 1846 3043 Letronnius
1862 3001 2032 3057 (Journ.
2047 3001 2090 3041 cl.
2105 3005 2202 3041 Sav.
2222 3002 2343 3051 1826,
2359 3015 2403 3055 p.
2419 3001 2516 3057 84).
2532 3002 2654 3043 Haud

1420 3065 1478 3105 ita
1499 3067 1718 3106 sensissent
1747 3066 1825 3105 viri
1853 3063 1988 3114 docti,
2021 3064 2054 3103 si
2076 3064 2299 3117 Scymnum
2318 3062 2467 3103 Chium
2491 3078 2654 3118 compa-

1420 3136 1602 3178 rassent,
1623 3129 1693 3182 qui
1718 3142 1767 3167 ex
1794 3127 1995 3167 similibus
2014 3124 2280 3179 ejusdemque
2310 3125 2437 3165 aetatis
2470 3125 2652 3166 sontibus

1420 3190 1614 3230 hauriens
1636 3189 1826 3244 proxime
1845 3187 1897 3228 ad
1911 3189 2110 3228 Nostrum
2126 3186 2227 3226 solet
2249 3185 2456 3226 accedere.
2471 3189 2510 3226 Is
2529 3188 2652 3240 igitur

1421 3267 1460 3292 v.
1485 3256 1565 3293 216
1587 3260 1839 3307 postremam
1870 3250 2084 3303 Ligysticae
2102 3248 2280 3301 regionis
2302 3247 2447 3288 urbem
2466 3249 2652 3289 Graecam

1420 3329 1507 3355 esse
1526 3315 1582 3355 ait
1616 3313 1843 3354 Ἄντίπολιν.
1881 3313 1972 3352 Ηο0
1990 3312 2126 3365 ipsum
2148 3311 2191 3350 in
2213 3309 2375 3364 Scylace
2403 3311 2548 3364 reponi
2566 3311 2653 3351 vult

1419 3377 1616 3427 Ukertus,
1638 3377 1850 3430 scripturae
1876 3372 2123 3428 compendio
2142 3387 2225 3427 quo
2253 3386 2335 3412 vox
2362 3372 2472 3420 πόλις
2495 3376 2652 3414 exarari

1420 3440 1536 3489 solet,
1557 3439 1711 3479 sactum
1742 3451 1828 3477 esse
1847 3450 2016 3476 censens
2035 3444 2082 3475 ut
2114 3449 2166 3475 ex
2203 3433 2450 3482 Ἀντιπόλεως
2475 3437 2653 3476 oriretur

1426 3501 1584 3542 Ἇντίου.
1606 3503 1694 3554 Ego
1714 3514 1810 3540 cum
1841 3499 1976 3540 Gailio
1995 3497 2047 3538 ad
2066 3499 2230 3553 Scymn.
2258 3498 2287 3538 l.
2311 3498 2340 3538 l.
2365 3498 2571 3552 vulgatam
2590 3514 2651 3539 re-

1419 3565 1521 3620 liqui
1542 3566 1760 3611 intactam;
1795 3577 1892 3603 nam
1923 3562 2185 3601 notissimum
2206 3561 2307 3602 illud
2341 3560 2649 3616 compendium,

1421 3628 1462 3667 in
1493 3628 1636 3681 quavis
1658 3626 1764 3666 linea
1783 3625 1976 3674 obvium,
2013 3632 2156 3664 nostro
2175 3625 2435 3678 potissimum
2467 3623 2557 3664 loco
2592 3633 2654 3664 ter

1421 3705 1506 3730 esse
1520 3689 1752 3743 neglectum
1777 3686 1890 3728 haud
1916 3686 2063 3737 cred0;
2095 3687 2225 3727 immo
2241 3701 2332 3741 quae
2362 3686 2484 3739 vulgo
2503 3685 2653 3725 dicitur

1426 3752 1635 3799 Ἀντίπολις
1648 3783 1659 3802 ,
1681 3765 1770 3791 eam
1792 3750 1940 3791 ’Άντιον
1962 3750 2113 3790 Noster
2139 3748 2260 3799 dixit,
2282 3749 2398 3789 sicuti
2420 3762 2460 3787 v.
2482 3762 2518 3786 0.
2545 3746 2650 3796 ἊΟη-
2689 3745 2691 3747 ’

1421 3815 1596 3864 νόπολις,
1621 3813 1937 3855 Massiliensium
1972 3811 2134 3853 colonia
2158 3811 2346 3868 (Plinius
2367 3812 2442 3859 III,
2467 3809 2513 3858 53
2546 3808 2652 3848 Mela

1419 3879 1476 3927 II,
1497 3878 1518 3917 5
1536 3876 1568 3932 ),
1593 3876 1645 3917 ab
1663 3876 1751 3916 aliis
1774 3875 1998 3916 vocabatur
2022 3871 2173 3924 Ἀθῆναι
2195 3872 2208 3928 (
2227 3874 2362 3912 Varro
2385 3873 2446 3911 De
2464 3870 2561 3922 ling.
2578 3869 2647 3909 lat.

1419 3941 1518 3990 VII,
1549 3941 1615 3980 18.
1637 3939 1830 3993 Stephan.
1848 3939 1945 3992 Byz.
1967 3950 2008 3976 V.
2039 3934 2210 3986 Ἀθῆναι·
2232 3934 2399 3987 Τετάρτη
2417 3963 2427 3980 ,
2446 3931 2595 3985 Λιγύων
2616 3930 2649 3986 ).

1420 4004 1468 4043 10
1490 4001 1636 4043 eodem
1654 4001 1794 4043 Galliae
1809 4008 1943 4041 tractu
1958 3996 2104 4038 similia
2121 3996 2286 4038 urbium
2308 3996 2477 4036 nomina
2498 3993 2623 4034 habes
2638 4007 2652 4036 ;

2462 4075 2481 4093 ·)

2463 4093 2483 4104 «ι
