2756 4354
28 270 215 319 {carum
238 255 438 316 epitome
451 251 606 297 eadem
625 265 759 310 quam
785 249 930 294 codex
951 251 1040 303 443
1068 250 1174 297 Par.
1198 250 1282 295 ha-

26 320 148 378 f'bet.
172 331 354 376 Titulus
378 328 434 373 ad
454 328 589 372 finem
608 326 818 384 legitur:
848 324 1060 386 Ἰσιδώρου
1085 327 1290 388 Χαρακη-

11 395 14 415 ‘
55 409 124 450 νοῦ
149 402 322 463 σταθμοὶ
347 400 564 463 Παρθικοί.
592 400 724 445 Cetei
729 416 804 445 um
834 400 978 479 codex
1003 400 1128 456 571
1115 417 1164 445 111
1184 402 1289 446 11ιιΙ-

6 482 198 537 ,nullis
217 478 373 524 codice
398 479 486 530 443
512 477 767 522 accuratim
787 487 868 523 est.

121 572 164 600 2.
194 553 373 598 Isidoro
399 551 711 612 subjiciuntm
733 551 959 612 Excerpta
984 567 1010 596 e
1049 551 1289 597 Strabonis

3 608 31 682 ‘51
22 630 395 696 geographicis,
414 630 541 674 nulla
561 624 769 688 pr'aefixa
768 644 916 688 neque
936 628 993 674 ad
1014 629 1181 673 calcem
1206 645 1288 689 po-

0 725 44 780 ᾗ
35 702 142 753 sita
177 705 501 765 inscriptione,
551 714 595 748 et
637 704 842 762 neglecta
886 704 1005 748 serie
1062 702 1287 748 librorum

5 778 383 838 *Strabonianm
386 795 487 834 um
533 778 614 839 qui
652 779 702 823 in
726 778 965 839 Excerptis
1006 778 1069 822 ita
1093 794 1141 823 se
1166 780 1289 823 exci-

7 842 1211 920 piant·XV1.XV11.vl1-XV1.X1.Pann1h1sunt
1234 869 1291 898 ex

22 930 260 992 ῙΡΙεῐιίοιῈ
302 944 466 991 opere,
509 929 643 989 quale
677 928 851 974 codicis
888 928 1288 988 Heidelbeigensis

17 1001 414 1052 *Clnestomathia
442 1005 751 1050 Straboniana
785 1004 995 1060 exhibet,
1038 1004 1283 1066 discerpta.

23 1073 313 1128 ”Pal-isinum
349 1083 521 1127 librum
557 1098 660 1126 cum
691 1080 1076 1140 Heidelbergense
1096 1082 1291 1126 contulit

51 1157 325 1213 Bredovius,
344 1172 402 1200 ex
418 1156 545 1215 cnjus
565 1155 743 1200 schedis
763 1155 1017 1199 variantem
1042 1154 1285 1201 lectionem

52 1233 185 1277 affert
204 1231 588 1290 Bernhardyusin
605 1231 808 1276 Analect.
837 1246 883 1289 p.
910 1231 965 1274 32
990 1245 1061 1288 sq.
1090 1228 1154 1273 Ea
1173 1245 1282 1275 usus

1098 148 1179 193 DE
1215 147 1540 195 CODICIBUS-

2515 187 2582 219 XV

1353 251 1419 296 Κι
1422 268 1601 299 amerus
1616 253 1681 298 ita
1694 254 2037 314 habet(Strabo
2054 271 2161 307 tom.
2175 263 2242 308 ΙΙΙ
2249 269 2400 324 ‚p1aer.
2420 285 2465 328 p.
2479 270 2583 331 lv);

1359 326 1492 380 «Qui
1521 327 1641 372 liber
1673 329 1851 388 (Paris.
1883 330 2001 390 571)
2035 338 2281 382 nonnullos
2313 341 2437 386 locos
2469 343 2585 389 inte·

1354 400 1529 456 griores
1555 404 1758 447 servavit
1788 419 1924 462 quam
1960 407 2192 453 Palatinus
2212 412 2378 469 codex,
2402 415 2450 459 in
2484 418 2586 463 aliis

1354 484 1504 519 tamen
1537 477 1660 521 haud
1687 478 1846 537 paucis
1871 479 1928 523 ab
1970 479 2070 539 ejns
2094 498 2260 543 manu,
2303 488 2382 544 qui
2411 493 2586 547 primus

1354 552 1613 609 composuit
1629 552 1747 597 hanc
1774 556 2004 613 epitomen
2021 590 2032 611 ,
2062 560 2263 614 recessit,
2286 561 2347 604 ita
2370 573 2420 605 ut
2441 566 2588 608 minor

1353 626 1401 668 in
1439 626 1710 671 universum
1755 628 1855 687 ejus
1891 631 1950 674 sit
1998 634 2244 679 auctoritas
2285 651 2419 693 quam
2461 638 2586 682 Pala-

1354 700 1456 745 tini..
1484 721 1504 742 1)

1420 776 1464 820 3.
1487 776 1662 821 Deinde
1682 777 1759 824 fol.
1780 778 1871 831 430
1886 794 1970 824 vso
1988 782 2194 841 sequitur
2219 785 2517 843 fragmentum
2535 787 2590 832 de

1354 850 1483 896 Pelio
1513 862 1667 897 monte
1696 862 1740 896 et
1765 852 1948 898 initium
1991 855 2231 914 fragmenti
2254 859 2366 918 ejus,
2391 851 2513 919 quod
2534 861 2589 906 de

1353 926 1542 972 Graeciae
1565 928 1736 973 finibus
1753 929 1801 973 in
1818 930 1976 975 codice
1998 931 2211 978 Parisino
2237 937 2324 987 443
2350 936 2469 980 inter
2488 952 2589 996 poe·

1354 1002 1444 1046 tica
1482 1003 1699 1063 Dionysii
1737 1006 2062 1065 interponitur.
2092 1007 2241 1066 Major
2268 1007 2366 1067 ejus
2400 1025 2507 1069 pars
2545 1022 2589 1055 et

1355 1077 1543 1123 fortasse
1560 1079 1652 1123 alia
1666 1078 1870 1139 ejusdem
1892 1082 2131 1142 scriptoris
2149 1083 2397 1142 fragmenta
2413 1086 2590 1145 operis-

1354 1171 1443 1214 que
1481 1156 1644 1202 titulus
1678 1173 1779 1201 cum
1821 1159 2066 1218 postremis
2098 1161 2270 1205 codicis
2294 1147 2428 1207 ⁴foliis
2468 1179 2588 1208 nunc

1355 1232 1527 1276 avulsis
1563 1233 1820 1292 perierunt.

955 1344 1151 1383 Gudianus
1171 1345 1292 1385 codex
1311 1348 1350 1385 et
1375 1347 1667 1396 Altempsianus.

113 1446 186 1476 20.
214 1430 438 1474 Praeterea
468 1416 747 1473 monendum
782 1438 849 1472 est
887 1428 1191 1486 fragmentum
1224 1429 1281 1475 de

47 1505 178 1551 Pelio
210 1514 362 1549 monte
398 1503 658 1549 Fabricium
682 1502 913 1562 reperisse
943 1503 993 1547 in
1021 1504 1178 1549 codice
1204 1504 1278 1549 bi-

46 1579 286 1624 bliothecae
308 1578 573 1639 Marquardi
597 1577 738 1623 Gudii
755 1612 766 1634 ,
794 1578 995 1638 indeque
1033 1581 1281 1641 transcrip-

47 1665 142 1700 tum
161 1664 206 1700 et
222 1655 360 1699 latine
378 1669 560 1700 versum
584 1653 826 1698 tradidisse
849 1654 1069 1699 Hudsono
1092 1655 1172 1714 (V.
1200 1655 1282 1700 Fa-

47 1729 165 1775 bric.
206 1731 258 1775 B.
290 1730 370 1777 Gr.
404 1729 469 1789 II,
497 1731 545 1786 8,
581 1740 691 1775 tom.
722 1729 818 1785 ΙΙΙ,
845 1746 891 1790 p.
930 1732 1017 1786 487
1048 1731 1118 1775 ed.
1146 1732 1276 1777 Harl.

46 1815 90 1849 et
113 1805 315 1852 Hudson.
345 1805 512 1864 Geogr.
549 1821 610 1849 m.
639 1815 748 1849 tom.
787 1805 854 1860 ll,
878 1806 1008 1865 praef.
1030 1806 1063 1866 ).
1101 1807 1168 1851 De
1188 1824 1279 1867 quo

45 1879 167 1925 libro
190 1880 403 1926 Gudiano
429 1881 546 1925 nihil
571 1881 868 1925 accuratioris
891 1880 1038 1925 habeo
1074 1898 1280 1943 comper-

1354 1440 1466 1477 tum.
1486 1430 1655 1476 Isidori
1674 1442 1823 1478 autem
1840 1433 2056 1479 stathmos
2072 1433 2310 1480 Parthicos
2324 1435 2587 1482 Holstenius

1354 1506 1524 1564 legerat
1540 1507 1675 1552 etiam
1699 1508 1749 1552 in
1770 1508 1924 1554 codice
1938 1512 2260 1569 Altempsz'ano.
2278 1510 2503 1556 Nimirum
2528 1513 2590 1557 ita

1355 1581 1517 1627 scribit
1557 1583 1614 1628 ad
1651 1584 1928 1631 Peirescium
1970 1586 2068 1646 (111
2094 1586 2162 1633 Id.
2200 1587 2313 1634 febr.
2352 1589 2496 1648 1628)

1353 1662 1517 1703 Isidori
1553 1662 1806 1706 Characeni
1842 1669 2091 1708 mansiones
2129 1665 2354 1708 Parthicae
2367 1699 2378 1720 ,
2419 1682 2528 1723 quas
2566 1682 2590 1709 e

1352 1741 1469 1794 regio
1503 1737 1565 1796 (i.
1601 1754 1640 1782 e.
1668 1742 1813 1786 Paris.
1842 1740 1956 1801 571)
1992 1752 2037 1785 et
2052 1743 2354 1800 Altempsiano
2385 1758 2485 1784 mss.
2510 1759 2588 1801 op·

1352 1815 1473 1854 timoe
1518 1824 1635 1856 notoe
1677 1817 1970 1874 compluribus
2005 1819 2111 1860 locis
2150 1818 2375 1874 emendavi
2406 1827 2449 1860 et
2481 1833 2587 1874 sup-

1347 1889 1479 1943 plevi.
1509 1907 1526 1926 »

827 1992 882 2028 De
907 1990 1101 2027 communi
1124 1991 1261 2028 horum
1289 1993 1463 2032 codicum
1483 1996 1587 2034 sonte
1607 1999 1644 2035 et
1667 1997 1806 2036 indole.

109 2090 184 2118 21.
206 2078 317 2134 *Quae
336 2075 573 2134 hucusque
596 2090 620 2118 e
639 2075 782 2119 variis
807 2074 1044 2119 codicibus
1072 2076 1280 2120 recensui

35 2151 213 2212 scripta
249 2152 572 2212 geographica,
605 2167 662 2195 ex
702 2151 861 2195 eodem
911 2151 1058 2207 fonte,
1107 2151 1281 2210 majore

45 2226 199 2286 aliquo
256 2227 667 2286 geographicorum
727 2236 1008 2284 syntagmate
1025 2260 1037 2282 ,
1098 2242 1281 2270 manare

45 2315 131 2359 pro
172 2311 293 2345 certo
333 2302 885 2347 asseveraverimsporro
918 2316 1058 2359 quum
1090 2300 1279 2344 Strabo-

44 2375 183 2418 niana
211 2375 435 2434 Excerpta
471 2376 522 2418 in
556 2375 656 2417 cod.
697 2374 782 2428 571
821 2374 999 2417 Isidoro
1038 2373 1282 2432 subjuncta

44 2450 212 2494 ducant
235 2450 290 2493 ad
310 2450 513 2494 codicem
535 2450 794 2493 Palatinum
809 2482 820 2504 ,
850 2449 900 2492 in
918 2464 1009 2507 quo
1030 2460 1133 2493 ante
1158 2449 1279 2494 Stra-

43 2524 179 2569 bonis
195 2525 425 2584 epitomen
442 2535 656 2583 quattuor
675 2524 889 2581 leguntur
909 2524 1077 2582 peripli
1101 2525 1281 2583 (quam-

42 2615 178 2659 quam
218 2599 380 2644 alienis
418 2598 599 2643 duobus
644 2597 815 2641 libellis
855 2597 1107 2656 disjuncti)
1147 2615 1156 2642 :
1197 2599 1280 2643 hos

44 2692 226 2737 quoque
263 2692 318 2721 ex
351 2675 508 2720 eodem
546 2684 829 2734 syntagmate
862 2674 1047 2718 fluxisse
1084 2674 1280 2734 ideoque

45 2755 146 2798 eum
165 2753 357 2813 periplis
370 2787 383 2809 ,
414 2768 531 2812 quos
555 2762 657 2796 ante
675 2751 905 2795 Isidorum
926 2750 1111 2795 exhibet
1138 2751 1281 2795 codex

43 2827 150 2874 Par.
177 2829 284 2883 443,
322 2827 662 2887 componendos
694 2842 790 2871 esse
819 2826 1043 2885 suspicor.
1071 2826 1281 2885 Denique

44 2913 164 2962 patet
186 2903 501 2948 collectionem
521 2902 644 2946 illam
667 2911 837 2946 certum
867 2901 1094 2960 quoddam
1114 2902 1162 2945 in
1183 2901 1279 2946 dis-

45 2979 268 3038 ponendis
292 2978 464 3023 libellis
488 2977 683 3038 prodere
700 2977 961 3021 consilium.
977 2975 1088 3020 Nam
1111 2978 1149 3020 si
1173 2993 1278 3036 pro-

47 3055 164 3098 saica
177 3055 424 3114 fragmenta
436 3054 546 3109 duo,
563 3070 663 3114 quae
685 3054 732 3098 in
748 3054 921 3098 medios
935 3054 947 3097 i
955 3053 1112 3097 ambos
1131 3053 1279 3098 scriba

46 3127 156 3172 libri
191 3130 276 3181 443
310 3129 520 3184 intrusit,
546 3129 596 3172 in
634 3145 765 3173 suum
797 3129 974 3184 locum,
1013 3129 1115 3188 ipso
1150 3145 1278 3173 mon-

48 3213 214 3249 strante
236 3204 414 3260 codice,
438 3205 700 3264 reposueris
722 3222 730 3248 :
756 3204 1102 3265 dispositionem
1125 3205 1278 3264 operis

47 3276 184 3323 habes
203 3278 428 3337 ejusmodi
456 3296 465 3323 ε

133 3382 186 3428 Α.
219 3383 418 3429 PROSAE
451 3384 770 3430 ORATIONIS
805 3384 1184 3430 SCRIPTORES.

525 3482 561 3528 Ι.
598 3498 784 3528 malurn.

177 3588 217 3616 a.
260 3572 474 3634 Peripli
512 3579 688 3622 totius
723 3579 894 3623 maris
952 3579 1147 3625 exteri.

55 3680 96 3708 1.
124 3663 269 3722 (Opus
287 3666 618 3721 deperditarum
633 3672 728 3715 cod.
753 3671 841 3722 443
862 3681 1064 3729 qualern.
1089 3687 1107 3713 1
1134 3661 1240 3714 et'2.
1263 3671 1275 3730 )

51 3753 95 3783 2.
118 3737 340 3782 Marciani
365 3737 520 3784 oceani
541 3743 743 3802 periplus
763 3744 896 3790 libris
920 3746 963 3790 ΙΙ
986 3746 1114 3804 (Par.
1137 3749 1224 3799 443
1240 3746 1274 3807 ).

174 3812 221 3856 b.
260 3813 476 3873 Peripli
511 3815 681 3861 totius
714 3820 887 3865 maris
920 3821 1148 3866 interni.

57 3927 75 3953 1
85 3945 95 3956 .
105 3910 310 3972 Menippi
321 3912 589 3959 aMarciano
597 3913 793 3962 breviati
803 3918 913 3964 libri
923 3920 991 3966 III
1018 3920 1139 3980 (Par.
1149 3927 1170 3974 4
1181 3927 1202 3972 4
1212 3920 1254 3980 3)
1264 3955 1274 3965 .

52 4003 96 4031 2.
121 3986 319 4047 Scylacis
336 3990 540 4051 periplus
559 3990 676 4053 (I'ar.
696 3993 820 4052 443).

1602 2098 1639 2127 c.
1680 2081 1902 2141 Peripli
1936 2081 2330 2142 particulares.

1356 2185 1395 2212 1.
1424 2169 1657 2230 Anonymi
1687 2171 1893 2232 periplus
1913 2171 2051 2216 Ponti
2085 2171 2254 2231 Euxini
2282 2171 2294 2231 (
2320 2170 2527 2214 Heidelb.
2549 2171 2580 2229 ).

1351 2259 1394 2288 2.
1418 2244 1606 2289 Arriani
1629 2247 1836 2306 periplus
1859 2246 1995 2290 Ponti
2017 2246 2186 2290 Euxini
2215 2245 2453 2305 (Heidelb.
2478 2245 2511 2303 ).

1352 2321 1393 2364 3.
1419 2321 1652 2384 Anonymi
1668 2322 1873 2380 periplus
1891 2323 2029 2365 maris
2048 2322 2271 2380 Erythraei
2289 2323 2300 2379 (
2318 2319 2526 2365 Heidelb.
2547 2320 2579 2378 ).

1351 2400 1391 2443 4.
1417 2393 1656 2437 Hannonis
1679 2394 1884 2452 periplus
1910 2393 2146 2452 (Heidelb.
2170 2395 2201 2451 ).

1443 2492 1505 2538 II.
1541 2493 1884 2536 GEocRAPmcoN
1917 2507 2118 2535 EPITOMAE
2151 2507 2206 2534 ET
2240 2507 2481 2536 EXCERPTA.

1354 2610 1390 2638 1.
1410 2593 1633 2652 Excerpta
1652 2593 1718 2636 De
1733 2593 1921 2637 Graeciae
1940 2592 2135 2636 urbibus
2171 2592 2292 2651 (Par.
2318 2593 2425 2643 443.
2450 2591 2574 2650 571).

1350 2686 1393 2716 2.
1415 2669 1638 2729 Excerpta
1650 2668 1955 2713 Straboniana
1975 2668 2097 2727 (Par.
2113 2667 2168 2724 57
2180 2684 2197 2710 1
2209 2702 2218 2712 .
2231 2665 2440 2712 Heidelb.
2460 2665 2581 2726 398.)

1350 2742 1392 2791 3.
1415 2744 1583 2789 Isidori
1608 2744 1867 2789 mansiones
1889 2742 2113 2787 Parthicae
2137 2742 2269 2802 (Par.
2307 2741 2413 2793 443.
2444 2740 2526 2796 571
2547 2739 2577 2800 ).

1804 2840 1855 2883 B.
1908 2838 2130 2884 POETAE.

1355 2957 1394 2983 1.
1425 2938 1640 2998 Dionysii
1664 2937 1911 2998 periegesis
1935 2936 2124 2980 Graeciae
2149 2934 2279 2996 (Par.
2301 2935 2391 2986 443
2412 2932 2439 2993 )

1352 3031 1395 3061 2.
1421 3014 1654 3072 Anonymi
1681 3012 1927 3073 periegesis
1957 3010 2155 3055 iambica
2177 3010 2314 3071 (Par.
2336 3009 2423 3062 443
2442 3011 2469 3067 ).

1353 3091 1364 3154 (
1387 3095 1504 3146 Alia,
1551 3108 1651 3149 quse
1673 3095 1715 3133 in
1730 3094 1960 3149 postremis
1982 3091 2077 3133 cod.
2106 3089 2192 3141 443
2222 3087 2580 3146 quaternionibus

1411 3170 1515 3210 olim
1541 3165 1837 3224 legebantur.)

1416 3259 1491 3288 22.
1514 3242 1806 3286 Accuratiora
1820 3241 1875 3285 de
1889 3239 2064 3284 ambitu
2077 3238 2213 3296 hujus
2225 3235 2507 3281 collectionis
2524 3248 2580 3278 ne

1351 3316 1614 3376 conjectura
1639 3314 1824 3375 quidem
1848 3330 1970 3358 nunc
1993 3311 2173 3371 assequi
2195 3311 2326 3366 licet3
2355 3309 2578 3367 originem

1340 3409 1457 3438 ·vero
1482 3408 1584 3436 cum
1606 3391 1843 3435 Holstenio
1869 3389 1982 3451 (Ep.
2009 3405 2054 3449 p.
2079 3388 2134 3439 45
2163 3387 2236 3433 ed.
2254 3385 2332 3446 Β.)
2353 3385 2506 3454 ΔῙῈΓΕΓΟ
2526 3384 2580 3428 ad

1351 3468 1641 3512 notissimum
1654 3465 1770 3510 illud
1791 3465 2048 3509 institutum
2064 3460 2354 3507 Constantini
2372 3459 2580 3519 Porphy-

1351 3551 1574 3602 rogemti,
1621 3540 1701 3600 qui
1754 3540 1871 3584 sicut
1912 3537 2282 3599 Geoponicorum
2327 3545 2579 3595 syntagma,

1350 3628 1537 3664 curante
1573 3616 1789 3661 Cassiano
1819 3615 1956 3659 Basso
1988 3612 2283 3669 scholastico,
2310 3609 2581 3662 construxit,

1349 3696 1412 3740 ita
1444 3692 1868 3753 Geographicorum
1902 3705 2083 3748 quoque
2108 3703 2274 3749 corpus
2292 3685 2447 3743 colligi
2478 3684 2579 3742 jus-

1352 3770 1476 3815 serit.
1520 3768 1622 3813 Jam
1658 3782 1768 3812 vero
1804 3765 1988 3810 aliunde
2019 3767 2136 3808 bene
2165 3762 2377 3808 novimus
2415 3767 2579 3818 quanta

1352 3844 1631 3904 negligentia
1666 3853 1710 3887 et
1742 3841 1981 3887 oscitantia
1997 3836 2576 3884 Constantinianiveterum

1318 3920 1628 3979 'scriptorum
1669 3926 1957 3976 excerptores
2001 3924 2043 3958 et
2078 3912 2359 3957 breviatores
2399 3905 2578 3964 negotio

1352 4011 1435 4039 suo
1472 3994 1612 4038 functi
1645 3993 1749 4038 sint,
1778 3990 1869 4034 Nec
1892 3990 2023 4033 aliter
2048 4003 2117 4031 res
2142 3985 2276 4029 habet
2313 3983 2360 4026 in
2381 3980 2579 4039 Geogra-
