2756 4354
20 223 118 296 gree
141 226 370 297 d’Ephore
393 245 437 280 et
466 234 521 278 de
561 229 745 276 Phileas
759 262 772 285 ,
799 229 879 289 qui
918 229 1099 274 avaient
1121 228 1278 286 egale-

18 303 25 362 f
45 321 168 355 ment
190 311 313 356 servi
333 325 389 354 au
407 305 630 368 pretendu
659 303 919 363 Dicearque
943 313 986 347 et
1005 305 1032 347 a
1053 303 1278 362 Scymnus

43 387 99 431 de
125 386 256 431 Chio.
279 406 298 424 n
335 386 392 429 At
424 380 598 442 Ephori
619 379 816 424 historia
838 377 1096 439 pertinebat
1131 393 1277 438 usque

43 460 99 504 ad
132 472 296 504 annum
335 457 451 510 340,
485 470 568 498 nec
602 464 832 512 postrema
858 453 959 513 ejus
990 468 1097 513 pars
1127 452 1275 497 statim

42 544 148 594 post
171 533 290 576 hunc
311 544 480 574 annum
505 528 676 589 scripta
710 538 794 584 est,
825 527 1051 587 siquidem
1089 542 1160 571 an.
1184 527 1271 572 335

42 619 201 654 auctor
221 606 368 652 adhuc
383 606 432 650 in
454 605 578 650 vivis
601 614 717 660 erat,
736 615 779 648 et
798 604 917 648 liber
939 604 1128 648 ultimus
1143 618 1200 647 ne
1215 602 1272 647 ab

40 683 143 743 ipso
160 681 360 741 quidem,
384 679 463 725 sed
480 694 507 723 a
536 678 812 739 Demophilo
847 678 1028 723 demum
1055 677 1148 722 filio
1171 677 1272 722 ela—

40 757 229 804 boratus
249 767 330 803 est.
358 782 422 791 --
439 756 494 801 Et
515 756 611 799 haec
630 755 721 800 fere
751 764 857 800 sunt
879 754 935 799 de
956 764 1084 799 aetate
1105 755 1273 815 peripli

14 842 287 891 ·sentent1ae,
316 847 510 891 quarum
538 830 744 875 facienda
776 840 872 874 erat
905 829 1101 886 mentio;
1147 839 1273 874 cete-

41 922 116 952 ras
139 923 277 967 quum
315 906 484 950 dudum
523 906 617 950 viri
643 905 765 949 docti
798 904 1124 960 refutaverint,
1153 914 1274 949 vete-

40 997 135 1027 rem
159 981 377 1026 cramben
399 996 492 1025 non
514 995 714 1040 recoquo
735 981 812 1040 (²⁶).

103 1057 179 1108 64.
201 1055 304 1100 Jam
338 1056 376 1100 si
397 1055 500 1114 quis
532 1055 669 1100 totius
688 1045 830 1102 maris
854 1055 1023 1102 interni
1047 1054 1273 1117 periplum

41 1131 316 1192 composuit,
358 1120 711 1177 consentaneum
730 1141 798 1177 est
827 1147 918 1176 non
950 1131 1101 1192 ipsum
1122 1131 1276 1175 omnia

42 1208 214 1254 vidisse
255 1219 299 1252 et
329 1223 564 1253 emensum
588 1223 704 1262 esse,
748 1207 825 1251 sed
849 1206 1050 1267 plurima
1079 1221 1137 1251 ex
1172 1206 1275 1250 aliis

43 1283 334 1340 assumsisse,
395 1282 600 1341 adeoque
667 1290 830 1325 statum
893 1279 1246 1340 geographicum
1261 1314 1274 1335 ,

41 1357 189 1417 qualis
213 1366 339 1400 aetate
363 1356 604 1416 scriptoris
636 1365 748 1410 erat,
767 1355 816 1398 in
838 1354 897 1399 iis
931 1364 1104 1399 tantum
1122 1354 1274 1412 regio-

40 1432 176 1476 nibus
195 1430 427 1488 exhiberi,
456 1445 557 1489 quae
595 1446 691 1490 prae
715 1421 943 1474 ceterisei
980 1439 1099 1474 notae
1124 1439 1270 1476 erant.

40 1505 197 1565 ltaque
220 1520 359 1563 quum
385 1504 440 1548 ad
468 1515 728 1564 postremos
751 1520 896 1549 annos
922 1504 1130 1565 Philippi
1159 1521 1274 1549 non-

40 1580 130 1624 nisi
151 1580 199 1624 in
211 1579 419 1639 Graeciae,
436 1579 714 1624 Macedoniae
732 1589 776 1624 et
788 1580 992 1624 Thraciae
1005 1579 1276 1640 descriptio-

40 1669 96 1700 ne
129 1654 402 1699 descendere
437 1655 587 1710 liceat,
630 1655 681 1699 in
719 1654 792 1699 his
834 1655 1007 1699 vixisse
1043 1665 1273 1699 auctorem

41 1731 319 1788 conjicimus.
356 1730 480 1776 Idem
510 1732 701 1789 colligas
721 1747 746 1775 e
767 1732 791 1790 S
812 1738 889 1788 40,
920 1730 1000 1775 ubi
1033 1742 1272 1792 postquam

40 1808 190 1866 sinum
214 1808 502 1853 Corinthium
529 1819 687 1853 auctor
704 1809 877 1867 legerat
904 1824 1050 1868 usque
1079 1809 1135 1853 ad
1169 1809 1274 1854 inti·

39 1898 162 1928 mum
186 1897 431 1938 recessum,
459 1883 567 1928 hinc
590 1884 702 1928 dicit
724 1899 807 1944 per
839 1884 1055 1933 isthmum
1084 1884 1278 1944 quadra-

39 1958 166 2018 ginta
199 1958 451 2004 stadiorum
480 1960 604 2004 viam
644 1975 744 2004 esse
783 1958 883 2021 πρὸς
916 1959 989 2014 τὴν
1010 1959 1095 2004 ἐπὶ
1130 1962 1274 2018 ἡμῶν

41 2032 269 2081 θάλασσαν.
297 2035 493 2096 Scripsit
511 2037 653 2094 igitur
671 2035 729 2080 ab
748 2037 926 2086 oriente
945 2035 1084 2095 hujus
1098 2037 1271 2092 isthmi,

39 2109 230 2154 Athenis
268 2110 440 2168 forsan,
494 2121 544 2155 ut
602 2110 722 2155 bene
776 2113 954 2155 monuit
998 2110 1274 2156 Letronnius

38 2199 84 2245 p.
126 2186 231 2237 243.
264 2186 330 2230 De
363 2185 771 2245 longinquioribus
794 2186 1063 2244 regionibus
1103 2187 1274 2246 scripta

39 2259 345 2319 geographica
364 2259 648 2308 adhibuerit.
678 2276 780 2318 quae
803 2270 910 2304 tunc
932 2261 1131 2305 nancisci
1150 2271 1273 2320 pote-

40 2341 109 2376 rat
127 2333 455 2378 recentissima.
482 2334 550 2376 De
571 2337 711 2381 Italia
732 2345 776 2376 et
810 2337 974 2389 Illyria
1004 2334 1119 2379 nihil
1144 2336 1273 2377 novit

39 2406 164 2465 quod
187 2407 246 2451 sit
271 2407 503 2466 posterius
523 2416 650 2451 aetate
665 2407 880 2465 Dionysii
901 2407 1103 2465 tyranni,
1119 2408 1200 2467 qui
1216 2408 1272 2452 ad

40 2482 275 2542 Anconam
310 2496 455 2540 usque
494 2496 618 2525 mare
650 2480 932 2525 Adriaticum
956 2480 1131 2526 Graecis
1150 2492 1271 2542 pate·

38 2558 216 2602 fecerat.
238 2554 388 2609 Quare
408 2554 570 2600 Noster
589 2554 645 2600 de
669 2554 836 2600 intimo
859 2556 961 2614 ejus
984 2557 1091 2600 sinu
1108 2571 1271 2615 parum

39 2630 186 2675 adhuc
197 2639 408 2675 accurata
417 2630 574 2685 habet,
586 2631 633 2674 in
652 2641 799 2675 cetera
814 2640 942 2690 parte
959 2629 1077 2674 bene
1090 2630 1270 2675 doctum

39 2720 86 2750 se
108 2704 300 2765 praebet.
326 2705 539 2764 Dionysii
561 2720 632 2749 res
652 2705 701 2748 in
730 2706 844 2749 mari
862 2704 1101 2749 Adriatico
1128 2716 1273 2763 gestas

38 2780 134 2825 l'use
148 2790 419 2841 exposuerat
435 2795 582 2839 neque
599 2779 902 2839 geographica
918 2780 967 2824 in
980 2780 1053 2824 his
1069 2780 1275 2838 neglexe-

39 2866 109 2900 rat
126 2855 467 2924 Theopompus,
484 2856 563 2916 qui
581 2858 630 2900 in
648 2856 762 2901 Hist.
780 2854 905 2900 libro
920 2855 1124 2911 XXXIX,
1137 2855 1273 2901 rebus

37 2930 344 2989 Macedonicis
373 2933 481 2976 anni
516 2933 606 2984 348
638 2933 872 2992 prolixum
922 2932 977 2976 de
1009 2931 1163 2976 Siculo
1201 2942 1268 2991 ty-

40 3023 181 3052 ranno
191 3024 431 3053 excursum
448 3009 660 3055 intexuit.
675 3008 1028 3069 AtTheopompi
1042 3008 1269 3068 historiis,

871 125 951 171 DE
984 123 1255 171 SCYLACE
1281 126 1656 176 CARYANDEN
1665 133 1749 178 SE.

2479 172 2572 204 XLV

1349 247 1451 290 quae
1471 234 1763 294 pertinebant
1782 252 1926 296 usque
1949 240 2004 283 ad
2035 254 2222 289 mortem
2255 249 2480 312 Philippi,
2506 262 2569 304 uti

1348 304 1511 351 Noster
1530 323 1626 355 non
1657 309 1824 369 potuit,
1847 311 1927 370 qui
1958 328 2039 357 sua
2059 319 2272 362 sumserit
2295 323 2413 368 unde
2429 326 2467 369 T
2470 326 2575 372 heo-

1350 396 1547 442 pompus
1564 394 1802 440 sumserat,
1818 385 2044 433 ePhilisto
2063 391 2135 434 vel
2157 392 2247 436 alio
2262 394 2413 443 Siculo
2433 404 2572 463 scrip-

1350 464 1449 500 tore
1460 472 1611 502 rerum
1623 460 1853 519 Dionysii.
1875 461 2090 508 Nostrum
2107 481 2199 509 non
2215 469 2397 516 novisse
2415 484 2575 523 statum

1349 544 1503 574 rerum
1529 531 1811 590 Italicarum,
1831 551 1931 596 quae
1954 548 2082 582 erant
2104 541 2226 585 circa
2250 542 2339 586 350
2366 560 2405 588 a.
2431 547 2500 601 C.,
2524 566 2577 594 eo

1347 605 1575 666 probatur
1594 609 1718 667 quod
1749 610 2031 658 Bruttiorum
2061 626 2239 673 gentem
2262 632 2334 663 an.
2363 620 2449 664 356
2475 639 2579 668 con-

1348 681 1499 726 flatam
1534 699 1627 727 non
1659 696 1895 732 memorat.
1924 714 1986 721 —-
2019 689 2085 734 De
2117 694 2249 735 Ponte·
2281 708 2361 737 ora
2401 694 2579 744 boreali

1349 758 1632 803 accuratiora
1642 758 1780 805 habet
1796 760 2045 820 Herodoto,
2062 774 2112 809 ut
2128 777 2248 811 recte
2272 781 2423 815 monet
2446 772 2580 819 Uker·

1349 842 1436 878 tus.
1460 833 1514 878 In
1539 835 1831 881 meridionali
1859 837 1992 883 litore
2028 839 2136 884 inde
2158 856 2185 885 a
2212 841 2406 890 Phaside
2441 863 2580 906 quum

1350 907 1407 951 de
1424 908 1703 970 populorum
1728 910 2033 958 barbarorum
2058 914 2176 959 serie
2197 915 2276 961 alii
2300 918 2387 962 alia
2408 921 2582 966 tradere

1350 984 1543 1043 soleant,
1566 1004 1669 1032 cum
1691 988 1858 1034 Nostro
1878 989 1927 1034 in
1945 990 2139 1048 singulis
2164 990 2257 1036 fere
2278 995 2457 1052 egregie
2477 1012 2581 1040 con-

1349 1061 1553 1106 sentiunt
1567 1064 1877 1121 Argonautica
1893 1065 2132 1125 Apollonii
2154 1064 2319 1111 Rhodii
2344 1077 2387 1112 et
2408 1069 2581 1130 Diony-

1350 1135 1408 1180 sii
1440 1135 1712 1195 Periegesis.
1743 1138 1831 1183 Sed
1871 1139 2058 1198 quinam
2104 1140 2281 1200 primus
2317 1141 2413 1188 haec
2447 1145 2582 1189 sicin

1349 1211 1523 1271 scripto
1559 1213 1714 1272 aliquo
1743 1213 2050 1275 geographico
2081 1216 2342 1274 tradiderit,
2374 1234 2456 1278 ego
2480 1223 2581 1279 qui·

1348 1284 1450 1339 dem
1468 1285 1621 1331 dicere
1643 1303 1736 1332 non
1751 1287 1896 1333 habeo
1923 1287 2013 1349 Γ).

1413 1360 1489 1406 65.
1507 1366 1633 1408 Asioe
1646 1370 1826 1408 minoris
1845 1381 1970 1410 oram
1990 1367 2226 1413 occiduam
2248 1379 2291 1415 et
2306 1372 2583 1417 meridiona-

1348 1435 1437 1480 lem
1474 1436 1640 1483 Noster
1674 1455 1731 1484 ex
1760 1450 1948 1486 auctore
1982 1443 2162 1502 petivit,
2186 1444 2267 1503 qui
2294 1445 2401 1490 item
2418 1446 2582 1506 junior

1347 1521 1444 1555 erat
1460 1511 1691 1558 Herodoto
1715 1530 1799 1560 nec
1815 1515 1883 1560 ita
1905 1517 2098 1561 multum
2123 1527 2227 1562 ante
2250 1518 2456 1581 Philippi
2477 1531 2582 1566 tem-

1347 1601 1466 1646 pora
1481 1588 1682 1648 scripsit.
1703 1588 1813 1634 Rem
1828 1601 2050 1636 testantur
2069 1591 2229 1637 Leuca:
2244 1592 2385 1639 Ioniae
2405 1595 2464 1654 (p.
2483 1613 2506 1652 7
2518 1597 2578 1656 1),

1348 1676 1485 1721 quam
1520 1662 1682 1708 urbem
1721 1680 1792 1711 an.
1828 1666 1914 1711 383
1946 1667 2174 1712 conditam
2204 1683 2301 1712 esse
2320 1684 2345 1712 e
2374 1670 2578 1715 Diodoro

1349 1747 1541 1783 constat.
1577 1739 1753 1793 Quodsi
1790 1740 2066 1788 Letronnius
2110 1742 2359 1789 Leucarum
2394 1747 2579 1792 nomine

1348 1827 1443 1856 non
1466 1812 1629 1864 urbem
1654 1814 1731 1859 sed
1756 1817 2124 1875 promontorium
2145 1827 2302 1862 nostro
2321 1818 2424 1862 loco
2441 1820 2579 1877 signi-

1349 1886 1480 1931 ficari
1504 1888 1719 1948 opinatus
1750 1900 1841 1945 est,
1877 1906 2012 1936 causa
2035 1892 2268 1937 sententiae
2283 1893 2332 1936 in
2355 1908 2408 1936 eo
2432 1894 2580 1953 posita

1347 1972 1432 2016 est,
1459 1962 1584 2021 quod
1608 1965 1845 2024 complura
1863 1965 2011 2010 inesse
2034 1964 2171 2025 hujus
2194 1981 2287 2010 orae
2308 1966 2577 2027 descriptio-

1347 2038 1396 2080 ni
1409 2036 1692 2092 viderentur,
1705 2055 1804 2098 quae
1818 2040 2121 2099 antiquiorem
2133 2050 2304 2085 aetatem
2320 2052 2575 2098 arguerent.

1346 2110 1556 2157 Primum
1566 2113 1685 2158 enim
1698 2115 1743 2158 in
1756 2114 1918 2160 Rhodo
1932 2115 2080 2161 insula
2097 2116 2158 2176 (p.
2175 2117 2246 2176 73)
2264 2131 2355 2161 non
2371 2116 2575 2161 Rhodum

1346 2185 1528 2243 urbem,
1551 2188 1630 2233 sed
1653 2190 1839 2234 nonnisi
1865 2191 2068 2250 tripolim
2094 2193 2336 2236 memorari
2358 2192 2483 2238 dicit.
2507 2192 2575 2235 Ad

1346 2260 1534 2305 eandem
1572 2278 1667 2307 rem
1696 2263 1961 2308 Mannertus
1992 2265 2247 2324 attendens,
2274 2280 2331 2309 ex
2368 2265 2454 2309 hoc
2484 2283 2575 2310 uno

1345 2333 1448 2378 loco
1466 2336 1691 2394 periplum
1708 2347 1810 2379 ante
1824 2351 1893 2379 an.
1918 2339 2006 2387 408
2026 2339 2359 2396 scriptum-esse
2376 2340 2574 2396 collegit.

1346 2409 1516 2453 Contra
1538 2409 1816 2454 Niebuhrius
1852 2410 1994 2454 verba
2030 2412 2198 2471 peripli
2224 2411 2455 2467 laborare,
2491 2429 2573 2459 nec

1344 2499 1477 2543 posse
1491 2494 1803 2542 argumentum
1818 2485 1910 2544 peti
1924 2484 2062 2528 eloco
2075 2495 2309 2545 corrupto,
2324 2487 2573 2532 rectissime

1347 2559 1544 2603 monuit.
1571 2559 1669 2602 Huc
1703 2558 1874 2602 accedit
1897 2558 2020 2617 quod
2063 2558 2212 2602 Rhodi
2246 2560 2434 2603 omissio
2457 2562 2572 2606 nihil

1345 2634 1490 2692 magis
1517 2650 1652 2693 quam
1682 2633 1890 2693 Byzantii
1928 2634 2211 2693 aliarumque
2252 2633 2435 2678 urbium
2467 2651 2575 2695 pro-

1343 2707 1491 2764 baret,
1527 2709 1700 2768 quippe
1723 2724 1858 2767 quam
1877 2707 2082 2753 librariis
2110 2708 2347 2754 vindicare
2370 2704 2499 2766 licet3
2523 2727 2574 2756 ac

1346 2798 1506 2843 reapse
1522 2784 1595 2827 vel
1624 2783 1788 2827 horum
1809 2783 1944 2843 culpa
1966 2782 2114 2827 Rhodi
2138 2781 2269 2827 urbis
2301 2783 2575 2844 mentionem

1345 2858 1564 2903 excidisse
1583 2858 1653 2903 vel
1682 2873 1767 2918 pro
1788 2858 2016 2918 corruptis
2039 2856 2231 2908 Ῥόδος...
2259 2860 2379 2912 νῆσος
2396 2857 2577 2919 τρίπολις

1346 2931 1500 2994 ἀρχαία
1524 2932 1640 2983 πόλις
1667 2933 1757 2991 leg.
1785 2947 1882 2977 esse
1905 2935 2023 2987 νῆσος
2042 2932 2110 2976 καὶ
2133 2931 2274 2983 πόλις·
2292 2931 2471 2994 τρίπολις
2494 2935 2577 2994 ἀρ-

1344 3008 1466 3070 χαία,
1489 3010 1580 3054 κτλ.
1589 3044 1602 3065 ,
1625 3024 1682 3054 ex
1703 3024 1758 3053 eo
1799 3008 2045 3068 suspiceris
2076 3008 2198 3068 quod
2221 3024 2359 3068 quum
2395 3009 2575 3069 tripolis

34 3157 42 3163 ·
70 3147 134 3195 (⁴¹)
154 3148 408 3187 Clauseniusl.
424 3148 449 3185 l.
469 3158 506 3196 p.
522 3151 591 3186 273
616 3163 625 3187 :
653 3163 670 3181 «
690 3148 859 3196 Periplus
882 3148 1060 3186 tribuitur
1081 3147 1224 3196 Scylaci
1248 3146 1508 3195 antiquissimo
1529 3149 1650 3186 aetatis
1672 3148 1772 3186 Darii
1805 3148 1999 3195 Hystaspis
2016 3158 2039 3185 a
2062 3150 2161 3185 Luca
2177 3147 2371 3184 Holstenio
2397 3147 2409 3192 (
2422 3147 2573 3183 Bredow

41 3203 152 3251 Epist.
174 3207 258 3242 Par.
282 3215 318 3252 p.
348 3204 435 3251 13),
454 3203 626 3242 Fabricio
662 3205 675 3252 (
689 3204 782 3242 Bibl.
809 3215 864 3251 gr.
886 3205 954 3250 IV,
980 3210 1013 3248 1,
1040 3207 1106 3242 106
1128 3205 1153 3249 ),
1174 3205 1318 3250 Hagero
1341 3203 1354 3250 (
1375 3205 1514 3251 Geoqr.
1541 3203 1810 3249 Bitclzersaal,
1833 3206 1862 3250 Ι,
1887 3213 1922 3251 p.
1951 3204 2064 3250 560),
2085 3202 2350 3240 sainte-croix
2366 3201 2507 3248 (Me‘m.
2528 3201 2576 3239 de

0 3280 1 3311 j
41 3258 189 3297 l'acad.
205 3258 246 3297 d.
264 3261 385 3298 inser.
407 3261 522 3305 XLll‚
546 3271 584 3308 p.
603 3263 696 3306 3503
716 3262 864 3298 Exam.
885 3261 979 3297 crit.
1003 3258 1071 3297 des
1091 3258 1237 3297 histor.
1261 3258 1416 3297 d’Alex.
1434 3259 1494 3296 ed.
1519 3262 1568 3304 Il,
1596 3271 1631 3307 p.
1655 3265 1726 3300 730
1743 3261 1770 3307 ),
1791 3261 1931 3307 Bayero
1950 3260 1963 3304 (
1984 3261 2039 3296 De
2063 3257 2137 3295 situ
2173 3256 2335 3304 Scythiae
2352 3267 2487 3293 comm.
2507 3259 2576 3294 Pe-

0 3326 1 3349 3
39 3315 137 3360 trop.
165 3315 231 3360 111,
258 3323 297 3362 p.
322 3319 367 3353 96
393 3313 422 3359 ).
448 3314 597 3359 Quibus
627 3315 827 3352 assentitur
855 3314 1013 3352 GailiuS.
1040 3337 1089 3346 -
1126 3315 1318 3362 Scylacem
1338 3314 1464 3362 paullo
1487 3319 1568 3364 post
1591 3315 1822 3353 Herodotum
1860 3314 2046 3361 scripsisse
2078 3312 2221 3349 censuit
2244 3311 2434 3349 Mazocchi
2456 3311 2577 3350 Tabl).

40 3367 184 3406 Heracl.
208 3379 245 3415 p.
266 3374 329 3407 101
349 3384 359 3416 ;
383 3370 536 3409 ineunte
555 3371 653 3409 bello
689 3372 1005 3419 Peloponnesiaco
1032 3375 1250 3410 Mannertus
1277 3372 1429 3418 (Geogr.
1446 3373 1475 3417 1,
1502 3382 1539 3419 p.
1566 3372 1651 3419 70);
1683 3376 1765 3419 post
1785 3370 1968 3408 Timacum
1989 3368 2186 3406 Cluverius
2205 3367 2217 3414 (
2237 3366 2320 3406 ltal.
2349 3368 2434 3405 Ant.
2455 3367 2518 3412 lV‚
2541 3369 2584 3412 4,.

41 3435 77 3472 p.
109 3424 238 3470 1166);
258 3426 449 3473 Scylacem
474 3428 613 3465 vixisse
630 3429 742 3465 aetate
763 3428 905 3475 Polybii
925 3438 1027 3466 cens,
1053 3428 1270 3465 Dodwellus
1288 3427 1468 3474 (Dissert.
1486 3427 1532 3464 de
1552 3428 1651 3475 Scyl.
1671 3428 1700 3474 ),
1721 3426 1892 3465 Wassius
1913 3424 1974 3471 (ad
1994 3424 2118 3462 Thuc.
2139 3426 2187 3467 ll,
2204 3424 2283 3471 97).
2303 3438 2321 3456 n

0 3488 1 3500 ³
91 3478 159 3526 (**)
192 3479 326 3517 Vivien
347 3480 394 3518 de
419 3482 681 3521 saint-Martia
701 3483 945 3522 [recherches
965 3494 1039 3521 sur
1060 3484 1115 3521 les
1141 3483 1404 3531 populations
1434 3484 1658 3530 primitives
1683 3482 1738 3520 du
1764 3485 1940 3520 Caucase
1971 3480 2123 3527 (Paris
2151 3478 2271 3525 1847)
2296 3488 2332 3524 p.
2353 3480 2395 3515 57
2423 3487 2432 3513 :
2462 3491 2481 3510 «ι
2505 3477 2576 3513 Sur

41 3533 214 3581 l’epoque
229 3534 275 3572 de
294 3534 330 3572 la
347 3537 492 3583 portion
511 3537 561 3575 du
581 3538 723 3586 Periple
744 3539 791 3576 de
811 3538 947 3588 Scylax
963 3539 1027 3588 qui
1043 3550 1084 3577 se
1103 3541 1277 3587 rapporte
1296 3548 1368 3575 aux
1388 3539 1491 3575 cotes
1502 3537 1552 3575 du
1577 3539 1693 3582 pont,
1715 3539 1754 3574 et
1775 3547 1839 3573 sur
1854 3536 1907 3573 les
1925 3545 2076 3572 sources
2091 3533 2177 3570 d'oti
2198 3533 2269 3571 elle
2289 3533 2345 3570 sut
2363 3530 2470 3578 tiree,
2491 3542 2575 3590 voyt

39 3593 147 3627 notre
164 3590 346 3627 Histoire
363 3591 658 3643 qeoqraphique
684 3593 733 3632 de
758 3594 878 3632 l'Asie
896 3598 1095 3639 mineum,
1121 3598 1214 3634 tom.
1233 3598 1264 3643 l,
1287 3604 1322 3642 p.
1345 3598 1429 3634 278.
1450 3608 1468 3626 υ
1488 3596 1544 3632 Eo
1562 3594 1657 3632 libro
1674 3593 1728 3630 uti
1753 3592 1843 3629 milii
1863 3601 1937 3629 non
1955 3590 2101 3628 licebat.
2122 3591 2297 3627 Ceterum
2319 3588 2448 3637 peripli
2462 3589 2576 3625 nostri

40 3647 172 3682 auctor
195 3645 355 3682 Martino
374 3648 429 3683 est
458 3649 607 3697 Scylax,
623 3651 688 3697 qui
706 3652 835 3689 seculo
854 3654 961 3690 sexto
981 3663 1015 3690 a.
1039 3653 1110 3690 Ch.
1132 3652 1294 3699 scripsit,
1316 3650 1475 3699 ideoque
1498 3649 1693 3687 Ponticum
1715 3647 1877 3696 Scylacis
1898 3646 2081 3695 periplum
2105 3644 2196 3682 dicit
2225 3645 2252 3683 l.
2280 3644 2305 3681 l.
2328 3658 2347 3677 «ι
2371 3643 2495 3690 redige
2516 3653 2577 3678 sur

41 3699 107 3737 des
132 3699 343 3737 materiam<
369 3700 555 3740 milesiens
574 3718 593 3736 »ι
619 3706 676 3743 Cf.
710 3707 829 3746 ldem.
854 3707 893 3745 in
919 3708 1111 3747 Mcfmoire
1134 3708 1360 3755 historique
1380 3716 1454 3744 sur
1487 3706 1529 3744 la
1546 3706 1677 3753 qdoyr.
1710 3714 1801 3742 nnc.
1833 3702 1890 3741 du
1922 3700 2131 3748 Caucaso(
2146 3702 2266 3739 Paris
2289 3700 2379 3738 1847
2398 3699 2411 3744 )
2434 3709 2468 3745 p.
2500 3702 2543 3758 22
2566 3705 2573 3726 ε

0 3751 1 3775 ³
42 3768 61 3786 «
79 3755 149 3794 Ces
167 3756 316 3794 notions
335 3755 446 3804 (quac
465 3757 513 3796 de
536 3760 700 3799 Ponticis
722 3764 933 3811 regionibus
956 3774 1021 3812 per
1040 3763 1203 3803 Milesios
1229 3762 1460 3801 innotuerint
1482 3763 1519 3799 et
1541 3761 1589 3798 ab
1609 3759 1851 3798 Onomacrito
1871 3758 1909 3796 in
1933 3757 2097 3805 Orphica
2118 3757 2216 3795 illata
2241 3756 2342 3800 sint)
2364 3755 2447 3790 sont
2467 3751 2571 3788 d'ail-

41 3807 142 3848 leurs
162 3812 326 3850 arrivces
342 3811 491 3860 Jusqu’a
518 3825 627 3862 nouS,
651 3826 700 3852 au
720 3819 840 3856 moins
863 3829 908 3856 en
932 3821 1064 3867 partie,
1085 3819 1179 3857 dans
1203 3819 1286 3857 leur
1306 3818 1424 3856 forme
1447 3816 1733 3864 probablement
1751 3814 1950 3862 originale3
1968 3813 2061 3851 c’est
2090 3814 2124 3851 le
2144 3813 2284 3860 periple
2303 3811 2349 3848 (16
2368 3810 2504 3869 Scylax·
2529 3807 2575 3843 de

44 3867 254 3915 Karyanda,
279 3868 484 3907 document
503 3870 682 3919 prccieux
715 3873 762 3910 de
784 3874 819 3910 la
843 3875 893 3912 lin
911 3876 961 3912 (lu
985 3877 1140 3914 sixicme
1175 3876 1287 3914 siecle
1309 3876 1422 3912 avant
1444 3875 1466 3911 J
1473 3873 1562 3918 .-C.,
1593 3871 1657 3919 qui
1690 3880 1787 3909 nous
1817 3871 1870 3908 les
1893 3880 1916 3907 a
1945 3867 2210 3907 conservees...
2234 3869 2285 3904 La
2306 3864 2421 3913 partie
2443 3872 2506 3908 qm
2535 3871 2574 3897 se

0 3932 1 3940 ¹
43 3924 214 4014 rappotrte
240 3933 316 3960 aux
337 3925 438 3962 cotes
458 3925 767 3974 septentrionales
785 3930 823 3966 et
836 3929 1033 3968 orientales
1047 3930 1094 3969 de
1115 3931 1262 3971 l'liuxin
1283 3943 1330 3971 ne
1353 3933 1459 3981 porte
1471 3939 1618 3967 aucune
1638 3929 1740 3965 trace
1769 3925 1994 3964 d'additions
2022 3923 2268 3973 posterieures
2287 3921 2307 3958 a
2331 3921 2364 3957 la
2385 3915 2581 3955 redaction

0 3990 1 4026 ᾗ
43 3983 150 4021 pruni
171 3987 240 4015 ΝΕ.
257 3991 275 4009 »
909 3990 912 3993 ⁴
