2782 4348
160 194 247 233 ¹38
557 210 602 252 0

31 294 145 337 phot.
157 306 274 350 τερον
293 288 366 335 καὶ
392 290 450 341 εἷς
469 286 640 349 λογικὴν
665 288 966 348 καταχωρῆσαι
988 283 1127 331 πίστιν
1161 287 1208 332 οὐ
1229 285 1388 351 ῥᾴδιον.

154 356 266 404 Οὔτε
284 357 365 420 γὰρ
383 357 504 404 πόθεν
520 358 576 409 εἰς
590 356 661 403 τὸν
678 358 830 418 χῶρον,
843 356 884 400 ἐν
906 345 942 415 ᾧ
959 354 1160 413 οἰκοῦσιν,
1182 355 1392 418 ἀφίκοντο,

154 423 263 472 ἔστιν
282 429 504 488 ἐπιγνῶναι
515 460 528 483 ,
550 424 644 471 οὔτε
659 424 770 474 ὅπως
781 457 795 481 ,
810 423 957 477 λισσῆς
976 420 1053 481 μὲν
1067 421 1224 486 πέτρας
1238 424 1392 473 ἄνωθεν

157 495 480 555 ἱπεζευγμένης,
508 496 554 540 ἐκ
577 491 756 550 πλαγίου
787 488 831 536 δὲ
852 492 1051 554 κρημνῶν
1080 493 1391 556 ἀφαιρουμένων

112 584 132 613 5
154 563 227 616 τὰς
243 565 462 627 παρόδους,
481 561 557 617 τὴν
579 561 623 606 δὲ
645 559 843 605 ἀπέναντι
863 566 1005 606 πᾶσαν
1023 560 1126 623 [τοῦ
1147 563 1230 609 πελ
1244 563 1257 580 ’
1310 570 1388 623 υς]

152 633 367 694 ὁρίζοντος,
387 631 408 678 ὃ
425 630 496 677 καὶ
510 632 616 691 πεζῇ
635 628 710 689 μὲν
731 629 904 676 διελθεῖν
917 631 1131 684 παντελῶς
1148 632 1164 694 (
1179 635 1235 685 ὣς
1250 651 1269 679 ε
1287 636 1390 693 πον)

153 703 372 761 ἀδύνατον,
396 700 580 763 σχεδίαις
600 700 637 746 δ’
657 698 806 761 ὁμοίως
824 699 979 765 ἀπορίᾳ
995 703 1078 748 τῶν
1099 704 1200 767 παρ’
1222 706 1324 765 ἡμῖν
1349 703 1390 759 ἔξ

151 772 239 817 ἴσου
276 770 446 833 ἄπορον.
511 768 684 818 Τούτων
714 767 759 815 δὲ
793 771 1058 834 ὑφεστώτων,
1090 772 1220 836 φησί,
1246 772 1394 820 λοιπὸν.

150 841 276 885 εἰπεῖν
300 841 355 892 ὡς
392 840 616 902 αὐθιγενεῖς
642 838 737 898 εἶσὶ,
766 838 937 899 μνήμην
958 843 1032 887 τοῦ
1061 840 1228 904 πρώτου
1261 841 1390 906 σπέρ-

89 928 128 958 10
151 926 282 968 ματος
311 909 359 953 οὐ
391 907 618 969 λαὸόντες,
658 907 724 954 ἀεὶ
762 908 805 954 δὲ
836 907 1123 972 ὑπάρχοντες,
1158 908 1204 957 ὃν
1238 910 1389 974 τρόπον

148 978 244 1024 ἔνιοι
264 980 347 1024 τῶν
367 978 631 1038 καλουμένων
648 979 852 1043 ὡρίσαντο
874 981 1072 1043 φυσικῶν.

211 1064 267 1096 ⁴7.
302 1046 407 1096 Ὅτι
442 1051 524 1095 τῶν
547 1051 700 1095 στενῶν
739 1047 929 1095 ἐπέκεινα
945 1083 960 1106 ,
997 1048 1125 1113 φησί,
1165 1051 1247 1095 τῶν
1286 1068 1386 1114 συγ-

149 1117 369 1165 κλειόντων
393 1118 469 1175 τήν
492 1137 537 1165 τε
557 1117 755 1183 Ἀραόίαν
784 1118 855 1165 καὶ
878 1118 953 1175 τὴν
989 1118 1190 1166 ἀπέναντι
1219 1117 1386 1183 χώραν,

146 1189 262 1243 νῆσοι
284 1194 443 1235 κεῖνται
466 1189 698 1251 σποράδες,
722 1188 919 1235 ταπειναὶ
952 1196 1108 1247 πᾶσαι,
1149 1189 1296 1254 μικραὶ
1327 1193 1387 1253 τῷ

86 1283 122 1312 15
150 1257 336 1319 μεγέθει,
371 1258 419 1305 τὸ
441 1260 596 1316 πλῆθος
619 1258 847 1320 ἀμύθητοι,
881 1258 1041 1323 καρπὸν
1063 1259 1207 1306 οὐδένα
1232 1263 1387 1322 γεννῶ-

19 1389 348 1448 Βίοά.οἷκῆσεις,
386 1389 494 1437 ὥστε
531 1390 693 1448 πολλὴν
731 1392 909 1454 ἀπορίαν
943 1391 1201 1455 παρέχεσθαι
1229 1394 1312 1446 τοῖς
1333 1393 1387 1439 τὰ

145 1464 318 1507 τοιαῦτα
344 1461 700 1525 φιλοτιμουμένοις
731 1463 887 1519 ζητεῖν·
923 1464 965 1508 ἐν
992 1462 1073 1527 γὰρ
1106 1462 1387 1526 ἀποκρήμνοις

145 1529 324 1594 φάραγξι
346 1530 612 1593 καθίδρυνταί
638 1549 764 1587 τινες,
784 1533 841 1583 εἰς
870 1530 918 1584 ἃς
940 1531 981 1584 ἐξ
1006 1533 1137 1594 ἀρχῆς
1157 1525 1208 1588 ἦν
1229 1532 1384 1578 ἀδύνα-

141 1616 213 1661 τον
236 1599 524 1660 παραὸάλλειν
547 1598 640 1653 τούς
660 1599 915 1663 ἀνθρώπους,
937 1600 1091 1647 ἄνωθεν
1110 1599 1185 1662 μὲν
1209 1600 1386 1665 ἐπεχού-

79 1687 109 1715 :a
145 1685 219 1723 σης
257 1668 412 1731 πέτρας
446 1670 608 1733 ὑψηλῆς
641 1669 713 1716 καὶ
752 1670 1012 1734 πανταχόθεν
1057 1671 1293 1733 ἀποτόμου,
1336 1673 1386 1719 ἐκ

142 1737 332 1798 πλαγίων
345 1737 387 1785 δὲ
405 1741 601 1802 κρημνῶν
620 1740 852 1803 ἀπροσίτων
865 1742 1173 1805 ὑφαιρουμένων
1186 1740 1261 1795 τὰς
1277 1761 1384 1806 παρ·

142 1805 282 1864 όδους,
305 1806 381 1864 τὴν
417 1808 459 1855 δὲ
497 1808 647 1865 λοιπὴν
670 1810 853 1873 πλευρὰν
886 1815 957 1857 τοῦ
981 1811 1184 1873 πελάγους
1218 1811 1382 1875 ὁρίζον-

141 1894 231 1930 τος,
263 1876 287 1923 ὃ
323 1879 429 1939 πεζῇ
463 1877 539 1939 μὲν
569 1880 741 1926 διελθεῖν
785 1879 1000 1939 ἀδύνατον,
1034 1882 1218 1945 σχεδίαις
1251 1881 1294 1929 δὲ
1336 1883 1382 1930 οὐ

141 1950 325 2009 χρῶνται
346 1947 395 1994 τὸ
415 1948 633 2011 παράπαν,
651 1949 808 1996 πλοίων
831 1970 876 1997 τε
899 1953 981 1997 τῶν
1002 1951 1102 2016 παρ’
1124 1955 1226 2013 ἡμῖν
1249 1951 1381 2018 ὑπάρ-

77 2034 107 2063 2·
143 2034 289 2079 ypucw
313 2018 562 2075 ἀνεννόητοι.
629 2019 841 2076 Τοιαύτης
864 2020 908 2067 δὲ
931 2022 1106 2085 ἀπορίας
1121 2022 1216 2085 περὶ
1236 2021 1383 2076 αὐτοὺς

141 2084 296 2146 οὔσης,
325 2087 593 2134 ὑπολείπεται
627 2087 762 2151 λέγειν
786 2089 1037 2153 αὐτόχθονας
1066 2090 1212 2144 αὐτοὺς
1242 2092 1381 2154 ὑπάρ-

141 2173 251 2218 χειν,
274 2155 408 2219 ἀρχὴν
429 2156 504 2218 μὲν
523 2161 595 2204 τοῦ
617 2157 783 2221 πρώτου
806 2158 947 2220 γένους
965 2159 1174 2221 μηδεμίαν
1198 2159 1381 2222 ἐσχηκό-

140 2242 237 2283 τας,
270 2226 335 2272 ἀεὶ
363 2227 400 2272 δ’
418 2226 460 2280 ἐξ
494 2228 639 2279 αἰῶνος
659 2227 907 2289 γεγονότας,
944 2228 1132 2292 καθάπερ
1169 2227 1266 2275 ἔνιοι
1299 2231 1380 2275 τῶν

141 2294 397 2358 φυσιολόγων
419 2295 516 2359 περὶ
540 2297 708 2344 πάντων
747 2300 829 2344 τῶν
864 2297 1247 2361 φυσιολογουμένων
1271 2300 1379 2345 ἀπε-

75 2383 119 2412 ao
141 2363 339 2427 φήναντο.
407 2364 535 2412 Ἀλλὰ
546 2365 626 2430 γὰρ
641 2365 739 2431 περὶ
757 2366 832 2428 μὲν
847 2370 930 2413 τῶν
946 2367 1139 2414 τοιούτων
1161 2367 1379 2431 ἀνεφίκτου

139 2436 211 2488 τῆς
233 2434 414 2487 ἐπινοίας
431 2436 532 2496 ἡμῖν
552 2435 694 2493 οὔσης,
715 2435 832 2483 οὐδὲν
850 2436 1001 2484 κωλύει
1018 2435 1111 2489 τούς
1125 2435 1179 2483 τὰ
1199 2438 1376 2484 πλεῖστα

141 2503 486 2565 ἀποφηναμένους
505 2506 707 2567 ἐλάχιστα
730 2504 962 2567 γινώσκειν,
993 2509 1047 2559 ὥς
1068 2505 1118 2552 ἂν
1138 2509 1211 2563 τῆς
1229 2508 1270 2552 ἐν
1293 2513 1377 2560 τοῖς

138 2572 274 2633 λόγοις
309 2573 582 2630 πιθανότητος
615 2574 690 2631 τὴν
733 2574 807 2635 μὲν
843 2576 971 2633 ἀκοὴν
1008 2574 1252 2637 πειθούσης,
1300 2576 1374 2632 τὴν

139 2642 174 2686 δ’
198 2642 393 2698 ἀλήθειαν
413 2644 604 2703 οὐδαμῶς
627 2644 914 2708 εὑρισκούσης.

72 2731 114 2761 aa
201 2726 258 2758 47.
294 2711 467 2768 Ῥητέον
493 2715 529 2759 δ’
551 2718 651 2774 ἡμῖν
677 2714 749 2760 καὶ
773 2715 867 2777 περὶ
897 2717 977 2761 τῶν
1001 2714 1265 2775 καλουμένων
1285 2717 1373 2763 Χε-

136 2780 402 2844 λωνοφάγων,
425 2781 468 2827 ὃν
503 2782 652 2844 τρόπον
689 2783 830 2846 ἔχουσι
864 2783 937 2839 τὴν
960 2783 1059 2841 ὅλην
1095 2785 1273 2831 διάθεσιν
1301 2789 1372 2831 τοῦ

139 2849 243 2912 βίου.
311 2852 445 2907 Νῆσοι
467 2851 547 2914 γάρ
565 2854 643 2898 εἶσι
668 2853 774 2898 κατὰ
796 2853 863 2898 τὸν
884 2853 1087 2900 Ὠκεανὸν
1104 2854 1277 2910 πλησίον
1296 2857 1370 2911 τῆς

192 2984 339 3039 546,Ι.
360 2998 401 3027 2.
423 2983 695 3042 ἀφίκοντο]
715 2985 860 3042 ἀφῆκαν
881 2988 930 3038 C,
949 2986 1020 3028 ubi
1047 2986 1229 3043 ἀφίκοντο
1249 3002 1373 3029 manu

134 3061 218 3090 sec.
238 3050 258 3101 ΙΙ
272 3071 332 3081 -
353 3049 394 3091 5.
416 3050 512 3091 πᾶσ
522 3050 605 3106 αν]
624 3063 682 3091 sc.
696 3049 881 3106 πλευράν,
906 3050 984 3091 nisi
1001 3050 1088 3091 liaec
1114 3064 1192 3091 vox
1215 3058 1285 3091 aut
1303 3065 1373 3091 ex·

134 3109 238 3153 cidit
253 3111 388 3153 autin
406 3114 533 3154 πᾶσαν
563 3121 758 3170 corrupta
774 3122 850 3155 at.
882 3112 1022 3155 Verba
1048 3115 1117 3155 τοῦ
1146 3112 1338 3168 πελάγους
1355 3127 1379 3154 e

135 3172 326 3216 Diodoro
353 3175 561 3232 supplevit
580 3175 823 3219 Hudsonus.
852 3178 1047 3220 Ceterum
1068 3190 1206 3218 sermo
1239 3185 1299 3217 est
1325 3175 1378 3218 dc

137 3235 348 3279 montibus
365 3236 443 3279 illis
457 3238 529 3294 qui
547 3238 688 3281 Amba
703 3238 840 3280 vocari
855 3238 1002 3280 solent.
1019 3238 1075 3279 V.
1094 3238 1227 3280 Ritter
1240 3237 1372 3279 Erdk.

135 3300 173 3348 1,
188 3313 233 3355 p.
261 3312 340 3354 ¹9⁰
357 3314 421 3355 sq.
443 3307 459 3348 Ιι
481 3323 525 3338 :z
550 3304 591 3343 6.
614 3300 818 3358 διελθεῖν]
846 3299 975 3343 ἐλθεῖν
1001 3298 1126 3343 codd.
1158 3308 1200 3342 et
1235 3298 1372 3352 editt.;

136 3360 352 3403 emendavi
380 3377 404 3403 e
429 3362 634 3405 Diodoro.
657 3362 868 3405 neuneu-us
899 3377 978 3420 pro
998 3363 1022 3405 ὃ
1047 3361 1113 3405 καὶ
1141 3361 1271 3405 ζλθιῖν
1294 3361 1372 3418 leg.

135 3425 350 3479 proposuit
365 3422 403 3466 οἷ
421 3424 563 3467 ἐλθεῖν.
582 3426 732 3482 ᾕΙ-7.
750 3426 1023 3481 σχεδίαις...
1049 3425 1257 3481 ἄπορον]
1278 3425 1377 3467 Haec

138 3485 241 3526 male
260 3486 430 3528 Photius
452 3489 672 3530 contraxit.
696 3488 753 3530 V.
772 3486 948 3531 Diodor.
969 3490 988 3542 ΙΙ
1004 3511 1060 3521 —-
1082 3503 1125 3544 9.
1151 3486 1373 3545 μνήμην]

135 3547 224 3597 ΑΒ,
244 3546 372 3602 λύμην
389 3550 437 3590 C.
456 3550 579 3591 missa
593 3564 693 3591 voce
713 3548 798 3591 εἰσί.
818 3551 880 3592 De
899 3564 945 3592 re
958 3549 1014 3592 cs.
1031 3551 1240 3592 Mannert.
1261 3550 1318 3602 X,
1335 3563 1373 3602 1,

193 3671 335 3727 §⁴⁷‚L
359 3686 423 3715 12.
438 3689 473 3715 τ.
503 3679 694 3716 στενῶν
712 3677 795 3731 ]sc.
810 3677 1105 3719 sinusPersici.
1126 3678 1212 3732 11-
1230 3677 1278 3719 13
1291 3673 1375 3728 τὴν

137 3733 378 3779 ἀπέναντι
406 3737 607 3792 γώραν]
630 3738 906 3780 Carmaniam.
927 3740 1072 3780 Sinum
1093 3738 1207 3780 illum
1241 3738 1374 3781 Ptole·

126 3811 265 3841 ⁴minus
278 3798 426 3841 κόλπον
446 3797 693 3854 ἰχθυοφάγων
710 3799 909 3854 appellat;
930 3800 1017 3855 ejus
1040 3800 1374 3856 tranquillitatem

137 3870 342 3904 memorat
360 3860 519 3904 Plinius
538 3862 616 3912 lx,
639 3874 681 3911 2,
701 3875 826 3916 quem
843 3861 980 3903 locum
1010 3862 1137 3904 modo
1160 3863 1377 3919 adscripsi·

136 3937 246 3965 mus.
265 3925 328 3966 De
347 3922 677 3980 Chelonophagis
698 3922 749 3964 ad
770 3925 1029 3965 Carmaniam
1053 3924 1188 3966 obiter
1207 3933 1377 3968 monent

137 3984 244 4027 Mela
254 3987 332 4037 111,
355 3989 379 4028 8
397 3987 476 4039 (ex
490 4000 624 4042 eoque
637 3985 802 4027 Solinus
817 4001 855 4027 c.
874 3988 898 4028 8
916 3987 929 4042 )
948 4003 959 4037 3
978 3987 1220 4029 Ptolemaeus
1236 3990 1311 4039 Vl,
1332 3991 1375 4040 8,

142 4050 182 4091 l‘.
208 4049 304 4099 415,
324 4064 348 4102 9
365 4064 376 4099 ;
400 4050 695 4105 Marcianusp.
714 4061 791 4100 225
810 4047 1003 4090 disertius
1021 4050 1176 4091 Plinius
1198 4053 1274 4102 VI,
1292 4053 1345 4093 28
1365 4064 1375 4092 z

1131 185 1211 231 Ex
1244 185 1729 241 AGATnAncfflnE

2535 199 2699 267 (ω.)

1462 294 1580 342 tacite
1597 299 1733 344 cadat.
1790 303 1896 344 Nam
1916 317 2051 359 neque
2080 303 2193 347 unde
2208 306 2250 347 iu
2274 305 2427 356 locum,
2447 306 2521 349 ubi
2540 322 2703 353 venan-

1460 367 1546 412 tur,
1569 365 1850 419 pervenerint,
1874 366 2111 419 cognitione
2126 369 2287 424 assequi
2307 368 2416 419 licet,
2445 384 2579 426 neque
2596 385 2705 427 quo·

1460 422 1589 466 modo
1597 440 1611 476 ;
1635 426 1840 482 siquidem
1871 426 2002 470 ardua
2028 429 2088 470 eis
2115 438 2232 486 petra
2254 445 2331 472 ceu
2356 430 2504 487 jugum
2525 431 2705 490 desuper

1460 485 1689 543 impendet,
1713 497 1756 531 et
1768 490 1994 547 praecipitia
2013 505 2064 533 ex
2086 491 2258 549 obliquo
2276 494 2471 535 transitus
2492 491 2699 548 adimunt,

1460 556 1501 590 et
1524 549 1640 606 quod
1660 565 1712 594 ex
1725 550 1899 595 adverso
1914 552 2020 596 latus
2044 562 2106 596 est
2130 554 2273 612 pelago
2296 557 2557 608 terminatur,
2586 557 2702 614 quod

1460 618 1507 652 ut
1517 612 1693 668 pedibus
1708 615 1846 669 (sicut
1862 615 1948 658 dixi
1965 615 1981 674 )
1997 617 2162 659 transiri
2177 618 2336 674 nequit,
2354 619 2413 660 sic
2426 620 2583 661 ratibus
2599 635 2704 676 quo·

1459 688 1563 730 que,
1581 676 1638 719 ob
1658 676 1868 721 desectum
1885 694 2031 722 eorum
2050 694 2143 736 quae
2154 681 2274 723 nobis
2290 691 2440 739 praeato
2454 692 2566 734 sunt,
2587 699 2703 740 reque

2773 707 2782 721 .-
2750 465 2782 641 ..afim
2758 415 2782 437 ᾗ
2779 347 2782 364 ,,
2775 242 2782 260 .-

1458 735 1627 782 difficile
1647 747 1724 783 est.
1783 743 1889 796 Quoe
1903 756 2036 798 quum
2057 743 2112 785 ita
2132 758 2177 785 se
2194 743 2388 796 babeant,
2411 745 2615 802 reliquum
2639 756 2699 790 cst
2780 768 2782 771 ·

1458 807 1507 842 ut
1525 798 1689 844 dicatur
1708 802 1941 859 aborigines
1972 818 2074 857 ease,
2107 806 2179 862 qui
2211 807 2335 863 primi
2356 809 2524 850 seminis
2548 822 2704 851 memo-

1457 862 1563 905 riam
1585 878 1671 906 non
1693 866 1942 922 acceperint,
1965 865 2039 909 aed
2053 881 2129 924 per

2151 882 2277 911 omne
2301 884 2433 912 aevum
2458 871 2514 913 ibi
2534 874 2703 915 exstite·
2780 879 2782 884 '

1457 925 1559 977 rint,
1577 925 1933 982 quemadmodum
1951 927 1996 969 id
2016 927 2101 984 (de
2113 928 2239 972 rebus
2255 932 2509 974 naturalibus
2526 933 2540 990 )
2563 934 2701 991 physi-
2780 919 2782 952 j

1457 1000 1609 1029 corum
1624 1018 1636 1039 ,
1657 988 1730 1044 qui
1752 987 2025 1045 appellantur,
2048 991 2238 1034 nonnulli
2253 993 2571 1038 contenderunt.

1513 1057 1584 1109 47.
1615 1054 1734 1096 Ultra
1753 1057 1960 1110 angustias
1970 1055 2073 1108 illas,
2092 1071 2185 1114 quat
2198 1058 2394 1102 Arabiam
2409 1068 2451 1103 et
2465 1062 2696 1119 oppositam

1456 1123 1669 1178 regionem
1701 1122 1916 1176 claudunt,
1956 1138 2107 1181 sparsae
2129 1123 2269 1181 jacent
2306 1127 2464 1180 insulae,
2497 1128 2701 1187 depressae

1457 1205 1618 1243 omnes,
1642 1191 1928 1247 magnitudine
1945 1206 2099 1249 parvae,
2120 1207 2298 1236 numero
2320 1194 2506 1248 infinitae‚
2538 1198 2697 1241 nullum

1458 1261 1511 1303 ad
1531 1262 1622 1303 vitae
1640 1261 1979 1305 commoditatem
1995 1262 2176 1305 fructum
2192 1263 2464 1320 proferentes,
2483 1280 2616 1323 neque
2633 1282 2696 1310 aa·

1458 1401 1517 1442 sic
1534 1401 1718 1453 habitat,
1738 1411 1785 1443 ut
1814 1417 2007 1458 magnam
2025 1402 2120 1445 talia
2148 1403 2428 1446 scrutantibus
2456 1390 2702 1460 perplexita-

1456 1478 1540 1511 tem
1561 1485 1626 1511 res
1646 1470 1807 1513 afferat.
1867 1473 1917 1512 In
1936 1471 2156 1528 praeruptis
2174 1472 2287 1513 enim
2316 1471 2488 1514 vallibus
2509 1473 2697 1515 nonnulli

1453 1538 1687 1589 consident,
1710 1553 1795 1595 quo
1816 1538 1953 1580 nullus
1974 1538 2027 1581 ab
2048 1539 2168 1581 initio
2196 1554 2382 1582 accessus
2399 1548 2539 1597 patere
2557 1541 2694 1583 bomi-

1451 1607 1576 1648 nibus
1607 1607 1758 1663 potuit.
1819 1609 2008 1663 Desuper
2038 1608 2150 1649 enim
2180 1608 2397 1664 praecelsus
2431 1617 2473 1650 et
2510 1609 2699 1666 undique

1450 1676 1631 1717 abscisus
1652 1676 1844 1718 imminet
1865 1676 2084 1733 scopulus;
2105 1691 2129 1718 e
2158 1685 2392 1719 transverso
2414 1685 2553 1719 autem
2575 1678 2699 1719 inviis

1448 1746 1686 1803 praecipitiis
1715 1747 1852 1788 omnis
1888 1745 2129 1802 praeciditur
2157 1745 2319 1798 aditus;
2352 1746 2557 1803 reliquum
2591 1746 2698 1789 latus

1449 1830 1563 1857 mare
1585 1816 1807 1867 tei-minat,
1829 1815 1944 1873 quod
1976 1825 2023 1858 ut
2044 1815 2221 1873 pedibus
2253 1817 2419 1859 transiri
2443 1817 2613 1873 nequit,
2638 1817 2695 1860 ita

1448 1886 1601 1927 ratium
1620 1885 1757 1927 nullus
1778 1886 1953 1928 omnino
1983 1885 2081 1943 ipsis
2100 1899 2222 1937 usus,
2245 1886 2504 1941 navigiorum
2526 1894 2665 1928 autem
2678 1916 2694 1939 ,

1449 1955 1586 2012 qualia
1602 1955 1723 1998 uobis
1740 1963 1981 2012 suppetunt,
2001 1955 2111 1997 nulla
2134 1963 2195 1997 est
2215 1955 2378 1997 notitia.
2437 1957 2542 2009 Qua:
2558 1969 2692 2012 quum

1450 2025 1506 2066 ita
1544 2023 1674 2067 dubia
1701 2025 1784 2066 sint
1813 2032 1853 2066 et
1885 2023 2077 2065 intricata
2094 2054 2106 2075 ,
2129 2031 2254 2065 restat
2275 2031 2323 2064 ut
2356 2022 2590 2078 aborigines
2613 2023 2694 2065 hos

1448 2107 1550 2143 csse,
1572 2093 1645 2149 qui
1665 2092 1820 2148 absque
1834 2100 1949 2134 certo
1964 2092 2238 2147 generationis
2252 2091 2459 2148 principio
2477 2105 2553 2147 per
2568 2106 2694 2133 omne

1447 2176 1613 2219 semper
1663 2178 1796 2205 aevum
1834 2162 1903 2204 hic
1943 2162 2175 2204 exstiterint
2188 2192 2201 2214 ,
2238 2160 2493 2203 affirmemus
2510 2177 2521 2212 ;
2573 2160 2688 2219 quod

1448 2233 1586 2288 ipsum
1604 2239 1763 2273 naturae
1780 2238 2031 2272 scrutatores
2045 2228 2216 2286 quidam
2231 2227 2285 2270 de
2298 2229 2459 2271 cunctis
2480 2228 2604 2271 rebus
2618 2243 2690 2271 na·

1449 2299 1651 2342 toralibus
1688 2313 1918 2341 asseverare
1956 2312 2043 2340 non
2089 2296 2299 2340 dubitant.
2357 2298 2517 2339 Verum
2557 2311 2689 2353 quum

1446 2367 1687 2424 hujusmodi
1702 2382 1844 2410 rerum
1864 2366 2047 2422 cognitio
2062 2364 2292 2407 intellectus
2309 2365 2441 2407 nostri
2457 2366 2563 2407 vires
2576 2378 2693 2407 exee-

1446 2437 1533 2491 dat,
1554 2438 1658 2495 quid
1690 2437 1865 2495 impedit
1883 2437 1986 2494 quin
2016 2436 2196 2493 plurima
2227 2442 2455 2477 astruentes
2486 2449 2539 2476 ne
2566 2434 2690 2476 mini·

1447 2523 1559 2550 mam
1593 2507 1763 2564 quidem
1794 2515 1955 2564 partem
1983 2505 2281 2562 assequantur?
2313 2504 2427 2561 quod
2466 2503 2688 2546 verborum

1444 2577 1713 2634 probabilitas
1731 2590 1851 2618 auroe
1866 2576 2036 2633 quidem
2052 2577 2200 2632 capiat,
2218 2574 2289 2616 sed
2307 2575 2519 2616 veritatem
2533 2586 2687 2629 nequa-

1445 2659 1560 2701 quan
1590 2645 1787 2687 inveniat.

1500 2718 1553 2770 ¹⁸7
1576 2717 1593 2768 (
1613 2718 1710 2771 Cap.
1728 2727 1775 2755 αι
1799 2713 1831 2769 ).
1855 2710 2132 2754 Refer-endum
2153 2725 2319 2767 quoque
2333 2709 2387 2751 de
2398 2709 2686 2766 Chelonopha-

1443 2784 1503 2836 gis
1529 2783 1642 2838 (sive
1659 2782 1712 2823 de
1732 2782 1795 2831 iis,
1817 2781 1888 2836 qui
1912 2778 2187 2821 testudinibus
2210 2779 2395 2819 victitant
2414 2778 2447 2835 ),
2466 2776 2683 2834 quomodo

1443 2867 1517 2909 per
1535 2860 1663 2894 totam
1683 2850 1847 2892 vivendi
1878 2851 2079 2891 rationem
2115 2863 2200 2889 sese
2222 2856 2379 2902 gerant.
2441 2849 2545 2890 Sunt
2574 2849 2687 2889 enim

1450 2991 1498 3029 In
1522 2986 1748 3028 Carmania·
1772 2985 1922 3037 anguto
1955 2993 2052 3025 sunt
2091 2983 2399 3039 Chelonophagi,
2435 2982 2689 3024 testudinum

1444 3048 1655 3106 superficie
1671 3062 1792 3090 casas
1815 3056 2001 3100 tegentes,
2019 3060 2139 3087 carne
2160 3054 2375 3087 vescentes.
2399 3043 2690 3087 Artemidorus

1445 3120 1584 3152 nostra
1608 3110 1661 3152 de
1685 3109 2014 3165 Chelonophagis
2041 3116 2179 3150 narrat
2202 3109 2243 3149 in
2264 3107 2542 3163 descriptione
2571 3107 2687 3148 sinus

1449 3173 1628 3215 Arabici.
1651 3172 1751 3214 Vid.
1776 3186 1899 3228 supra
1916 3180 2004 3213 not.
2027 3171 2091 3212 Cf.
2115 3170 2271 3212 Plinius
2286 3172 2363 3221 IX,
2388 3183 2435 3212 ια
2458 3183 2468 3211 :
2496 3169 2685 3211 Testudi-

1447 3251 1515 3277 nss
1533 3244 1661 3277 tanta·
1681 3233 1982 3288 magnitudinis
2006 3232 2197 3275 Indicum
2217 3247 2327 3274 mare
2340 3231 2511 3281 emittit,
2534 3239 2581 3272 ut
2597 3230 2686 3273 sin-

1442 3298 1634 3349 gularum
1655 3297 1867 3355 superficie
1888 3295 2136 3338 habitabiles
2165 3310 2285 3338 casas
2316 3295 2502 3347 integant
2515 3311 2530 3343 ,·
2562 3301 2687 3351 atque

1448 3361 1555 3403 inter
1570 3360 1727 3402 insulas
1747 3359 1877 3402 Rubri
1890 3359 2098 3416 [πατέρας
2117 3359 2246 3401 maris
2270 3358 2336 3400 lois
2358 3357 2562 3410 navigant
2576 3370 2684 3412 cym-

1446 3423 1526 3465 bis.
1551 3423 1781 3481 Capinntnr
1805 3421 1948 3464 multis
1962 3421 2124 3479 quidem
2141 3421 2289 3471 modis,
2314 3420 2389 3463 sed
2405 3419 2583 3462 maxime
2597 3433 2685 3461 eve-

1445 3495 1523 3528 cta.-
1541 3486 1583 3527 in
1601 3500 1761 3527 summa
1771 3484 1912 3542 pelagi
1930 3483 2254 3526 antemeridiano
2278 3493 2453 3541 tempore
2477 3480 2680 3532 blandito,

1445 3548 1641 3591 eminente
1656 3557 1740 3590 toto
1757 3547 1877 3589 dorso
1893 3562 1972 3605 per
1989 3547 2217 3604 tranquilla
2228 3546 2450 3602 fluitantes
2468 3562 2482 3587 .·
2505 3559 2596 3602 quoe
2613 3558 2683 3586 200·

1447 3611 1587 3669 {aptas
1603 3611 1724 3653 libere
1742 3609 1936 3668 spirandi
1955 3610 1997 3652 in
2021 3619 2184 3652 tantum
2201 3609 2330 3665 fallit
2351 3607 2505 3650 oblitas
2525 3605 2608 3655 sni,
2636 3614 2684 3647 nt

1444 3674 1546 3717 sotis
1569 3689 1719 3731 vapore
1736 3674 1892 3716 siccato
1905 3673 2069 3722 cortice,
2088 3688 2166 3715 non
2184 3681 2334 3730 queant
2350 3670 2490 3724 mergi,
2518 3669 2682 3712 invitae-

1445 3752 1521 3794 que
1532 3737 1718 3792 fluitent,
1745 3746 1986 3794 opportuna:
2008 3734 2247 3779 minantium
2271 3732 2441 3792 proedae.
2464 3735 2617 3775 Ferunt
2640 3740 2681 3772 et

1442 3809 1612 3856 pastum
1648 3814 1827 3852 egressas
1851 3808 1972 3841 noctu
1988 3830 2000 3849 ,
2032 3797 2232 3854 avideque
2260 3805 2476 3839 saturatas
2496 3794 2679 3837 lassari:

1444 3873 1567 3918 atque
1594 3872 1639 3903 ut
1662 3862 1927 3904 remeaverint
1958 3861 2179 3911 matutino,
2203 3874 2365 3902 summa
2399 3858 2441 3901 in
2470 3872 2579 3915 aqua
2609 3855 2681 3898 ob-

1445 3922 1700 3967 sum-miscere:
1717 3924 1895 3983 idpmdi
1904 3923 2161 3966 stertentium
2169 3922 2324 3965 sonitu.
2346 3924 2446 3965 Tum
2461 3919 2677 3967 adnatare.

1449 3986 1680 4043 leviterque,
1702 3987 1880 4041 singulis
1900 3995 2060 4035 ternos;
2088 4000 2115 4027 a
2132 3984 2291 4027 duobus
2311 3984 2352 4026 in
2371 3982 2535 4025 dorsum
2558 3978 2675 4028 avrti,

1448 4063 1475 4088 a
1506 4050 1626 4091 tertio
1661 4050 1846 4107 laqueum
1882 4049 2001 4105 injici
2031 4048 2207 4106 snpinoe,
2240 4057 2362 4104 atquc
2390 4046 2451 4088 ita
2472 4060 2492 4087 e
2514 4054 2621 4086 term
2651 4057 2679 4084 a
