2782 4348
133 152 220 213 (⁵⁶·)

1 194 112 335 ..ᾇοὶ
125 255 171 300 τὸ
191 258 487 322 μακροχρόνιον
524 263 569 307 οὗ
601 262 818 325 φέροντες)
843 264 960 328 ξίφει,
980 267 1007 323 ἢ
1029 271 1133 332 αὐτῇ
1165 275 1352 338 θαλάσσῃ

8 326 28 387 §.³
126 332 230 386 σφᾶς
253 327 397 380 αὐτοὺς
417 330 732 391 ἐπιρρίπτοντες.

46 455 136 518 od.(
155 458 412 520 ἀποστροφῆς
426 457 470 518 ?)
497 460 765 520 τυγχάνοντες
786 465 841 516 εἷς
864 467 1049 527 μεγάλην
1073 471 1248 533 ἀπορίαν
1270 477 1352 535 ἐμ-

81 539 100 567 5
120 525 314 571 πίπτουσι
335 525 400 570 διὰ
423 525 467 571 τὸ
488 526 592 586 μήτε
613 534 736 584 νῆσον
768 533 873 592 μήτε
897 535 1027 598 ἄκραν
1051 540 1220 602 ἠπείρου
1242 544 1349 604 μήτε

120 599 218 640 ναῦν
239 593 380 657 ἑτέραν
410 596 584 650 πλησίον
608 601 874 663 ὑπάρχουσαν
898 607 1091 666 δρᾶσθαι·
1116 609 1246 663 ἄξενοι
1268 614 1349 677 γὰρ

123 664 332 716 παντελῶς
367 666 404 709 οἳ
430 664 547 711 τόποι
579 668 650 713 καὶ
687 671 880 725 σπανίους
917 675 1076 737 ἔχοντες
1105 679 1198 732 τοὺς
1228 684 1348 728 ναυσὶ

0 652 3 804 Ι
117 731 489 794 διακομιζομένους.
560 738 698 800 Χωρὶς
721 740 762 784 δὲ
782 741 935 789 τούτων
955 749 1035 791 τῶν
1055 753 1193 794 κακῶν
1212 754 1232 796 ὁ
1251 752 1349 797 κλύ-

117 800 197 845 δων
219 802 259 846 ἐν
280 803 428 865 ἀκαρεῖ
443 803 579 868 χρόνῳ
595 809 653 868 τῷ
676 807 789 854 κύτει
807 814 880 864 τῆς
895 812 994 865 νεὼς
1013 821 1180 863 τοσοῦτο
1195 821 1348 876 πλῆθος

54 883 94 913 10
117 868 258 930 ἄμμου
285 871 543 933 προσὸάλλει
570 875 642 920 καὶ
680 881 927 943 συσσωρεύει
949 886 1211 947 παραδόξως,
1237 889 1346 936 ὥστε

114 937 181 983 τὸν
201 937 340 1003 κύκλῳ
360 940 486 988 τόπον
509 944 837 1008 περιχώννυσθαι
859 950 931 997 καὶ
952 952 998 998 τὸ
1030 955 1182 1020 σκάφος
1205 956 1344 1023 ὥσπερ

113 1006 300 1065 ἐπίτηδες
332 1012 647 1071 ἐνδεσμεύεσθαι
677 1021 727 1080 τῇ
755 1016 912 1083 χέρσῳ.
981 1025 1037 1070 Οἱ
1069 1027 1111 1071 δὲ
1130 1027 1262 1091 τούτῳ
1284 1033 1344 1094 τῷ

112 1078 391 1139 συμπτώματι
409 1083 698 1145 περιπεσόντες
718 1087 764 1132 τὸ
788 1087 861 1148 μὲν
881 1095 1042 1153 πρῶτον
1062 1098 1236 1159 μετρίως
1250 1099 1344 1144 ὀδύ-

113 1163 249 1206 ρονται
281 1148 381 1211 πρὸς
414 1151 555 1214 κωφὴν
592 1155 782 1216 ἐρημίαν,
806 1159 851 1203 οὗ
884 1164 1096 1216 παντελῶς
1118 1166 1207 1227 (δὲ)
1235 1170 1342 1213 ἀπε-

50 1230 88 1260 15
111 1216 310 1275 γνωκότες
344 1220 398 1270 εἷς
431 1221 542 1274 τέλος
569 1222 643 1279 τὴν
677 1227 904 1289 σωτηρίαν·
929 1233 1127 1286 πολλάκις
1148 1235 1226 1297 γὰρ
1259 1241 1342 1291 τοῖς

107 1284 303 1338 τοιούτοις
328 1289 535 1350 ἐπιφανεὶς
558 1295 578 1337 ὃ
599 1296 673 1348 τῆς
698 1297 986 1358 πλημμυρίδος
1014 1301 1172 1349 κλύδων
1200 1305 1339 1368 ἐξῆρεν

108 1353 163 1403 εἷς
181 1353 293 1413 ὕψος,
314 1356 384 1400 καὶ
413 1357 505 1411 τοὺς
528 1361 715 1422 ἐσχάτως
736 1366 1040 1424 κινδυνεύοντας
1058 1374 1235 1436 ὡσπερεὶ
1253 1377 1340 1429 θεὸς

47 1433 50 1435 ·
105 1421 312 1484 ἐπιφανεὶς
341 1425 591 1489 διεφύλαξεν·
623 1430 719 1477 ὅταν
750 1434 792 1479 δὲ
828 1436 909 1482 ἀπὸ
950 1439 1024 1499 μὲν
1057 1446 1137 1488 τῶν
1172 1449 1270 1490 θεῶν
1307 1451 1334 1503 ἡ

104 1493 380 1554 προειρημένη
417 1495 474 1555 μὴ
500 1502 846 1566 παρακολουθήσῃ
883 1508 1074 1567 βοήθεια,
1108 1513 1160 1557 τὰ
1198 1514 1241 1559 δὲ
1265 1520 1337 1572 τῆς

37 1570 80 1601 20
102 1563 250 1622 τροφῆς
274 1562 398 1625 λίπῃ,
436 1566 528 1618 τοὺς
557 1567 633 1627 μὲν
667 1572 976 1637 ἀσθενεστέρους
1009 1582 1045 1624 οἱ
1083 1585 1335 1645 κατισχύον-

99 1646 163 1680 τες
200 1630 469 1680 ἐκὸάλλουσιν
500 1638 556 1689 εἷς
591 1638 825 1700 θάλατταν,
848 1643 957 1698 ὅπως
982 1650 1064 1700 τοῖς
1097 1652 1245 1712 ὀλίγοις
1280 1655 1332 1700 τὰ

98 1697 321 1758 λειπόμενα
360 1706 441 1747 τῶν
479 1706 711 1766 ἀναγκαίων
753 1711 916 1766 πλείους
952 1717 1110 1780 ἡμέρας
1151 1722 1302 1785 ἀντέχῃ
1322 1745 1332 1754 ·

97 1766 225 1828 πέρας
262 1769 304 1814 δὲ
346 1771 483 1825 πάσας
525 1774 597 1827 τὰς
646 1779 815 1833 ἐλπίδας
861 1783 1144 1848 ἐξαλείψαντες
1189 1794 1331 1839 ἀπόλ-

98 1836 241 1881 λυνται
264 1837 367 1885 πολὺ
389 1847 526 1904 χεῖρον
550 1847 631 1890 τῶν
663 1853 1032 1910 προαποθανόντων
1047 1875 1057 1886 ·
1088 1860 1125 1903 οἱ
1151 1859 1226 1919 μὲν
1249 1861 1330 1927 γὰρ

0 1896 73 1960 [15
96 1905 135 1948 ἐν
175 1907 319 1971 ἀκαρεῖ
359 1910 497 1975 χρόνῳ
535 1913 580 1959 τὸ
613 1922 776 1978 πνεῦμα
811 1924 861 1983 τῇ
895 1923 1020 1987 δούσῃ
1052 1927 1169 1990 φύσει
1202 1930 1327 1979 πάλιν

96 1974 326 2034 ἀπέδωκαν,
361 1981 398 2024 οἱ
435 1979 470 2025 δ’
495 1983 551 2035 εἷς
583 1986 742 2040 πολλὰς
770 1991 1053 2057 ταλαιπωρίας
1089 2002 1330 2064 καταμερί-

93 2060 235 2098 σαντες
262 2045 331 2092 τὸν
353 2047 538 2110 θάνατον,
557 2056 850 2119 πολυχρονίους
873 2061 947 2115 τὰς
973 2067 1183 2131 συμφορὰς
1208 2070 1328 2133 ἔχον-

90 2130 156 2166 τες
187 2118 260 2173 τῆς
291 2121 361 2163 τοῦ
390 2119 478 2182 βίου
518 2132 809 2191 καταστροφῆς
843 2133 1111 2195 τυγχάνουσι.
1179 2141 1247 2187 Τὰ
1282 2144 1325 2188 δὲ

92 2182 229 2248 σκάφη
254 2191 383 2233 ταῦτα
410 2193 490 2235 τῶν
511 2193 719 2241 ἐπιὸατῶν
743 2199 913 2261 οἰκτρῶς
944 2206 1212 2267 στερηθέντα,
1242 2229 1324 2257 κα-

2 2275 3 2281 =
24 2258 68 2289 30
90 2251 219 2315 θάπερ
241 2255 332 2300 τινὰ
358 2259 602 2323 κενοτάφια,
635 2264 818 2325 διαμένει
840 2270 968 2316 πολὺν
990 2273 1137 2335 χρόνον
1160 2296 1325 2325 παντα-

2 2327 3 2330 ’
87 2319 206 2382 χόθεν
240 2327 602 2389 περιχωννύμενα·
624 2331 716 2386 τοὺς
738 2336 772 2380 δ’
793 2338 927 2392 ἱστοὺς
953 2341 1024 2387 καὶ
1056 2343 1129 2398 τὰς
1154 2349 1323 2408 κεραίας

89 2389 316 2454 μετεώρους
345 2394 493 2457 ἔχοντα
525 2399 734 2463 πόρρωθεν
768 2404 860 2458 τοὺς
890 2410 1068 2471 ὁρῶντας
1102 2417 1157 2466 εἷς
1187 2410 1319 2464 οἶκτον

2 2443 4 2519 ὲ
87 2459 157 2503 καὶ
192 2462 450 2521 συμπάθειαν
490 2467 581 2529 ἄγει
612 2475 692 2516 τῶν
725 2475 1028 2523 ἀπολωλότων·
1071 2484 1319 2548 πρόσταγμα

0 2521 4 2572 l
85 2527 164 2590 γάρ
187 2532 275 2575 ἐστι
306 2535 507 2593 βασιλέως
538 2540 607 2583 ἐᾶν
640 2541 691 2584 τὰ
716 2548 887 2589 τοιαῦτα
920 2549 1214 2611 συμπτώματα
1237 2558 1319 2611 τοῖς

19 2602 59 2633 85
84 2597 254 2643 πλέουσι
287 2601 571 2663 διασημαίνειν
595 2607 687 2661 τοὺς
713 2610 781 2656 τὸν
805 2613 969 2678 ὄλεθρον

81 2665 241 2720 τόπους.

143 2738 269 2798 Παρὰ
290 2739 331 2784 δὲ
351 2742 432 2793 τοῖς
449 2745 624 2800 πλησίον
644 2755 902 2798 κατοικοῦσιν
923 2754 1206 2822 Ἰχθυοφάγοις
1229 2783 1314 2809 πα-

82 2804 293 2863 ραδέδοται
311 2809 452 2870 λόγος,
477 2814 523 2857 ἐκ
542 2816 752 2877 προγόνων
771 2818 876 2880 ἔχων
900 2825 1210 2888 φυλαττομένην
1235 2833 1310 2888 τὴν

78 2872 235 2936 φήμην,
257 2876 318 2923 ὅτι
339 2881 522 2939 μεγάλης
539 2885 644 2938 τινὸς
661 2889 882 2948 γενομένης
901 2896 1134 2953 ἀμπώτεως
1154 2901 1305 2961 ἐγεώθη

16 2951 58 2982 40
79 2947 150 2987 τοῦ
172 2945 326 2993 κόλπου
357 2957 436 3002 πᾶς
462 2955 482 2997 ὁ
509 2953 631 3007 τόπος
652 2960 672 3001 ὃ
701 2958 776 3014 τὴν
798 2962 966 3025 χλωρὰν
1007 2966 1112 3028 ἔχων
1139 2975 1209 3014 τοῦ
1238 2972 1313 3016 τύ-

78 3030 155 3057 που
175 3015 388 3082 πρόσοψιν,
415 3025 727 3082 μεταπεσούσης
757 3034 830 3086 τῆς
854 3034 1059 3091 θαλάττης
1086 3040 1140 3090 εἷς
1163 3043 1310 3084 τάναν-

77 3081 143 3125 τία
167 3083 288 3148 μέρη·
313 3089 506 3150 φανείσης
529 3092 570 3137 δὲ
595 3098 668 3151 τῆς
691 3097 757 3142 ἐπὶ
781 3102 838 3162 τῷ
864 3104 974 3166 βυθῷ
998 3106 1162 3168 χέρσου,
1183 3110 1308 3156 πάλιν

68 3151 323 3205 >ἐπελθοῦσαν
343 3156 518 3210 ἐξαίσιον
542 3163 712 3224 πλήμην
736 3169 1079 3230 ἀποκαταστῆσαι
1099 3177 1166 3223 τὸν
1184 3181 1307 3242 πόρον

78 3220 133 3270 εἷς
151 3220 222 3276 τὴν
247 3227 593 3291 προϋπάρχουσαν
617 3234 750 3288 τάξιν.

1004 2629 1318 2682 περιποιοῦντας

1058 169 1139 216 DE
1171 171 1331 220 MARI
1364 178 1728 228 ERYTHRAEO.

2566 224 2654 266 173

1429 284 1537 326 fame
1549 297 1635 339 aut,
1651 291 1683 330 si
1698 290 1938 335 diuturnam
1954 296 2067 338 famis
2081 300 2214 343 tabem
2229 319 2311 346 non
2323 312 2547 366 perferunt,
2566 335 2659 364 ense

1370 386 1373 387 γ
1423 353 1625 404 confecti,
1647 366 1718 398 aut
1733 369 1961 414 spontaneo
1985 365 2164 420 impulsu
2182 370 2223 409 in
2242 386 2385 426 aequor
2403 383 2654 437 praecipitati.

12 384 29 410 -ἐ
635 423 746 429 -—
754 425 1376 445 Ἂ-
1390 442 1402 446 -
2145 461 2150 465 ,

1425 495 1787 546 promontorium,
1823 513 1900 540 nec
1936 501 2056 543 aliam
2079 518 2224 546 navem
2249 508 2387 551 videre
2413 524 2499 566 est,
2532 533 2659 573 quum

1424 562 1545 616 plane
1560 566 1767 623 inhospita
1790 574 1842 613 sit
1856 574 1943 615 haec
1958 579 2087 630 regio,
2113 588 2153 619 et
2167 595 2262 622 raro
2284 598 2307 623 a
2332 589 2466 629 nautis
2488 593 2661 647 trajicia-

1424 645 1507 680 tur.
1568 642 1635 683 Ad
1649 653 1794 687 caetera
1815 649 2079 694 incommoda
2106 657 2263 698 accedit
2285 663 2398 714 quod
2421 664 2660 713 brevissimo

1423 721 1609 770 tempore
1631 727 1789 762 tantum
1813 724 1866 764 ad
1894 726 2053 769 alveum
2082 733 2196 773 navis
2215 749 2430 781 arenarum
2457 748 2657 799 repentini

1422 790 1571 832 fluctus
1592 794 1803 839 advehunt
1826 809 1865 840 et
1887 805 2145 847 accumulant
2169 839 2179 857 ,
2209 819 2254 850 ut
2281 813 2545 862 circumcirca
2574 837 2658 864 ma·

1421 868 1490 920 gni
1522 871 1718 914 exsistant
1754 889 1943 929 aggeres,
1977 888 2018 920 et
2051 896 2127 922 ceu
2158 883 2252 926 data
2281 876 2402 943 opera
2430 898 2655 940 continenti

1419 943 1539 985 alicui
1575 947 1753 1003 impacta
1787 954 1902 994 navis
1937 956 2192 1001 inhaerescat.
2253 965 2302 1004 In
2343 967 2449 1009 hanc
2478 970 2654 1016 demersi

1419 1020 1689 1066 calamitatem
1709 1028 1883 1070 modicis
1902 1033 2086 1086 primum
2113 1039 2288 1091 querelis
2312 1044 2444 1085 surdae
2479 1047 2572 1090 licet
2590 1066 2655 1092 so-

1417 1095 1581 1140 litudini
1602 1101 1878 1147 infortunium
1898 1123 2019 1150 suum
2043 1113 2263 1165 occinunt,
2298 1120 2483 1163 nondum
2517 1133 2650 1168 tamen

1417 1177 1530 1215 omni
1571 1177 1623 1217 ad
1659 1189 1891 1223 extremum
1935 1186 2063 1228 salute
2106 1189 2332 1245 desperata.
2364 1210 2366 1212 ’
2404 1199 2508 1240 Nam
2547 1217 2652 1258 saepe

1415 1255 1621 1293 aestuantis
1636 1256 1765 1310 pelagi
1782 1259 1931 1301 fluctus
1950 1263 2028 1303 alte
2049 1279 2193 1307 navem
2210 1269 2368 1312 elevans
2386 1284 2565 1318 extreme
2583 1294 2652 1334 pe-

1413 1328 1649 1380 riclitantes‚
1671 1348 1745 1373 ceu
1767 1334 1869 1375 deus
1890 1352 1939 1377 ex
1963 1341 2154 1383 machina
2177 1346 2395 1400 opitulanS,
2421 1365 2647 1397 conservat.

1412 1404 1452 1443 Si
1488 1420 1585 1447 vero
1617 1408 1695 1449 hoc
1717 1410 1784 1451 dei
1823 1410 2029 1456 auxilium‘
2060 1433 2144 1459 non
2183 1426 2412 1476 succurrit,
2437 1427 2650 1473 deficiente

1411 1481 1577 1523 tandem
1601 1485 1716 1536 cibo,
1754 1489 2081 1535 infirmissimum
2101 1511 2307 1554 quemque
2339 1506 2588 1556 potentiores
2608 1510 2649 1549 in

1411 1572 1522 1599 mare
1543 1559 1756 1615 dejiciunt,
1784 1574 1829 1606 ut
1846 1570 2111 1622 paucioribus
2134 1575 2248 1628 quod
2271 1578 2483 1622 residuum
2507 1592 2568 1624 est
2588 1587 2646 1625 vi-

1408 1647 1497 1679 ctus
1525 1641 1577 1681 ad
1595 1643 1732 1697 plures
1762 1645 1848 1687 dies
1876 1661 2079 1705 suppetat.
2141 1656 2221 1696 Sed
2258 1659 2424 1711 tandem
2451 1665 2647 1708 exstincta

1406 1734 1477 1775 spe
1496 1724 1632 1775 omni,
1654 1725 1774 1780 longe
1804 1730 2143 1787 miserabiliorem
2165 1752 2290 1792 quam
2312 1742 2426 1795 prius
2460 1743 2643 1788 defuncti

1405 1810 1583 1844 mortem
1601 1815 1817 1861 oppetunt.
1878 1812 1932 1852 Hi
1951 1814 2063 1854 enim
2081 1815 2219 1868 brevi,
2246 1833 2370 1874 quem
2401 1832 2554 1866 natura
2575 1827 2645 1868 de-

1403 1881 1521 1925 derat
1545 1887 1763 1942 spiritum,
1799 1891 1856 1932 illi
1889 1893 2133 1948 reddidere;
2173 1899 2238 1940 isti
2268 1915 2366 1942 vero
2397 1914 2574 1947 mortem
2601 1909 2643 1949 in

1402 1965 1550 2007 multas
1583 1983 1787 2012 aerumnas
1823 1976 1937 2028 quasi
1973 1979 2219 2032 partiendo,
2254 1997 2428 2040 suasque
2460 1988 2643 2031 miserias

1400 2044 1560 2098 longius
1599 2052 1907 2105 protrahendo,
1954 2056 2177 2101 difficulter
2213 2064 2394 2107 animam
2434 2068 2638 2112 exhalant.

1397 2126 1530 2167 Naves
1562 2139 1700 2172 autem
1732 2135 1930 2178 miserum
1960 2139 2004 2179 in
2037 2141 2211 2184 modum
2251 2148 2486 2190 vectoribus
2523 2152 2641 2193 orba-

1397 2214 1462 2257 tae‚
1492 2216 1689 2264 tanquam
1711 2214 1850 2257 inania
1867 2218 2056 2272 quaedam
2071 2224 2258 2277 sepulcra
2276 2226 2329 2268 ad
2345 2227 2516 2284 longum
2537 2241 2637 2274 tem-

1394 2300 1473 2341 pus
1488 2287 1664 2343 durant3
1684 2301 1724 2334 et
1738 2309 1957 2339 arenarum
1973 2302 2147 2343 cumulis
2160 2305 2346 2362 undique
2361 2310 2633 2365 circumfusae,

1394 2367 1604 2424 malosque
1626 2380 1666 2412 et
1702 2382 1901 2417 antennas
1934 2380 2110 2422 sublime
2133 2393 2399 2441 ostentantes,
2432 2391 2485 2431 ad
2519 2408 2633 2434 com-

1393 2447 1699 2493 miserationem
1730 2462 1770 2495 et
1792 2458 1991 2509 gemitum
2020 2475 2144 2517 super
2162 2467 2370 2508 exstinctis
2401 2473 2548 2525 procul
2569 2474 2633 2515 in-

1392 2536 1552 2571 tuentes
1581 2532 1809 2577 adducunt.
1870 2541 1991 2593 Regis
2010 2543 2121 2584 enim
2144 2545 2280 2588 edicto
2302 2558 2469 2592 cautum
2487 2562 2562 2605 est,
2585 2565 2632 2598 ut

1390 2622 1659 2655 monumenta
1680 2615 1830 2658 harum
1849 2619 2125 2665 calamitatum
2140 2627 2291 2670 intacta
2311 2631 2515 2686 sinantur,
2537 2637 2629 2692 qui-

1389 2689 1466 2731 bus
1489 2694 1662 2736 exitiosa
1681 2698 1967 2751 navigantibus
1988 2702 2077 2745 loca
2095 2706 2389 2759 significentur.

1443 2773 1569 2828 Apud
1590 2776 1919 2834 Ichthyophagos
1932 2813 1944 2833 ,
1969 2783 2160 2839 brevium
2178 2788 2343 2832 illorum
2364 2794 2520 2835 accolas
2534 2826 2546 2846 ,
2573 2810 2623 2837 ex

1385 2852 1493 2895 sama
1516 2869 1592 2910 per
1614 2858 1761 2900 multas
1787 2875 2040 2916 proavorum
2076 2877 2211 2910 aetates
2234 2884 2473 2917 conservata
2494 2877 2624 2918 tradi-

1385 2942 1467 2986 tur,
1489 2945 1618 2979 totam
1648 2943 1860 2996 quondam
1897 2947 2010 2988 sinus
2046 2952 2281 3005 regionem,
2324 2971 2415 3011 quae
2446 2959 2625 3002 virorem

1383 3017 1511 3058 oculis
1533 3019 1671 3072 offert,
1701 3024 1858 3078 ingenti
1881 3028 2047 3070 refluxu
2065 3030 2310 3077 desiccatam
2330 3037 2479 3090 fuisse,
2516 3045 2621 3082 mari

1382 3096 1424 3136 in
1442 3100 1626 3153 opposita
1644 3110 1734 3144 tum
1753 3105 1876 3148 litora
1891 3109 2044 3151 refuso.
2104 3115 2279 3169 Jamque
2298 3125 2406 3158 terra
2422 3133 2550 3174 usque
2565 3122 2617 3161 ad

1382 3177 1518 3231 ipsum
1559 3185 1685 3224 maris
1726 3184 1903 3228 fundum
1939 3189 2122 3242 detecta,
2161 3208 2236 3248 per
2270 3211 2432 3250 gravem
2477 3199 2614 3242 denuo

1380 3269 1523 3303 aestum
1546 3265 1721 3318 pristino
1740 3267 1895 3310 undam
1913 3270 2027 3312 alveo
2048 3275 2278 3316 restitutam
2297 3291 2395 3318 esse.

79 3346 2595 3412 RR-

82 3420 205 3463 cedit.
236 3426 376 3468 Paullo
404 3441 498 3485 post
528 3436 796 3493 Mornington
835 3445 910 3486 sita
942 3456 1003 3488 est
1038 3450 1183 3502 insula,
1219 3468 1310 3508 quae

76 3497 208 3536 quum
247 3488 385 3529 ruinas
418 3492 580 3546 habeat,
612 3498 654 3539 in
684 3515 831 3557 mappa
866 3507 1138 3565 Moresbyana
1172 3516 1308 3557 Ptole-

76 3545 223 3586 maidis
237 3547 352 3589 sedes
371 3550 493 3595 fuisse
512 3568 715 3602 censetur.
738 3564 930 3607 Ceterum
946 3569 1065 3624 longe
1085 3573 1202 3615 aliter
1225 3585 1306 3618 sta-

74 3609 154 3648 tuit
172 3609 434 3664 Ptolemaeus,
466 3619 536 3671 qui
560 3621 852 3666 Ptolemaidem
878 3629 920 3668 in
953 3636 1022 3672 16⁰
1048 3634 1129 3685 25',
1153 3638 1237 3678 sive
1259 3640 1303 3680 in

73 3670 216 3711 eadem
252 3687 347 3714 cum
372 3676 512 3718 Meroe
540 3680 755 3726 latitudine
787 3689 978 3743 collocat,
1017 3694 1302 3743 observatione

70 3733 249 3786 quadam
266 3735 398 3777 nitens
417 3745 689 3786 astronomica
713 3746 727 3803 (
745 3762 783 3789 V.
812 3759 900 3793 not.
921 3768 1006 3809 seq.
1028 3755 1060 3812 )‚
1073 3768 1302 3818 putansque

70 3808 95 3835 a
109 3797 304 3837 Berenice
326 3799 378 3839 ad
396 3801 691 3848 Ptolemaidem
709 3810 840 3853 stadia
863 3828 949 3856 esse
973 3817 1080 3860 5000
1103 3822 1163 3863 vel
1191 3827 1301 3873 4820

72 3857 251 3909 (Strabo
271 3874 314 3914 p.
342 3865 437 3915 768.
458 3865 564 3907 Plin.
589 3869 665 3919 VI,
687 3873 710 3919 4
733 3871 764 3927 ).
791 3875 853 3915 De
881 3876 944 3918 his
968 3879 1011 3920 h.
1033 3880 1060 3921 l.
1091 3882 1301 3940 'disputare

68 3918 238 3974 longum
263 3922 382 3965 soret.
407 3927 594 3970 Priscum
610 3932 773 3974 subesse
791 3950 972 3981 errorem
995 3943 1151 3999 reliqua
1163 3952 1301 3993 omnia

68 3982 256 4025 suadent.
279 3986 526 4032 Falsissimas
545 4007 649 4048 saepe
672 3995 793 4038 fuisse
816 4000 1133 4059 observationes,
1152 4013 1300 4065 quibus

1382 3457 1444 3498 fisi
1473 3463 1699 3502 astronomi
1724 3462 1981 3507 latitudinem
2005 3467 2191 3511 locorum
2214 3471 2478 3528 definiebant,
2519 3482 2613 3521 satis

1380 3528 1553 3561 constat.
1572 3522 1651 3571 Sic,
1667 3531 1712 3562 ut
1726 3538 1854 3565 unum
1870 3526 2054 3579 afferam,
2069 3532 2329 3588 Hipparchus
2346 3537 2495 3594 aliique
2505 3542 2613 3582 Mas-

1378 3580 1508 3621 siliam
1525 3591 1566 3622 et
1582 3585 1822 3637 Byzantium
1854 3588 1930 3629 sub
1961 3591 2106 3633 eodem
2132 3596 2323 3648 parallelo
2358 3613 2608 3655 posuerunt,

1375 3642 1487 3696 quod
1499 3647 1715 3696 gnomonis
1728 3648 1918 3691 umbram
1931 3652 2077 3694 eodem
2090 3664 2274 3713 tempore
2288 3661 2461 3704 eandem
2470 3679 2554 3705 esse
2567 3667 2577 3705 i
2583 3681 2608 3705 n

1374 3712 1550 3759 utroque
1561 3706 1650 3746 loco
1660 3710 1993 3755 animadvertisse
2004 3718 2203 3770 putabant
2217 3720 2390 3777 (.Strabo
2402 3727 2436 3775 I,
2451 3740 2492 3780 p.
2510 3728 2558 3767 63
2573 3730 2604 3779 ).

1374 3766 1565 3807 Ceterum
1583 3769 1678 3809 inde
1696 3771 1747 3811 ab
1770 3773 1850 3815 hoc
1873 3774 1956 3817 sere
1975 3785 2111 3820 tractu
2139 3789 2250 3824 tanta
2268 3794 2328 3825 est
2350 3786 2459 3840 apud
2474 3788 2605 3827 Ptole-

1372 3843 1519 3870 maeum
1540 3832 1579 3871 in
1597 3832 1799 3884 graduum
1814 3840 2026 3881 notatione
2041 3845 2309 3896 perturbatio,
2330 3862 2377 3887 ac
2392 3856 2469 3888 tam
2488 3849 2605 3902 longe

1371 3907 1394 3932 a
1417 3907 1512 3932 vero
1531 3895 1687 3936 recedit
1715 3898 1827 3939 sinus
1846 3901 2013 3943 Arabici
2036 3919 2158 3958 quam
2186 3908 2250 3947 ille
2268 3908 2343 3948 sibi
2367 3909 2484 3950 finxit
2506 3910 2603 3950 deli-

1371 3956 1522 4005 neatio,
1544 3965 1590 3997 ut
1605 3959 1725 4001 unica
1747 3960 1830 4002 fere
1857 3964 2089 4007 tabularum
2111 3968 2261 4009 utilitas
2281 3970 2322 4009 in
2342 3971 2443 4011 serie
2466 3973 2602 4013 nomi·

1371 4031 1471 4058 num
1486 4020 1620 4073 posita
1638 4022 1703 4063 sit.
