2808 4342
62 598 84 628 ὃ

13 639 35 667 ἱ

48 940 86 969 10

50 1277 88 1307 15

106 192 326 257 (ww.)

105 299 176 348 λος
198 293 494 355 Ἀλεξάνδρεια.
566 290 650 337 Καὶ
683 289 836 335 τούτων
867 290 1007 335 ἐπάνω
1042 290 1338 353 μαχιμώτατον

110 365 219 416 ἔθνος
238 363 519 422 Βακτριανῶν,
541 358 621 403 ὑπὸ
643 357 817 419 βασιλέα
841 357 968 404 ὄντων
986 358 1207 408 ἷδιότοπον.
1256 359 1341 406 Καὶ

110 431 368 492 Ἀλέξανδρος
409 427 600 491 ὖρμηθεὶς
641 427 725 472 ἀπὸ
757 430 838 472 τῶν
885 430 1021 490 μερῶν
1057 446 1211 474 τουτων
1245 428 1341 491 ἄχρι

109 506 181 547 τοῦ
215 499 398 559 Γάγγους
434 498 601 552 διηλθε,
633 496 879 541 καταλιπὼν
910 496 985 552 τήν
1027 516 1070 542 τε
1109 498 1340 560 Λιμυρικὴν

106 569 175 616 καὶ
199 567 249 612 τὰ
272 566 383 612 νότια
407 585 480 617 της
507 565 704 620 Ἰνδικης·
730 567 798 627 ἀφ’
819 569 864 610 οὗ
895 565 1020 627 μέχρι
1045 570 1115 611 νῦν
1135 568 1175 610 ἐν
1200 570 1341 627 Βαρυ-

106 638 242 700 γάζοις
259 634 435 680 παλαιαι
452 652 715 697 προχωρουσι
737 634 949 696 δραχμαι,
977 633 1216 696 γράμμασιν
1238 634 1343 681 (Ελ-

103 708 285 763 ληνικοῖς
319 703 676 766 ἐγκεχαραγμέναι
711 702 897 763 ἐπίσημα
933 705 1012 747 τῶν
1039 703 1125 762 μετ’
1155 702 1342 757 Ἀλέξαν-

109 777 199 838 δρον
225 772 576 837 βεὸασιλευκότων
601 771 898 817 Ἀπολλοδότου
918 773 989 817 καὶ
1011 772 1274 835 Μενάνδρου.

170 859 228 890 48.
257 842 354 889 ’Ένι
383 842 424 886 δὲ
459 843 562 903 αὐτῇ
598 840 709 886 καὶ’
692 840 732 893 εξ
771 842 971 897 ἀνατολης
996 841 1113 894 πόλις
1140 843 1342 903 λεγομένη

109 912 284 972 Ὀζήνη,
325 914 364 957 ἐν
393 916 419 971 ᾗ
449 930 520 957 και
547 910 599 955 τὰ
635 910 825 971 βασίλεια
863 912 1059 974 πρότερον
1096 916 1171 967 ἠν·
1205 912 1272 973 ἀφ’
1296 918 1344 968 ἥς

107 982 244 1027 πάντα
262 980 314 1026 τὰ
334 979 435 1043 πρὸς
460 979 648 1034 εὐθηνίαν
675 999 747 1035 της
769 978 909 1042 χώρας
933 982 987 1031 εἰς
1011 979 1125 1041 Βαρύ
1130 983 1235 1040 γαζα
1257 1000 1344 1026 κα-

107 1051 326 1113 ταφέρεται
345 1050 414 1094 καὶ
431 1048 481 1093 τὰ
501 1048 600 1111 πρὸς
623 1048 822 1110 ἐμπορίαν
847 1049 919 1103 τὴν
938 1049 1156 1112 ἡμετέραν,
1174 1051 1341 1112 ὄνυχίνη

107 1120 217 1164 λιθία
241 1119 311 1164 καὶ
338 1118 534 1181 μουρρίνη
553 1117 624 1163 καὶ
648 1118 827 1169 σινδόνες
848 1118 1016 1164 Ἰνδικαὶ
1035 1118 1104 1163 καὶ
1129 1119 1342 1181 μολόχιναι

109 1188 180 1233 καὶ
205 1187 343 1232 ἱκανὸν
377 1188 547 1249 χυδαῖον
574 1187 738 1232 ὃθόνιον.
809 1186 1049 1247 Κατάγεται
1077 1187 1118 1232 δὲ
1141 1189 1192 1232 δι’
1220 1190 1344 1245 αὐτῆς

111 1257 181 1302 καὶ
201 1256 282 1301 ἀπὸ
301 1259 382 1300 τῶν
408 1255 492 1300 ἄνω
515 1255 650 1300 τόπων
673 1259 698 1311 ἡ
725 1254 790 1300 διὰ
815 1254 1076 1317 Προκλαΐδος
1099 1274 1342 1319 καταφερο-

110 1325 215 1386 μένη
239 1325 379 1388 νάρδος
399 1329 424 1380 ἡ
455 1323 766 1387 Καττυὸουρίνη
790 1324 860 1369 καὶ
887 1328 912 1380 ἡ
941 1325 1248 1387 Πατροπαπίγη
1272 1325 1343 1371 καὶ

111 1399 137 1450 ἡ
165 1394 386 1449 Καὸαλίτη
416 1393 488 1438 καὶ
510 1397 535 1448 ἡ
565 1393 631 1438 διὰ
665 1397 735 1449 τῆς
764 1393 1069 1455 παρακειμένης
1100 1394 1298 1451 Σκυθίας,
1322 1394 1345 1437 ὅ

109 1483 153 1509 τε
176 1464 317 1515 κόστος
340 1463 410 1508 καὶ
430 1467 455 1517 ἡ
480 1463 649 1524 βδέλλα.

172 1548 228 1578 49.
253 1532 471 1593 Προχωρεῒ
487 1531 528 1575 δὲ
553 1533 608 1582 εἷς
625 1533 671 1576 τὸ
688 1533 883 1594 ἐμπόριον
903 1525 1007 1583 οἶνος
1026 1532 1344 1593 προηγουμένως

112 1601 311 1656 Ἰταλικὸς
329 1600 399 1645 καὶ
424 1600 676 1654 Λαοδικηνὸς
694 1601 764 1645 καὶ
785 1600 999 1662 Ἀραὸικὸς
1017 1601 1086 1645 καὶ
1103 1601 1258 1662 χαλκὸς
1274 1601 1344 1646 καὶ

111 1670 351 1731 κασσίτερος
381 1669 452 1715 καὶ
489 1668 706 1729 μόλυὸδος,
745 1669 961 1730 κοράλλιον
986 1669 1057 1714 καὶ
1082 1670 1341 1730 χρυσόλιθον,

111 1739 332 1800 ἱματισμὸς
352 1739 506 1790 ἁπλοῦς
529 1739 599 1783 καὶ
619 1737 729 1790 νόθος
751 1745 957 1793 παντοῖος,
979 1737 1198 1797 πολύμιτοι
1223 1741 1345 1791 ζῶναι

112 1809 332 1870 πηχυαῗαι,
354 1806 521 1870 στύραξ,
544 1807 784 1866 μελίλωτον,
809 1806 1071 1868 ὕαλος-ἀργὴ,
1094 1806 1344 1867 σανδαράκη,

62 1881 72 1889 “
113 1877 276 1936 στίμμι,
304 1875 494 1937 δηνάριον
512 1879 691 1936 χρυσοῦν
712 1874 782 1920 καὶ
806 1877 1022 1938 ἀργυροῦν,
1047 1873 1140 1935 ἔχον
1160 1874 1345 1934 ἀλλαγὴν

49 1963 90 1993 25

113 1946 182 1992 καὶ
198 1944 451 2007 ἐπικέρδειάν
473 1962 564 1989 τινα
596 1944 697 2005 πρὸς
715 1943 761 1989 τὸ
787 1945 969 1989 ἐντόπιον
990 1943 1191 2004 νόμισμα,
1218 1944 1345 2004 μύρον

114 2017 158 2060 οὖ
185 2013 408 2076 βαρύτιμον
433 2012 524 2058 οὐδὲ
557 2012 682 2058 πολύ”
704 2016 763 2075 τῷ
790 2013 831 2057 δὲ
866 2014 1028 2075 βασιλεῖ
1058 2014 1150 2058 κατ’
1175 2013 1347 2065 ἐκείνους

113 2083 205 2135 τοὺς
228 2083 392 2146 καιροὺς
429 2081 696 2146 εἷσφερόμενα
723 2082 931 2144 βαρύτιμα
964 2081 1249 2144 ἀργυρώματα
1277 2082 1347 2127 καὶ

115 2152 293 2211 μουσικὰ
329 2151 400 2197 καὶ
431 2151 626 2213 παρθένοι
667 2153 831 2202 εὐειδεῖς
864 2151 965 2212 πρὸς
1010 2150 1243 2196 παλλακίαν
1277 2151 1346 2196 καὶ

64 2258 76 2262 s
114 2221 302 2283 διάφορος
329 2213 431 2272 οἶνος
469 2220 540 2265 καὶ
577 2219 800 2279 ἱματισμὸς
830 2220 983 2270 ἁπλοῦς
1015 2219 1245 2274 πολυτελὴς
1277 2220 1346 2264 καὶ

35 2302 95 2332 30
117 2290 243 2352 μύρον
282 2289 438 2350 ἔξοχον.

507 2288 690 2349 Φέρεται
729 2287 772 2332 δὲ
806 2287 887 2332 ἀπὸ
921 2288 1074 2333 τούτων
1107 2292 1187 2333 τῶν
1210 2288 1346 2333 τόπων

115 2359 284 2419 νάρδος,
325 2357 490 2413 κόστος“,
528 2356 703 2418 βδέλλα,
738 2355 904 2417 ἐλέφας,
935 2355 1099 2417 ὂνυχίνη
1131 2356 1240 2401 λιθία
1274 2356 1345 2401 καὶ

117 2426 314 2488 μουρρίνη
335 2425 407 2470 καὶ
430 2424 567 2470 λύκιον
591 2425 661 2470 καὶ
684 2425 835 2480 ὃθόνιον
858 2431 1052 2470 παντοῖον
1075 2425 1145 2469 καὶ
1166 2424 1347 2486 Σηρικὸν

116 2494 188 2539 καὶ
209 2493 425 2555 μολόχινον
442 2493 514 2538 καὶ
530 2497 641 2553 νῆμα
661 2493 732 2538 καὶ
751 2493 899 2554 πέπερι
916 2492 1072 2554 μακρὸν
1096 2493 1166 2537 καὶ
1185 2492 1236 2537 τὰ
1267 2493 1349 2538 ἀπὸ

117 2565 197 2608 τῶν
222 2562 428 2623 ἐμπορίων
454 2562 672 2624 φερόμενα.
743 2561 1014 2607 Ἀποπλέουσι
1038 2560 1082 2606 δὲ
1114 2560 1223 2606 κατὰ
1256 2580 1348 2606 και-

53 2649 96 2679 35
119 2631 186 2695 ρὸν
211 2633 246 2675 οἳ
274 2631 355 2675 ἀπὸ
376 2635 449 2686 τῆς
483 2629 694 2691 Αἰγύπτου
720 2632 774 2682 εἷς
808 2630 854 2675 τὸ
887 2629 1081 2692 ἐμπόριον
1106 2629 1349 2690 ἀναγόμενοι

115 2700 210 2762 περὶ
233 2699 301 2745 τὸν
327 2699 496 2745 Ἰούλιον
523 2703 655 2759 μῆνα,
681 2700 721 2751 ὅς
744 2701 855 2745 ἐστιν
875 2699 1034 2761 Ἐπιφί.

115 2833 169 2874 de
189 2834 291 2875 urbe
311 2851 320 2878 :
342 2834 514 2875 Πευκέλα
540 2834 553 2890 (
573 2849 639 2889 ap.
662 2836 827 2876 Arrian.
851 2834 945 2875 Ind.
977 2848 996 2874 1
1021 2835 1054 2888 )‚
1079 2834 1131 2874 de
1155 2835 1348 2888 regione.

117 2897 403 2949 Πευκειλαιῆτις
416 2899 531 2950 (Arr.
544 2897 638 2938 Ind.
655 2901 695 2948 4,
716 2912 732 2938 1
744 2899 800 2951 Ι),
813 2897 1071 2948 Πευκελαῆτις
1086 2898 1200 2950 (Arr.
1216 2898 1350 2938 Anab.

117 2962 192 3009 IV,
229 2973 298 3010 22,
324 2962 376 3001 28
409 2959 441 3015 ),
467 2960 730 3007 Πευκελαιῖτις
763 2960 776 3016 (
801 2959 924 3000 codd.
949 2959 1140 3000 Strabon.
1176 2973 1217 3014 p.
1246 2962 1350 3012 6983

118 3021 275 3062 Plinius
307 3023 383 3070 VI,
410 3034 459 3060 21
484 3020 515 3076 ).
542 3023 701 3061 Formae
724 3022 930 3061 sanseritae
951 3030 1047 3061 sunt
1060 3020 1253 3076 pascam,
1273 3035 1354 3076 pu·

114 3083 326 3124 scalavati
359 3085 375 3135 (
392 3085 542 3124 Lassen
562 3082 771 3136 Zeitsclzft
793 3083 821 3124 l.
857 3083 884 3124 l.
906 3086 983 3134 III,
1021 3098 1064 3138 p.
1094 3096 1171 3136 197
1200 3083 1354 3138 Benfey

117 3159 161 3199 p.
181 3144 232 3193 45
256 3147 272 3198 )
289 3161 299 3194 ;
317 3144 442 3185 hodie
462 3145 626 3185 Pet-heli
643 3159 774 3200 prope
794 3145 1013 3186 Peshaver.
1028 3144 1091 3185 Cf.
1110 3146 1256 3186 Ritter.
1273 3148 1350 3195 ΠΙ,

120 3219 161 3259 p.
192 3208 312 3247 1088.
332 3208 431 3247 Mox
460 3221 537 3261 pro
565 3207 612 3247 ἐν
633 3202 656 3263 ᾗ
677 3206 795 3248 editt.
817 3208 1069 3263 scripserunt
1090 3206 1128 3247 ἐν
1153 3205 1224 3254 οἷς.
1249 3208 1354 3248 Sane

124 3267 292 3320 quidem
331 3268 580 3309 Alexandria
599 3270 675 3309 ista
703 3269 887 3325 Hydaspi
917 3269 1105 3324 adjacens
1127 3269 1180 3310 ad
1203 3272 1355 3310 Peuce-

123 3328 300 3370 laitidem
315 3345 526 3385 perperam
544 3332 741 3383 refertur3
762 3341 803 3372 at
818 3332 989 3373 omnino
1005 3333 1047 3372 in
1063 3333 1144 3372 situ
1159 3331 1353 3373 mediter-

121 3403 344 3431 raneorum
363 3391 586 3434 indicando
600 3395 750 3435 Noster
767 3394 1050 3446 negligentior.
1069 3397 1165 3446 Quo
1179 3395 1356 3448 pertinet

119 3452 251 3497 *etiam
267 3452 379 3506 quod
401 3455 586 3508 regiones
608 3455 735 3495 modo
754 3464 998 3496 memoratas
1018 3464 1214 3510 tanquam
1232 3458 1355 3511 Bary-

125 3514 230 3566 gazis
256 3512 488 3569 ἐπικειμένας
514 3525 711 3557 recenset.
737 3517 869 3557 Causa
886 3518 946 3556 rei
971 3517 1014 3556 in
1039 3531 1089 3557 eo
1111 3517 1351 3571 quaerenda,

126 3573 239 3628 quod
262 3589 415 3616 merces
444 3577 538 3617 inde
560 3579 601 3617 in
625 3591 821 3631 magnum
837 3573 1192 3632 Barygazenorum
1214 3594 1354 3634 empo-

126 3637 232 3676 rium
247 3635 583 3690 deportabantui.
603 3639 620 3692 {l
635 3652 742 3678 —2.
758 3639 916 3678 ὄντων
942 3638 1185 3680 ἰδιότοπο
1178 3655 1194 3680 ν
1211 3638 1354 3695 ]οὔσαν

125 3696 178 3737 ,ἴδῑ
182 3713 224 3738 ον
244 3699 361 3738 τόπον
385 3699 541 3747 codex,
568 3699 660 3754 ἐ’γοι
685 3699 782 3740 ἴδιον
819 3701 936 3740 τόπον
968 3701 1202 3752 Fabricius;
1228 3706 1356 3758 possis

127 3758 288 3798 οἰκοῦν
282 3757 375 3799 ι’διον
395 3774 430 3799 τ.
462 3731 576 3800 Infra
607 3775 772 3837 quoque
794 3762 939 3814 legitm
956 3761 1028 3802 ὕπὸ
1054 3763 1210 3816 βασιλέα
1230 3770 1350 3815 εῖναι;

126 3821 221 3861 alias
238 3821 318 3861 hoc
338 3821 428 3861 loco
448 3821 640 3862 mallem:
657 3822 728 3863 ὕπο
750 3823 1003 3877 βασιλεῦσιμ)
987 3839 1030 3864 ον
1049 3824 1251 3874 ἰδιοτόποις
1268 3828 1283 3880 Η
1300 3852 1355 3858 -

128 3886 168 3931 4.
208 3883 396 3937 Γάγγου
410 3900 425 3930 ς
460 3884 475 3938 ]
523 3883 685 3924 Fabulae
721 3884 774 3925 de
813 3885 1048 3926 Alexandro
1084 3886 1136 3926 ad
1185 3889 1354 3942 Gangen

125 3959 258 3998 usque
276 3959 494 3999 progresso
516 3945 576 3986 vel
606 3947 735 3987 nostri
756 3948 935 3988 auctoris
963 3949 1216 4003 temporibus
1244 3951 1354 4005 apud

79 4042 87 4048 ,
131 4006 272 4059 vulgus
299 4007 480 4047 notiores
506 4006 657 4048 suerint
679 4022 801 4062 quam
825 4008 1114 4050 historicorum
1145 4025 1353 4052 commen-

963 174 1256 236 PEsstrqu
1291 191 1480 237 MAssls
1513 193 1856 239 ERYTHRAEI.

2547 218 2635 257 293

1415 297 1543 350 regio,
1566 298 1611 338 in
1635 312 1718 353 qua
1737 298 1986 340 Alexandria
2007 301 2273 354 Bucephalos.
2334 307 2463 361 Supra
2484 310 2554 351 has
2582 323 2641 355 est

1411 374 1717 418 bellicosissima
1752 378 1865 418 natio
1893 371 2135 419 Bactrorum
2162 408 2174 428 ,
2206 381 2278 433 qui
2310 386 2525 437 proprium
2565 390 2640 430 sibi

1412 473 1549 513 regem
1570 459 1738 500 habent.
1799 459 1865 501 Ab
1887 460 1952 500 his
1973 460 2159 515 partibus
2180 462 2388 517 profectus
2411 467 2640 512 Alexander

1413 542 1466 582 ad
1487 544 1672 596 Gangem
1686 556 1818 597 usque
1837 545 2080 597 penetravit,
2103 546 2254 587 omissa
2283 548 2489 603 Limyrica
2507 560 2547 591 et
2579 556 2645 594 In-

1413 620 1491 661 diae
1523 622 1689 674 regione
1724 622 1907 662 australi.
1981 622 2084 663 Inde
2120 625 2173 665 ad
2215 627 2328 667 hunc
2371 642 2501 683 usque
2536 630 2647 672 diem

1413 701 1626 755 Barygazis
1648 701 1826 756 antiquae
1842 703 1885 742 in
1910 717 1987 743 usu
2008 713 2103 744 sunt
2117 703 2337 757 drachmae,
2363 707 2489 749 literis
2508 713 2648 764 graecis

1415 780 1618 837 insculpta
1634 781 1830 823 habentes
1850 783 1964 837 signa
1982 784 2216 840 Apollodoti
2237 794 2276 827 et
2298 788 2531 831 Menandri.

1473 863 1543 910 48.
1565 863 1678 903 Inest
1693 862 1794 903 huic
1813 864 1971 918 regioni
1989 878 2012 904 a
2029 873 2143 920 parte
2162 867 2346 908 orientali
2367 869 2490 909 etiam
2513 871 2648 912 Ozene

1416 929 1530 979 urbs,
1557 930 1599 969 in
1623 944 1705 984 qua
1729 931 1845 985 prius
1869 930 1947 971 fuit
1968 933 2092 986 regia.
2153 935 2215 974 Ex
2237 949 2283 975 ea
2305 950 2574 992 quaecumque
2593 938 2647 979 ad

1414 997 1749 1038 commoditatem
1769 999 1946 1052 regionis
1975 1001 2182 1054 pertinent
2202 1004 2404 1057 Barygaza
2435 1003 2646 1046 devehun-

1413 1072 1497 1114 tur,
1528 1079 1604 1105 nec
1624 1079 1709 1105 non
1727 1080 1773 1106 ea
1796 1080 1886 1120 quae
1905 1066 1958 1107 ad
1976 1077 2159 1109 nostram
2181 1079 2452 1111 mercaturam
2468 1071 2644 1124 faciunt,

1414 1132 1593 1187 onyches
1614 1132 1768 1188 lapides
1787 1143 1828 1175 et
1845 1135 2050 1176 murrhini
2066 1168 2076 1186 ,
2102 1137 2294 1178 sindones
2315 1139 2467 1180 Indicae
2499 1149 2540 1181 et
2558 1156 2647 1182 mo-

1416 1198 1591 1239 lochinae
1626 1215 1703 1241 nec
1727 1215 1854 1256 parva
1885 1203 2002 1257 copia
2024 1203 2182 1245 othonii
2206 1205 2395 1259 vulgaris.
2453 1209 2533 1248 Per
2554 1223 2649 1249 ean-

1414 1266 1510 1307 dem
1531 1269 1740 1323 regionem
1759 1285 1810 1311 ex
1824 1272 2103 1326 superioribus
2118 1274 2217 1314 locis
2236 1274 2391 1315 nardus
2409 1274 2649 1330 deportatur

1414 1349 1506 1390 quae
1526 1350 1601 1391 per
1625 1337 1881 1378 Proclaidem
1911 1338 2081 1380 affertur
2105 1342 2374 1396 Cattyburina
2393 1350 2434 1382 et
2454 1344 2648 1398 Patropa-

1413 1404 1509 1458 piga
1536 1413 1577 1444 et
1606 1405 1788 1446 Cabalita
1813 1414 1934 1461 atque
1956 1421 2004 1447 ea
2026 1422 2117 1462 quae
2136 1423 2213 1463 per
2234 1408 2650 1463 adjacentem-transit

1414 1473 1642 1527 Scythiam,
1667 1489 1744 1515 nec
1764 1489 1850 1515 non
1879 1484 2015 1516 costus
2036 1485 2077 1516 et
2097 1476 2311 1518 bdellium.

1472 1548 1541 1598 49.
1569 1548 1825 1600 Importatur
1848 1547 1892 1586 in
1928 1549 2161 1602 emporium
2186 1548 2238 1588 de
2267 1550 2481 1604 proposito
2507 1551 2649 1591 vinum

1414 1613 1602 1653 Italicum
1621 1622 1661 1653 et
1680 1613 1961 1654 Laodicenum
1988 1623 2029 1654 et
2058 1615 2304 1666 Arabicum,
2331 1630 2399 1666 aes,
2426 1625 2645 1668 stannum,

1414 1681 1653 1735 plumbum,
1679 1682 1914 1733 corallium,
1955 1683 2254 1738 chrysolithus,
2281 1686 2449 1726 vestitus
2478 1687 2649 1741 simplex

1415 1756 1456 1787 et
1476 1748 1728 1789 adulterinus
1747 1752 1881 1790 omnis
1899 1752 2057 1803 generis
2072 1783 2082 1801 ,
2107 1752 2244 1792 multis
2259 1751 2362 1792 liciis
2385 1762 2503 1794 textae
2535 1769 2649 1795 zonae

1416 1815 1626 1866 cubitales,
1648 1825 1799 1871 styrax,
1825 1817 2068 1868 melilotum,
2093 1819 2247 1858 vitrum
2269 1819 2389 1869 rude,
2411 1820 2646 1871 sandarace,

1417 1883 1587 1934 summi,
1608 1885 1725 1923 numi
1747 1885 1859 1924 aurei
1879 1893 1919 1925 et
1937 1886 2132 1939 argentei,
2155 1900 2336 1940 quorum
2355 1901 2453 1927 cum
2486 1898 2650 1930 moneta

1417 1949 1642 1991 domestica
1674 1960 1904 2006 quaestuosa
1936 1960 1996 1993 est
2028 1954 2319 2003 commutatio,
2356 1953 2533 2009 denique
2569 1970 2648 1996 un-

1417 2027 1617 2072 guentum
1639 2034 1724 2060 non
1750 2021 1888 2074 magni
1907 2028 2044 2061 tamen
2073 2021 2197 2075 pretii
2218 2035 2295 2061 nec
2329 2022 2532 2074 multum;
2565 2025 2651 2077 regi

1417 2095 1556 2127 autem
1588 2088 1674 2128 istis
1706 2088 1963 2143 temporibus
2000 2089 2144 2130 tributi
2181 2090 2350 2130 nomine
2383 2091 2652 2132 mittebantur

1417 2164 1607 2208 argentea
1628 2171 1723 2196 vasa
1742 2157 1920 2211 pretiosa
1933 2188 1945 2207 ,
1972 2158 2243 2199 instrumenta
2267 2160 2444 2209 musica,
2474 2162 2649 2215 virgines

1417 2222 1607 2264 formosae
1645 2224 1697 2264 ad
1732 2225 1990 2279 pellicatum,
2032 2227 2177 2266 vinum
2210 2228 2439 2277 eximium,
2480 2231 2648 2270 vestitus

1417 2291 1588 2345 simplex
1623 2300 1860 2332 sumtuosus
1878 2323 1889 2342 ,
1936 2302 2197 2346 unguentum
2247 2296 2642 2349 praestantissimum.

1417 2361 1698 2413 Exportantur
1716 2375 1812 2400 vero
1824 2375 1872 2400 ex
1885 2361 2056 2401 hislocis
2071 2362 2239 2412 nardus,
2262 2372 2413 2413 costuS,
2432 2363 2646 2414 bdellium,

1417 2427 1536 2476 ebur,
1575 2427 1753 2482 onyches
1786 2427 1940 2482 lapides
1977 2436 2018 2468 et
2054 2429 2282 2479 murrhini,
2316 2429 2491 2485 lycium,
2532 2432 2651 2472 otho-

1419 2495 1538 2534 nium
1567 2495 1727 2535 varium
1744 2526 1755 2544 ,
1778 2495 1978 2552 sericum,
2010 2496 2293 2537 molochinum
2310 2528 2322 2546 ,
2351 2497 2464 2538 filum
2479 2529 2490 2547 ,
2530 2500 2648 2554 piper

1420 2565 1590 2618 longum
1609 2573 1650 2607 et
1667 2579 1758 2620 quae
1778 2564 1855 2605 alia
1872 2580 1922 2605 ex
1941 2566 2136 2620 emporiis
2151 2580 2200 2607 eo
2223 2563 2508 2609 conferuntur.
2567 2569 2649 2622 Op-

1419 2640 1599 2686 portuno
1635 2633 1716 2672 huc
1750 2633 1965 2686 navigatur
2008 2641 2193 2688 tempore
2235 2648 2287 2674 ex
2325 2634 2499 2689 AEgypto
2542 2636 2650 2676 circa

1422 2714 1603 2739 mensem
1625 2699 1779 2740 Juliurn
1802 2701 1885 2739 sive
1906 2700 2073 2755 Epiphi.

1418 2834 1529 2882 tatii.
1558 2834 1573 2887 Ιί
1595 2858 1652 2865 -
1671 2838 1711 2874 6.
1746 2833 1953 2874 παλαιαι
1973 2834 2226 2889 δραχμαὶ]
2247 2835 2495 2875 Etiamnunc
2525 2836 2567 2875 in
2587 2835 2651 2875 his

1420 2896 1519 2935 locis
1543 2897 1695 2950 passim
1720 2896 2003 2936 inveniuntur.
2031 2897 2087 2936 V.
2109 2896 2337 2937 Grotefend
2354 2899 2547 2947 Mic'nzen,
2570 2905 2647 2937 etc.

1420 2971 1465 3012 p.
1491 2960 1567 2998 108
1591 2973 1652 3011 sq.
1683 2958 1698 3011 Η
1717 2982 1774 2988 -
1796 2960 1836 2998 8.
1857 2956 2062 2998 Ἀπολλ.
2089 2973 2172 2998 και
2205 2959 2650 3012 Mev.]1nterg1aecos

1421 3022 1663 3060 Bactrorum
1706 3034 1820 3073 reges
1846 3020 1969 3060 hosce
1993 3019 2076 3059 duo
2107 3019 2228 3060 fuisse
2256 3029 2504 3074 postremos,
2529 3029 2650 3074 atque

1421 3081 1716 3136 Apollodotum
1740 3090 1833 3122 ante
1856 3081 2133 3122 Menandrum
2162 3095 2363 3135 regnasse,
2399 3095 2648 3134 quamquam

1420 3145 1569 3184 Noster
1591 3143 1884 3199 Apollodotum
1898 3144 2034 3197 primo
2053 3143 2143 3183 loco
2163 3143 2419 3191 memoravit,
2438 3155 2488 3181 ox
2510 3141 2647 3183 indole

1421 3220 1646 3247 numorum
1671 3205 1982 3261 (disertioribus
2010 3205 2252 3245 testimoniis
2280 3203 2486 3257 denegatis
2510 3205 2526 3256 )
2549 3218 2648 3244 con-

1416 3266 1516 3321 jecit
1538 3267 1813 3309 Grotefendus
1836 3267 1864 3307 l.
1890 3267 1917 3306 l.

1479 3333 1590 3382 548,
1616 3330 1642 3369 l.
1666 3343 1706 3382 9.
1732 3327 1852 3383 αὐτῇ
1873 3329 1887 3382 ]
1908 3327 2021 3378 αὐτῆς
2043 3326 2187 3367 codex.
2215 3328 2230 3380 Η
2254 3351 2310 3357 -
2334 3340 2399 3367 10.
2432 3325 2645 3382 Ὀζήνη]

1421 3392 1558 3432 indice
1596 3390 1804 3444 Uggajini,
1841 3390 1962 3443 vulgo
2001 3388 2169 3440 Oagein‚
2209 3402 2299 3443 quae
2318 3387 2486 3429 fortasse
2506 3390 2648 3443 priscis

1416 3453 1504 3508 jam
1529 3452 1783 3507 temporibus
1815 3452 1924 3504 regia
1944 3458 2030 3491 erat
2043 3466 2054 3501 3
2080 3458 2238 3491 certum
2256 3459 2317 3490 est
2331 3449 2470 3490 sedem
2499 3450 2557 3490 ibi
2579 3450 2649 3491 ha-

1421 3516 1559 3556 buisse
1580 3511 1930 3566 Vicramaditjam,
1950 3513 2021 3566 qui
2039 3526 2107 3552 an.
2131 3511 2181 3553 56
2200 3527 2237 3553 a.
2259 3513 2359 3552 Chr.
2381 3513 2499 3552 Sacas
2520 3526 2648 3566 expu-

1422 3578 1469 3618 lit
1492 3579 1508 3630 (
1524 3578 1578 3617 V.
1598 3578 1748 3616 Lassen
1775 3577 1837 3614 De
1854 3575 2158 3631 pentapotamia
2171 3589 2214 3629 p.
2238 3574 2304 3628 57.
2322 3573 2478 3614 Bohlen
2498 3574 2593 3614 [ml.
2613 3577 2646 3623 I,

1422 3655 1465 3695 p.
1492 3643 1566 3693 943
1591 3639 1719 3679 Ritter
1739 3639 1794 3686 V,
1815 3652 1858 3692 p.
1894 3640 1974 3685 486
2000 3639 2032 3691 ).
2064 3637 2128 3678 Cf.
2153 3651 2278 3692 supra
2298 3645 2385 3677 not.
2411 3635 2463 3677 ad
2487 3638 2509 3688 §
2530 3637 2596 3676 38.
2628 3638 2643 3688 Η

1422 3726 1478 3732 -
1510 3714 1575 3740 11.-
1600 3699 1822 3753 Βαρύγαζαν
1854 3698 1948 3739 cod.
1991 3699 2006 3752 Η
2054 3702 2118 3739 16.
2155 3697 2179 3749 ἥ
2225 3697 2590 3749 Καττυὸουρίνη
2608 3727 2616 3734 .
2636 3727 2644 3734 .

1426 3764 1553 3816 Πατρ
1566 3777 1586 3800 ο
1599 3776 1691 3802 παπ
1706 3761 1748 3815 ίγ
1761 3777 1784 3812 η
1803 3792 1811 3800 .
1832 3792 1840 3800 .
1879 3760 1972 3800 1(αὸ
1985 3759 2131 3812 αλίτη
2155 3762 2169 3815 ]
2188 3762 2250 3800 De
2265 3758 2468 3814 prioribus
2486 3755 2649 3795 duobus

1425 3823 1659 3864 nominibus
1679 3822 1814 3862 dicere
1835 3837 1918 3862 non
1938 3821 2270 3871 habeo;tertium
2285 3833 2369 3860 esse
2391 3816 2552 3857 videtur
2575 3819 2649 3856 Οτ-

1427 3886 1522 3927 boul
1544 3885 1734 3938 regionis,
1761 3883 1876 3939 cujus
1899 3884 2051 3925 incolas
2075 3883 2313 3923 Ptolemaeus
2336 3881 2411 3929 VI,
2437 3880 2501 3928 18,
2525 3878 2547 3918 3
2571 3877 2648 3917 Κα-

1426 3948 1578 3994 eoum
1595 3955 1727 3987 vocat.

1483 4009 1628 4063 §49‚l.
1653 4011 1721 4057 24.
1738 4011 1821 4059 στῆ
1835 4024 1884 4063 μ’.
1904 4007 2048 4049 codex.
2069 4008 2152 4060 11—
2166 4007 2232 4047 31.
2251 4007 2312 4045 De
2324 4001 2530 4059 onychum
2544 4000 2650 4041 sodi·
