2808 4342
104 145 201 201 (380,
212 143 308 204 381.)

106 242 287 288 Αὐλαίου
317 248 450 303 τεῖχος
479 240 731 296 πεντήκοντα
754 241 825 286 καὶ
856 243 1073 294 διακόσιοι.
1143 245 1331 293 Ἐνθένδε

105 310 349 362 ἐς-Θυνιάδα
371 307 498 364 ἀκτὴν
518 307 646 354 εἴκοσι
667 310 738 356 καὶ
761 312 920 360 ἑκατόν.

166 396 222 427 87.
268 378 368 424 Ἀπὸ
409 377 450 422 δὲ
494 379 698 431 Θυνιάδος
735 382 789 432 εἷς
831 382 1133 442 Σαλμυδησσὸν
1172 383 1331 429 στάδιοι

104 447 312 492 διακόσιοι.
380 446 537 492 Τούτου
556 452 626 493 τοῦ
641 449 795 511 χωρίου
817 450 986 510 μνήμην
1003 453 1224 507 πεποίηται
1247 454 1331 498 Ξε-

52 520 73 558 5
103 519 230 578 νοφῶν
247 518 268 560 ὁ
289 515 582 580 πρεσὸύτερος,
599 519 670 562 καὶ
686 518 807 580 μέχρι
822 518 967 564 τούτου
986 520 1096 578 λέγει
1115 519 1188 576 τὴν
1205 539 1330 583 στρα·

101 583 191 628 τιὰν
215 585 340 629 ἐλθεῖν
368 587 448 629 τῶν
469 584 708 642 Ἑλλήνων,
743 580 792 641 ἧς
815 587 934 638 αὐτὸς
955 587 1163 647 ἡγήσατο,
1190 588 1256 633 ὅτε
1279 588 1330 633 τὰ

99 654 315 698 τελευταῖα
356 653 427 698 σὺν
465 654 599 714 Σεύθῃ
645 656 704 716 τῷ
741 655 877 717 ΘρᾳκὶΙ
915 656 1175 718 ἐστράτευσε.
1247 658 1331 704 Καὶ

99 722 193 784 περὶ
225 727 297 778 τῆς
319 722 607 782 ἀλιμενότητος
639 729 709 768 τοῦ
733 723 887 786 χωρίου
919 725 1055 770 πολλὰ
1076 725 1329 789 ἀνέγραψεν,

100 790 161 836 ὅτι
184 793 359 837 ἐνταῦθα
376 791 563 837 ἐκπίπτει
582 792 632 836 τὰ
653 794 778 837 πλοῖα
798 796 972 854 χειμῶνι
995 794 1241 856 βιαζόμενα,
1261 795 1331 840 καὶ

35 872 75 901 ΙΟ
101 864 136 906 οἱ
169 863 332 923 Θρᾷκες
369 863 406 906 οἱ
440 860 676 924 πρόσχωροι
713 860 774 906 ὅτι
800 862 901 926 ὑπὲρ
940 866 1020 908 τῶν
1060 864 1265 925 ναυαγίων
1290 867 1330 910 ἐν

99 931 211 994 σφίσι
240 931 529 992 διαμάχονται.
598 930 697 984 Ἀπὸ
728 933 769 976 δὲ
791 934 1098 992 Σαλμυδησσοῦ
1125 936 1180 986 εἷς
1201 937 1331 996 Φρυ-

96 1000 187 1058 γίαν
209 1001 367 1044 στάδιοι
400 1001 620 1061 τριάκοντα
641 1001 712 1045 καὶ
745 1002 984 1063 τριακόσιοι.
1056 1004 1241 1049 Ἐνθένδε
1263 1003 1331 1048 ἐπὶ

862 1065 996 1117 Αἷται
1016 1071 1058 1117 δὲ
1083 1075 1124 1118 αἱ
1145 1072 1331 1118 Κυάνεαι

97 1139 196 1183 εἰσὶν
209 1175 220 1195 ,
241 1138 287 1189 ἃς
304 1139 488 1199 λέγουσιν
509 1142 545 1184 οἳ
565 1140 732 1194 ποιηταὶ
751 1141 964 1202 πλαγκτὰς
979 1142 1110 1186 πάλαι
1127 1136 1231 1187 εἶναι
1261 1142 1330 1187 καὶ

30 1223 71 1250 15
94 1207 162 1252 διὰ
185 1208 339 1253 τούτων
377 1207 544 1270 πρώτην
566 1213 662 1253 ναῦν
693 1209 872 1270 περάσαι
891 1208 962 1265 τὴν
988 1209 1143 1271 Ἀργὼ,
1172 1210 1262 1266 ἥτις
1292 1213 1331 1263 ἐς

97 1277 282 1339 Κόλχους
302 1277 466 1323 Ἰάσονα
485 1278 652 1338 ἤγαγεν.
719 1279 796 1324 Ἐκ
815 1281 857 1323 δὲ
881 1278 1076 1324 Κυανέων
1101 1279 1167 1323 ἐπὶ
1184 1279 1230 1324 τὸ
1251 1279 1328 1326 ‘Is-

98 1348 163 1409 ρὸν
184 1352 252 1392 τοῦ
275 1348 369 1398 Διὸς
388 1352 456 1392 τοῦ
476 1347 652 1409 Οὐρίου,
675 1346 825 1410 ἵναπερ
846 1348 890 1393 τὸ
912 1349 1045 1408 στόμα
1065 1353 1135 1394 τοῧ
1155 1350 1327 1407 Πόντου,

94 1416 253 1460 στάδιοι
286 1417 613 1477 τεσσαράκοντα.
683 1417 870 1463 Ἐνθένδε
904 1420 958 1470 εἷς
988 1417 1134 1477 λιμένα
1162 1418 1329 1480 Δάφνης

90 1488 167 1539 τ’ῆς
204 1484 468 1543 Μαινομένης
509 1485 767 1544 καλουμένης
803 1487 960 1532 στάδιοι
997 1487 1323 1548 τεσσαράκοντα.

27 1567 70 1594 ‘20
93 1553 192 1598 Ἀπὸ
218 1553 258 1598 δὲ
283 1552 450 1615 Δάφνης
466 1555 522 1604 εἷς
545 1553 763 1606 Βυζάντιον
788 1556 1051 1615 ὀγδοήκοντα.
1119 1556 1231 1602 Τάδε
1254 1556 1326 1615 μὲν

89 1623 162 1668 καὶ
185 1623 235 1668 τὰ
254 1623 335 1668 ἀπὸ
357 1627 428 1668 τοῦ
452 1624 661 1686 Βοσπόρου
682 1629 750 1669 τοῦ
778 1625 1010 1686 Κιμμερίου
1031 1625 1097 1670 ἐπὶ
1117 1625 1326 1687 Βόσπορον

92 1693 160 1737 τὸν
183 1691 366 1755 Θρᾴκιον
386 1692 455 1738 καὶ
477 1693 593 1738 πόλιν
614 1693 852 1746 Βυζάντιον.

99 1069 285 1121 Κυανέας
312 1069 439 1115 εἴκοσι
467 1069 538 1114 καὶ
556 1070 794 1132 τριακόσιοι.

89 1828 139 1865 In
162 1826 382 1866 Ptolemaeo
400 1829 486 1876 III,
514 1841 564 1867 10
582 1835 747 1867 centum
770 1827 854 1867 fere
878 1815 930 1868 ab
950 1828 1167 1882 Apollonia
1189 1828 1330 1868 stadiis

92 1889 261 1942 ponitur
289 1888 402 1929 locus
431 1889 596 1937 Τόνζους
622 1889 687 1930 vel
722 1890 896 1939 Τόνζου,
934 1904 1058 1944 quem
1093 1890 1176 1930 huc
1208 1891 1331 1930 traxit

90 1952 330 1991 Mannertus
344 1953 488 2006 VII,p.
519 1966 534 1991 1
547 1956 611 2001 16,
636 1951 739 1992 adeo
756 1961 802 1993 ut
823 1952 933 2008 apud
953 1952 1220 1993 Ptolemaeum
1237 1967 1331 2007 sup-

85 2014 193 2069 pleri
222 2017 350 2070 possit
379 2017 632 2071 Χερσόνησος.
657 2020 713 2059 At
734 2019 767 2058 si
794 2028 902 2059 recte
917 2018 1110 2059 distantia
1129 2019 1171 2058 in
1199 2018 1332 2058 Ptole-

93 2091 197 2117 maeo
226 2087 365 2119 notata
397 2088 478 2129 est,
505 2081 652 2127 Τόνζου
681 2080 795 2121 locus
814 2096 835 2121 a
859 2081 1033 2121 meridie
1053 2082 1330 2136 promontorii

91 2140 250 2180 Zaitan
271 2156 358 2182 esse
379 2141 569 2192 debebat,
588 2143 765 2196 ideoque
784 2144 1099 2198 componendus
1114 2145 1219 2184 foret
1235 2159 1330 2184 cum

97 2202 227 2243 Thera
254 2204 361 2254 loco,
394 2219 518 2258 quem
540 2219 589 2244 12
616 2206 716 2245 mill.
743 2206 827 2245 sive
846 2210 899 2259 96
923 2206 1062 2245 stadiis
1093 2206 1144 2246 ab
1163 2207 1331 2260 Apollo-

86 2265 161 2305 nia
179 2265 303 2305 habet
321 2266 480 2306 Tabula
509 2268 839 2320 Peutingeriana.
867 2267 995 2320 Quod
1019 2268 1052 2307 si
1077 2276 1152 2317 est,
1185 2268 1331 2315 Τόνζου

92 2326 298 2367 Ptolemaei
309 2327 412 2367 foret
422 2329 567 2375 Τόνζου
579 2329 691 2384 θήρα,
702 2330 880 2369 Venatio
889 2331 1054 2370 Tonzae.
1067 2330 1131 2370 Cf.
1141 2338 1229 2370 not.
1241 2345 1326 2384 seq.

99 2389 113 2441 {l
137 2413 193 2419 —
214 2403 251 2440 1¹.
271 2389 317 2436 ἐς
355 2389 572 2430 Αὐλαίου
592 2393 791 2446 τεῖχος]
821 2391 855 2439 ἐς
873 2391 1039 2431 Αὐλαίου
1057 2393 1188 2446 τεῖχος
1205 2391 1249 2432 τὸ
1264 2392 1330 2432 λε’

92 2452 259 2506 γόμενον
277 2451 433 2507 Θήρας
451 2469 547 2507 χωρ
561 2454 599 2493 ίο
613 2470 648 2504 ν,
669 2455 816 2494 στάδιοι
832 2453 922 2495 νσ’..
952 2453 1151 2494 Ἐντεῦθεν
1168 2454 1216 2494 τὰ
1238 2456 1329 2510 μέρη

92 2518 167 2553 τῶν
196 2514 412 2562 Βυζαντίων
437 2504 772 2570 ἐκδέχεται.“Ηεεο
784 2519 1027 2571 Anonymus
1045 2520 1065 2568 S
1083 2519 1150 2558 88.
1176 2518 1253 2558 Cui
1270 2519 1331 2557 in-

88 2577 267 2616 nitentes
282 2578 523 2617 Mannertus
540 2578 566 2617 l.
590 2578 617 2618 l.
638 2593 680 2632 p.
701 2581 777 2631 147
798 2578 946 2633 aliique
955 2587 1202 2619 censuerunt
1220 2580 1332 2619 hunc

93 2638 228 2678 locum
253 2654 340 2679 esse
372 2640 543 2680 Theram
562 2640 729 2680 Tabulae
751 2641 1090 2694 Peutingerianae.
1116 2642 1240 2693 Quod
1256 2645 1330 2683 etsi

85 2700 302 2755 >praefracte
318 2716 465 2755 negare
484 2718 567 2742 non
583 2702 732 2751 audeo,
749 2703 963 2757 probabile
983 2711 1120 2743 tamen
1140 2717 1225 2744 esse
1245 2719 1329 2744 non

93 2762 268 2804 videtur.
299 2765 405 2804 Nam
440 2764 579 2814 Acdaei
609 2763 740 2804 tichos
769 2764 821 2805 ab
851 2764 1069 2819 Apollonia
1103 2764 1226 2805 distat
1250 2774 1329 2806 sta-

93 2824 162 2866 dia
198 2827 300 2876 310,
332 2826 462 2867 Thera
485 2828 561 2867 ista
599 2827 764 2867 nonnisi
800 2841 875 2881 903
904 2842 995 2882 quae
1024 2828 1196 2867 minime
1232 2842 1331 2883 qua-

88 2887 237 2939 drant3
276 2903 526 2943 quamquam
550 2889 734 2930 concedo
768 2890 979 2930 distantias
1011 2904 1111 2944 quas
1150 2889 1246 2930 inde
1278 2891 1329 2931 ab

95 2951 313 3005 Apollonia
338 2952 462 2992 habet
483 2953 643 2993 Tabula
662 2954 870 3006 Peuting.‚
882 2952 996 3007 justo
1015 2954 1196 2993 minores
1226 2968 1326 2995 esse.

94 3014 253 3055 Deinde
271 3029 368 3055 vero
397 3015 591 3073 proclivis
619 3014 857 3070 conjectura
874 3025 934 3057 est
956 3031 1053 3057 cum
1075 3025 1218 3057 nostro
1241 3020 1328 3058 Au-

87 3075 155 3115 laei
192 3077 303 3118 ticho
330 3077 664 3132 componendum
695 3080 832 3133 potius
854 3093 939 3119 esse
959 3079 1071 3134 quod
1105 3081 1157 3121 80
1188 3079 1328 3120 stadiis

89 3146 186 3190 post
204 3140 382 3180 Theram
408 3142 592 3194 sequitur
612 3141 652 3181 in
675 3142 781 3182 Tab.
798 3143 846 3183 P.
875 3145 964 3182 Bam
989 3141 1070 3182 tico
1089 3143 1106 3195 (
1128 3143 1212 3182 sive
1226 3146 1327 3184 Bur-

95 3198 190 3246 tico,
220 3202 280 3240 uti
315 3203 467 3254 Geogr.
505 3204 607 3243 Rav.
649 3206 726 3254 IV,
751 3208 775 3245 6
798 3203 983 3257 scribit),
1005 3204 1071 3244 cui
1106 3205 1328 3260 respondet

96 3259 205 3312 apud
226 3261 488 3302 Ptolemaeum
511 3264 658 3305 eodem
688 3265 773 3306 fere
803 3266 1016 3307 intervallo
1038 3281 1211 3322 sequens
1247 3269 1327 3309 Πε-

93 3341 115 3378 ρ
129 3341 178 3365 ον
191 3342 212 3366 τ
227 3331 340 3368 ικόν.
362 3331 417 3369 Ut
433 3339 477 3370 ut
492 3341 565 3381 est,
591 3335 758 3375 Arriani
776 3335 906 3376 Aulaei
926 3335 1058 3376 tichos
1083 3337 1325 3391 ponendum

98 3388 168 3428 ubi
202 3404 312 3430 nune
346 3399 406 3431 est
438 3393 645 3435 Aha-boli.
684 3397 701 3450 11
727 3421 783 3428 -
819 3411 862 3438 2.
909 3398 1120 3438 Θυνιάδα
1148 3398 1321 3456 ἀκτὴν]

97 3450 278 3501 Θυνιάδα,
311 3453 561 3508 ἀκρωτήριον,
602 3456 640 3496 ἐν
663 3455 696 3512 ᾧ
729 3459 794 3498 καὶ
815 3461 932 3514 ὅρμος
950 3449 1074 3501 ναυσί.
1105 3463 1226 3503 Nunc
1247 3466 1330 3519 Cap

93 3513 227 3553 ,Kouri
252 3515 313 3554 vel
345 3516 520 3565 Ainaga.
556 3520 618 3558 De
648 3523 936 3573 promontorio
968 3531 1008 3562 et
1029 3524 1196 3577 regione
1216 3526 1327 3580 Thy-

93 3575 218 3616 made
231 3576 282 3616 cf.
300 3577 444 3618 Strabo
453 3592 494 3632 p.
512 3580 608 3632 319.
627 3581 720 3632 541,
740 3584 941 3637 Scymnus
951 3598 1046 3638 727,
1059 3585 1230 3626 Ptolem.
1246 3589 1324 3639 III,

254 4050 389 4079 cssocn.
415 4054 437 4087 ¹,

995 145 1295 207 PERIPLUS
1330 148 1511 195 PONTI
1544 149 1755 196 EUXlNI

1376 1567 1378 1569 ·
1400 1567 1480 1606 que
1514 1553 1735 1606 octoginta.

2545 173 2628 211 ⁴01

1401 263 1442 295 et
1463 257 1774 312 quinquaginta.

1401 323 1558 377 viginti.

1458 393 1526 447 37.
1557 396 1594 435 A
1617 394 1833 450 Thyniade
1864 395 1918 436 ad
1951 396 2252 451 Salmydessum
2285 401 2413 442 stadia
2444 403 2636 445 ducenta.

1402 460 1536 515 Hujus
1552 464 1730 516 regionis
1745 464 1981 518 Xenophon
2000 466 2137 507 senior
2155 467 2170 519 (
2187 469 2326 510 Anah.
2350 484 2390 523 7,
2415 471 2453 519 5,
2480 487 2502 524 7
2519 475 2535 524 )
2560 487 2640 512 me-

1402 530 1537 580 minit,
1562 539 1602 572 et
1624 532 1838 588 hucusque
1871 535 2111 575 Graecorum
2145 538 2373 579 exercitum
2407 549 2640 594 penetrasse

1401 602 1557 653 scribit,
1591 605 1657 645 cui
1676 606 1762 660 ipse
1775 605 1955 661 praefuit,
1981 622 2111 662 quum
2129 618 2339 664 postremo
2363 626 2458 653 cum
2486 614 2639 655 Seutha

1403 674 1563 715 Thrace
1586 677 1774 717 militiam
1803 679 1900 732 egit.
1959 681 2099 720 Multis
2132 696 2298 738 quoque
2316 683 2426 725 idem
2452 687 2636 741 exponit,

1401 763 1524 803 quani
1535 750 1791 804 importuosa
1804 752 1856 792 sit
1871 752 1958 792 haec
1972 754 2099 807 regio,
2117 770 2322 811 navesque
2337 758 2375 797 vi
2391 760 2639 813 tempestatis

1400 836 1450 861 eo
1472 820 1587 876 ejici;
1608 831 1730 877 atque
1748 823 1928 864 Thraces
1955 826 2110 866 accolas
2133 826 2185 867 de
2213 828 2521 882 naufragiorum
2541 831 2637 871 reli-

1401 893 1507 946 quiis
1530 894 1636 934 inter
1654 909 1695 934 se
1718 893 1947 948 digladiari.
2010 899 2045 938 A
2067 898 2321 954 Salmydesso
2344 900 2395 941 ad
2416 902 2636 957 Phrygiam

1401 964 1531 1006 stadia
1550 974 1733 1007 trecenta
1759 975 1799 1007 et
1830 969 1996 1022 triginta
2011 985 2021 1019 ;
2050 969 2147 1010 inde
2170 970 2221 1011 ad
2242 973 2423 1027 Cyaneas
2456 982 2638 1017 trecenta

1400 1045 1440 1077 et
1473 1039 1631 1092 viginti.
1690 1040 1764 1079 Hae
1787 1049 1883 1080 sunt
1912 1042 2083 1096 Cyaneae
2106 1043 2181 1084 illae
2199 1076 2210 1094 ,
2247 1059 2347 1099 quas
2380 1055 2510 1102 poetae
2538 1048 2637 1089 olim

1400 1109 1571 1151 tradunt
1600 1125 1718 1165 vagas
1747 1111 1895 1162 fuisse,
1931 1127 2006 1167 per
2041 1128 2188 1169 easque
2218 1118 2395 1171 primam
2425 1120 2635 1161 transiisse

1400 1184 1513 1235 Argo
1546 1197 1719 1234 navem,
1750 1198 1840 1238 quae
1874 1186 2062 1225 Iasonem
2095 1187 2138 1226 in
2169 1187 2342 1229 Colchos
2378 1190 2634 1244 perduxerit.

1399 1259 1436 1299 A
1461 1258 1632 1313 Cyaneis
1655 1258 1706 1299 ad
1735 1260 1891 1299 Hieron
1915 1259 2133 1315 (Fanum)
2153 1263 2264 1301 Jovis
2293 1264 2384 1303 Urii
2420 1265 2637 1320 (Propitii

1400 1330 1756 1384 navigantibus),
1799 1332 1870 1371 ubi
1906 1347 1950 1372 os
1992 1334 2140 1383 Ponti,
2181 1333 2310 1375 stadia
2347 1335 2633 1390 quadraginta.

1835 259 1943 298 Hinc
1957 259 2009 299 ad
2027 260 2286 315 Thyniadem
2303 263 2397 304 litus
2413 276 2575 309 centum
2598 279 2638 310 et.

1398 1404 1501 1445 Inde
1520 1405 1572 1446 ad
1590 1414 1758 1462 portum
1779 1407 1972 1461 Daphnes
1988 1438 1998 1456 ‚
2021 1422 2112 1462 quae
2130 1409 2388 1449 Maenornena
2415 1410 2431 1462 (
2448 1413 2485 1450 F
2486 1425 2602 1453 urens
2621 1413 2637 1464 )

1400 1479 1568 1530 dicitur,
1591 1479 1722 1521 stadia
1752 1479 2045 1535 quadraginta3
2072 1496 2095 1520 a
2114 1482 2288 1536 Daphne
2309 1484 2551 1537 Byzantium
2571 1497 2639 1523 us-

1797 1555 1933 1607 Atque
1962 1553 2049 1593 haec
2074 1553 2243 1607 quidem
2272 1564 2368 1595 sunt
2399 1571 2423 1596 a
2449 1558 2634 1611 Bosporo

1401 1625 1623 1664 Cimmerio
1658 1624 1710 1664 ad
1729 1626 1961 1679 Bosporum
1981 1625 2206 1666 Thracium
2228 1628 2458 1682 urbemque
2480 1630 2636 1683 Byzan-

1397 1703 1519 1736 tium.

1405 1842 1472 1877 11,
1496 1828 1603 1868 Mela
1618 1830 1674 1875 II,
1694 1841 1734 1877 2,
1762 1828 1801 1868 5.
1826 1829 1982 1869 Plinius
1999 1831 2076 1879 IV,
2100 1832 2147 1870 18
2170 1830 2426 1885 Thyniadem
2445 1840 2638 1886 tanquam

1401 1888 1603 1944 oppidum
1618 1897 1835 1930 memorat.

1457 1955 1479 2004 5
1502 1951 1619 2002 37,1.
1646 1952 1668 1992 3
1684 1951 1880 2007 Σαλμυδ
1894 1951 2009 2003 ησσὶ)
2022 1954 2065 2007 ν]
2090 1950 2350 2008 Ἅλμυδησσὸν
2371 1961 2510 1996 Anon.
2534 1958 2636 2010 §87-

1399 2016 1521 2055 Nunc
1536 2014 1635 2055 urbs
1648 2014 1804 2056 Midia.
1820 2014 1883 2055 Cf.
1906 2023 1994 2055 not.
2013 2015 2063 2055 ad
2080 2016 2246 2070 Scymn.
2271 2030 2366 2070 727.
2386 2018 2401 2071 ΙΙ
2428 2042 2480 2048 -
2499 2021 2539 2066 4.
2566 2035 2639 2059 πε-

1400 2077 1512 2129 ποίη
1526 2078 1631 2132 ται]
1651 2079 1968 2119 ποιεῖταιΑηοη.
1993 2078 2008 2131 ll
2032 2101 2089 2109 —-
2107 2077 2146 2119 5.
2163 2078 2425 2134 στρατιὰν]
2443 2082 2639 2136 στρατείαν

1400 2143 1539 2180 Anon.
1571 2141 1586 2193 Η
1613 2164 1669 2170 -—
1693 2153 1756 2180 11.
1778 2139 2024 2194 Φρυγίαν]
2045 2139 2095 2188 εἰς
2108 2141 2279 2196 Φρυγίας
2299 2140 2368 2192 τὴν
2390 2143 2454 2182 καὶ
2475 2143 2639 2199 λεγομέ-

1402 2217 1470 2253 νην
1490 2201 1632 2241 Φιλίαν
1650 2204 1910 2256 Anonymus.
1928 2204 1991 2242 De
2010 2202 2163 2258 Φρυγία
2191 2204 2360 2243 nomine
2374 2204 2538 2245 aliunde
2553 2221 2637 2247 non

1400 2272 1574 2314 constat,
1596 2278 1822 2318 vereorque
1845 2279 1897 2304 ne
1919 2264 2049 2305 subsit
2079 2265 2141 2306 vel
2159 2280 2276 2306 error
2295 2267 2460 2307 Arriani
2482 2268 2546 2308 vel
2568 2283 2634 2309 ve-

1400 2334 1465 2365 tus
1486 2326 1686 2366 librorum
1703 2326 1867 2366 vitium.
1886 2328 1948 2366 De
1967 2326 2135 2366 nomine
2155 2326 2295 2374 Φιλίας
2310 2327 2372 2367 vel
2389 2327 2532 2376 Φιλέας
2552 2338 2631 2370 ete.

1401 2402 1439 2427 V.
1465 2396 1553 2428 not.
1570 2386 1623 2428 ad
1648 2389 1814 2442 Scymn.
1838 2389 1934 2442 723,
1959 2402 2002 2442 p.
2023 2390 2120 2436 224.
2143 2390 2264 2429 Nunc
2284 2389 2397 2429 Filia
2420 2391 2483 2431 vel
2497 2391 2633 2432 Filiae

1399 2449 1513 2489 locus
1535 2463 1664 2504 prope
1689 2451 1772 2504 Cap
1792 2449 2050 2504 Kalioncljik.
2086 2451 2168 2490 Pro
2198 2451 2278 2491 330
2305 2451 2451 2502 stadiis
2466 2455 2635 2508 Anony-

1401 2526 1491 2552 mus
1507 2511 1723 2566 praebetst.
1746 2512 1840 2553 310.
1864 2512 1879 2566 Η
1901 2536 1955 2542 --
1972 2514 2036 2553 18.
2059 2511 2158 2567 Δάφ
2177 2527 2232 2564 νη
2247 2529 2262 2560 ς
2294 2516 2347 2564 τῆ
2363 2530 2378 2560 ς
2410 2529 2549 2568 μαινο
2564 2517 2635 2570 μέ-

1401 2589 1479 2626 νης
1505 2575 1519 2628 ]
1562 2573 1678 2614 Idem
1715 2574 1828 2614 locus
1871 2575 1992 2614 etiam
2038 2573 2199 2629 ’Άμυκος
2250 2575 2486 2617 vocabatur.
2532 2577 2633 2618 Vid.

1399 2635 1620 2675 Androetes
1641 2650 1708 2691 ap.
1730 2635 1857 2676 schol.
1884 2635 2020 2690 Apoll.
2043 2635 2179 2677 Rhod.
2211 2638 2268 2685 H,
2305 2636 2380 2690 159
2410 2639 2451 2677 in
2469 2640 2633 2691 Fragm.

1399 2698 1506 2737 Hist.
1531 2699 1607 2748 IV,
1625 2712 1667 2752 p.
1695 2697 1770 2750 159
1792 2697 1931 2751 ibique
1943 2705 2097 2739 notata.
2118 2697 2241 2738 Plura
2252 2698 2376 2739 habes
2398 2714 2465 2754 ap.
2481 2700 2636 2755 Diony-

1399 2761 1505 2799 sium
1519 2762 1616 2814 Byz.
1635 2768 1675 2801 et
1691 2759 1861 2801 Gillium
1873 2762 1935 2799 De
1957 2760 2078 2814 Bosp.
2091 2761 2242 2801 Thrac.
2261 2763 2338 2809 ΠΙ,
2352 2765 2376 2801 6
2391 2775 2433 2815 p.
2454 2764 2631 2817 215sqq.

1400 2823 1416 2874 (
1440 2821 1634 2876 Lugdun.
1661 2823 1762 2862 1561
1788 2824 1820 2875 ).
1838 2823 1888 2862 In
1907 2823 2130 2876 Anonymo
2153 2825 2175 2874 S
2196 2825 2248 2876 89
2266 2822 2414 2876 legitur
2436 2823 2485 2870 εἰς
2499 2823 2636 2879 λιμένα

1397 2884 1547 2939 Δάφνης
1582 2886 1650 2935 τῆς
1688 2898 1812 2939 μαιν.,
1853 2883 1920 2925 τὸν
1959 2887 2025 2924 νῦν
2077 2884 2293 2940 λεγόμενον
2331 2884 2547 2938 Σωσθένην.
2582 2891 2637 2928 At

1397 2947 1606 2986 Sosthenis
1627 2947 1642 2999 (
1665 2946 1753 2987 aliis
1771 2946 2003 2995 Lctstlzenis·‚
2031 2946 2280 2995 hosthanis,
2313 2947 2534 2995 Sostenius,
2564 2952 2633 2989 So-

1396 3009 1617 3059 sthenium,
1635 3017 1675 3049 et
1696 3007 1807 3063 apud
1835 3009 2015 3050 Plinium
2036 3012 2076 3058 4,
2103 3011 2151 3050 18
2172 3017 2364 3063 corrupte
2393 3010 2631 3065 casthenis)

1397 3081 1541 3126 portus
1574 3086 1659 3112 non
1687 3071 1798 3112 idem
1820 3080 1908 3112 erat
1941 3086 2037 3112 cum
2071 3072 2288 3125 Daphne5‚
2327 3070 2398 3111 sed
2426 3086 2447 3110 e
2466 3073 2632 3124 regione

1396 3133 1483 3188 ejus
1502 3135 1544 3174 in
1563 3136 1766 3189 Europaeo
1785 3134 1956 3188 Bospori
1976 3134 2100 3173 latere
2118 3134 2233 3173 situs.
2255 3132 2364 3173 Vide
2392 3147 2484 3186 quae
2504 3133 2631 3175 multa

1396 3195 1448 3236 de
1463 3211 1517 3237 eo
1541 3211 1591 3237 ex
1614 3196 1813 3250 Dionysio
1836 3195 2061 3249 ceterisque
2082 3193 2201 3234 affert
2223 3194 2368 3235 Gillius
2387 3194 2413 3233 l.
2448 3194 2474 3234 l.
2498 3196 2552 3243 Π,
2579 3198 2631 3244 14

1395 3271 1437 3312 p.
1461 3257 1536 3298 125
1554 3272 1643 3312 sqq.
1659 3259 1849 3298 Ceterum
1866 3271 1994 3311 quum
2013 3257 2229 3311 scriptores
2244 3255 2411 3310 quidam
2427 3257 2630 3298 Sostlzenii

1395 3320 1595 3373 originem
1615 3334 1709 3360 cum
1743 3333 1880 3373 pugna
1905 3321 2236 3371 Argonautarum
2256 3326 2395 3358 contra
2424 3320 2630 3372 Amycum

1396 3382 1684 3435 conjunxerint
1716 3381 1805 3434 (V.
1830 3381 1998 3421 Joannis
2023 3378 2269 3420 Antiocheni
2304 3377 2354 3418 fr.
2398 3378 2445 3418 15
2482 3379 2525 3418 in
2555 3379 2624 3419 Fr.

1401 3444 1557 3484 Histor.
1585 3444 1660 3492 IV,
1682 3457 1724 3497 p.
1752 3442 1829 3490 548
1854 3442 1992 3496 ibique
2014 3443 2158 3495 not.)‚
2185 3440 2299 3482 facile
2320 3440 2519 3481 confundi
2542 3440 2632 3482 loca

1400 3508 1474 3547 ista
1490 3513 1692 3561 poterant.
