2808 4342
173 237 265 278 ⁴⁴0
324 305 330 309 .
527 265 568 306 0

507 343 704 382 Aotnoa'
738 338 972 376 MAPMAN
982 338 1069 372 Ru.

234 474 292 506 8⁴.
329 457 428 506 ’Aah
451 455 684 518 Πετράντος
706 450 774 498 ἐπὶ
796 448 872 506 τὴν
898 447 1118 510 Κάρδαμιν
1149 445 1307 514 στάδιοι
1331 446 1404 509 ρν’·

171 527 296 590 ὅρμος
317 526 440 574 ἐστίν·
462 525 568 586 ἄκρα
594 520 860 581 ἀπολήγουσα
874 555 887 575 ,
909 515 1067 569 σκοπὰς
1096 515 1263 579 ἔχουσα·
1287 516 1403 579 ὁρμί·

174 599 243 650 ζου
277 595 344 643 ἐπ’
376 593 503 650 αὐτὴν
526 597 609 644 τοῖς
632 588 785 636 ἄνωθεν
809 588 988 649 ἀνέμοις·
1011 584 1122 649 ὕδωρ
1145 585 1232 648 ἔχει
1254 586 1296 631 ἓν
1317 586 1408 639 ταῖς

202 683 270 711 πει
297 683 369 716 οις.

110 744 132 775 s
171 668 199 722 ἦ
234 683 294 779 σιξ
326 729 424 778 Ἀπὸ
446 732 519 784 τῆς
543 725 806 790 Καρδάμεως
824 724 901 779 ἕως
928 727 984 779 εἷς
1010 723 1227 774 Μενέλαον
1250 724 1408 771 στάδιοι

172 802 221 865 ρ’·
242 800 368 860 λιμήν
390 801 512 845 ἐστιν·
533 796 643 860 ὕδωρ
666 795 754 860 ἔχει
772 794 909 842 πλατὺ
927 796 970 842 ἐν
991 798 1043 857 τῇ
1066 794 1213 859 ἅμμῳ.

232 887 288 918 ae.
324 868 341 935 [
364 868 464 916 Ἀπὸ
486 866 703 916 Μενελάου
727 868 783 920 εἰς
805 868 1008 919 Κατανεῑς
1032 864 1191 912 στάδιοι
1210 861 1272 929 *]

233 957 290 988 ³7.
321 938 422 987 Ἀπὸ
454 936 679 986 Κατανέων
706 937 762 989 εἷς
792 935 1020 998 Κυρθάνιον
1042 934 1200 981 στάδιοι
1222 933 1293 998 ρν’·
1327 932 1410 994 ἀπὸ

173 1008 350 1056 σταδίων
382 1006 492 1055 ὀκτὼ
528 1006 747 1070 παράπλει
786 1004 901 1070 (ἔχει
932 1005 1014 1069 γὰρ
1053 1003 1192 1068 βράχη
1223 1002 1407 1066 δψηλά)·

109 1087 150 1118 10
170 1079 255 1143 ἔχει
277 1078 402 1142 ὕδωρ.
1294 1074 1310 1083 “

233 1164 290 1197 38.
329 1146 430 1195 Ἀπὸ
468 1144 700 1207 Κυρθανίου
738 1146 794 1197 εἷς
831 1142 1096 1205 Ἄντίπυργον
1134 1141 1293 1188 στάδιοι
1328 1141 1408 1187 σι’·

170 1217 293 1280 ὅρμος
309 1217 398 1264 ἐστὶ
419 1214 584 1280 θερινός·
610 1218 731 1271 νῆσος
752 1214 795 1260 δέ
815 1216 901 1260 ἐστι
914 1248 928 1274 ‚
953 1213 1025 1259 καὶ
1042 1211 1134 1260 κατ’
1153 1210 1281 1268 αὐτὴν
1303 1210 1409 1274 mip-

225 1380 339 1431 53⁴.
365 1375 646 1433 Κάρδαμιν]
670 1374 881 1430 Καρδάμην
900 1376 982 1427 ets
1004 1373 1056 1415 35
1079 1371 1155 1414 ἀπὸ
1177 1374 1245 1424 τῆς
1268 1371 1413 1427 Καρδα-

171 1442 330 1495 μώσεως
343 1438 395 1488 εἰς
408 1440 466 1482 Μ.
486 1438 633 1481 codex.
666 1437 874 1479 Ptolemaei
889 1435 1051 1478 codices
1075 1433 1258 1491 Ἆρδανὶς,
1288 1433 1414 1490 ‘Apra-

170 1502 241 1553 νἰς,
264 1502 434 1558 Ἄρτανις
456 1502 573 1558 ἄκρον
587 1517 600 1553 ;
625 1500 838 1543 Strabonis
864 1499 1027 1541 codices
1044 1512 1087 1555 p.
1117 1499 1223 1541 838:
1253 1496 1415 1554 Ἅρδανί-

171 1564 222 1613 ξις
243 1565 256 1620 (
279 1564 443 1621 Ἄρδάνις
459 1565 654 1614 Cramer;
669 1562 830 1604 mallem
855 1561 1020 1618 Ἄρδανίς
1034 1563 1121 1615 τις)
1137 1560 1236 1616 ἄκρα
1252 1559 1411 1614 ταπεινὴ

171 1627 343 1683 ὕφορμον
367 1626 531 1683 ἔχουσα.
555 1625 673 1667 Idem
694 1640 739 1682 p.
761 1628 815 1675 l.o
846 1638 856 1666 z
888 1624 954 1666 καὶ
975 1624 997 1666 ὁ
1022 1623 1255 1673 Μενέλαος..
1282 1619 1410 1676 ἧκεν..

172 1689 224 1738 εἰς
242 1690 402 1743 Λιὸὑην,
426 1691 496 1735 ὅτι
511 1689 701 1745 προσέσχε
722 1689 854 1737 τόποις
872 1688 985 1729 τισίν·
1018 1686 1082 1743 ἀφ’
1111 1682 1158 1728 οὗ
1184 1686 1249 1729 καὶ
1274 1687 1295 1728 ὁ
1315 1687 1414 1730 κατὰ

169 1750 240 1804 τὴν
266 1752 460 1809 Ἀρδανίαν
497 1750 728 1809 (Ἀρδανίδα
757 1765 840 1792 em.
873 1749 1047 1806 Cram.)
1079 1746 1200 1805 λιμὴν
1223 1747 1293 1801 τὴν
1322 1749 1415 1805 ὓπὲρ

172 1815 430 1872 Παραιτονίου
464 1814 663 1862 Μενέλαος
687 1813 880 1855 καλεῖται.
902 1811 1039 1853 Hodie
1071 1819 1244 1852 vocatur
1276 1814 1360 1853 Ras
1379 1812 1418 1852 el

171 1878 327 1921 Mellah
357 1878 371 1935 (
395 1881 480 1920 Bas
500 1877 547 1918 a!
558 1877 694 1919 Milhr
709 1890 777 1932 ap.
798 1875 1033 1931 Smythium
1053 1874 1067 1931 )
1099 1874 1185 1915 sive
1206 1877 1291 1931 Cap
1310 1874 1417 1916 Luh-

172 1940 252 1990 ka,
281 1939 380 1982 inde
408 1955 432 1982 a
457 1954 543 1996 quo
571 1953 644 1981 ora
666 1951 858 1979 occasum
890 1950 1032 1978 versus
1063 1935 1259 1977 deflectit.
1297 1936 1415 1978 Litus

171 2002 231 2044 ibi
251 2002 423 2054 humile,
445 2016 575 2058 quum
597 2001 735 2058 paullo
763 2000 925 2054 longius
955 2007 1116 2040 montes
1131 1998 1184 2039 ab
1208 2012 1280 2040 ora
1302 2013 1416 2040 rece-

171 2062 289 2107 dant.
318 2067 335 2119 ΙΙ
370 2089 428 2097 -
461 2065 597 2105 σταδ.
625 2062 717 2119 ρν’]
743 2064 803 2103 sic
824 2061 978 2113 codex;
1011 2060 1072 2117 pr]
1103 2075 1245 2117 apogr.
1274 2062 1411 2103 Iriart.

171 2127 366 2169 Ceterum
369 2126 483 2183 justo
498 2125 632 2181 major
641 2140 728 2167 esse
741 2124 903 2166 videtur
916 2138 1134 2174 numerus;
1153 2124 1317 2165 nonnisi
1340 2138 1417 2166 ιοο

172 2188 305 2231 stadia
340 2190 383 2230 in
407 2203 555 2244 mappa
578 2186 754 2242 Smythii
785 2186 950 2227 metior.
972 2186 989 2240 ΙΙ
1009 2210 1067 2217 -
1084 2186 1203 2240 ἄκρα
1229 2184 1416 2237 ἀπολή-

172 2267 263 2308 γου
276 2252 358 2307 σα]
380 2253 550 2293 Putaroe
578 2248 701 2291 luisse
725 2247 776 2296 εἰς
803 2245 950 2299 λεπτὴν
979 2247 1129 2288 ταινίαν
1164 2246 1418 2302 ἀπολήγουσαι

172 2313 237 2355 vel
260 2313 338 2355 tale
359 2312 487 2369 quid;
508 2311 581 2354 scd
599 2311 705 2353 bene
733 2310 857 2352 habet
871 2310 1054 2365 vulgata3
1080 2308 1337 2366 ἇπολήγουσα
1357 2319 1419 2352 est

174 2376 488 2429 τελευταιοτάτη,
509 2374 673 2430 ἐσχάτη,
688 2372 732 2414 τὸ
749 2371 952 2429 ἀπολῆγον
971 2371 1111 2426 ταύτης
1124 2375 1192 2425 τῆς
1209 2372 1415 2429 παραλίας,

174 2453 268 2480 acra
284 2440 325 2480 in
342 2452 468 2495 quam
483 2437 552 2479 hic
568 2450 651 2477 orae
670 2443 826 2477 tractus
840 2434 1006 2477 desinit.
1022 2434 1087 2477 Cf.
1108 2434 1296 2491 Periplus
1310 2449 1415 2476 mar.

174 2501 346 2559 Erythr.
363 2515 405 2559 p.
429 2500 509 2544 283
531 2512 542 2542 ;
566 2498 611 2541 τὸ
642 2497 846 2555 ἀπολῆγον
862 2496 979 2541 αὗτοῦ
996 2498 1123 2555 μέρος,
1148 2497 1301 2541 montis
1313 2511 1419 2554 pars

174 2573 371 2607 extrema.
398 2566 414 2620 ΙΙ
439 2589 497 2596 -
528 2568 635 2612 τοῖς
670 2563 834 2605 ἄνωθε
850 2578 869 2605 ν
908 2562 1143 2618 ἀνέμοις]
1169 2562 1197 2603 i.
1227 2575 1265 2603 e.
1288 2560 1419 2602 ventis

175 2642 226 2669 ex
245 2628 326 2669 alto
355 2629 457 2669 mari
479 2626 747 2683 spirantibus,
773 2634 821 2667 ut
842 2625 1020 2667 videtur.

231 2692 255 2742 S
294 2694 363 2731 35.
406 2688 699 2744 Μενέλαον]
727 2687 791 2729 Cf.
836 2687 960 2738 Ptol„
997 2686 1199 2729 Herodot.
1227 2688 1304 2737 IV,
1342 2690 1417 2741 169

177 2750 428 2805 (Μενελάϊος
463 2751 616 2806 λιμήν)
639 2759 681 2792 et
710 2750 854 2807 Scylax
884 2754 907 2803 S
934 2752 1009 2793 108
1025 2782 1037 2802 ,
1062 2751 1135 2806 qui
1159 2750 1374 2806 hucusque
1395 2764 1419 2791 a

175 2814 370 2857 Petrante
394 2828 542 2867 magno
565 2813 646 2854 diei
665 2828 753 2854 esse
778 2814 1080 2867 navigationem
1104 2811 1253 2862 tradit,
1275 2827 1420 2868 quam·

177 2889 303 2932 quam
321 2877 397 2918 iter
413 2876 578 2917 nonnisi
598 2876 679 2917 250
694 2875 922 2916 stadiorum
937 2884 1013 2917 est.
1034 2875 1256 2917 Ponendus
1275 2884 1420 2931 portus

177 2937 231 2981 ad
251 2936 352 2981 hod.
372 2938 434 2980 A!
446 2937 614 2980 Kuriae.
632 2938 875 2979 Ptolemaeus
894 2938 1128 2978 Menelaum
1154 2939 1260 2978 inter
1288 2938 1419 2979 medi·

178 3008 366 3043 terranea
380 3007 579 3042 recenset.
600 2998 787 3054 Suspicio
802 2998 925 3052 igitur
943 3006 1002 3038 est
1023 2998 1156 3038 locum
1174 3013 1256 3039 non
1277 3014 1300 3039 e
1315 3000 1421 3053 peri-

178 3062 257 3119 plis
277 3062 350 3104 sed
371 3076 422 3104 ex
443 3061 673 3104 Itinerariis
689 3068 899 3116 receptum
914 3073 1014 3100 oese.
1036 3062 1127 3101 Jam
1144 3074 1272 3115 quum
1292 3061 1421 3101 Cardo

178 3125 347 3167 Tabula!
362 3123 689 3179 Peuungerianae
714 3121 963 3179 respondeat
987 3121 1212 3177 Cyrthanio
1238 3122 1419 3176 Periplo·

179 3202 272 3229 rum
291 3187 381 3243 (V.
411 3194 500 3228 not.
522 3184 574 3227 ad
597 3187 620 3238 S
644 3185 695 3240 37
711 3186 744 3239 ),
769 3198 792 3225 a
814 3182 943 3226 Cardo
967 3191 1105 3225 autem
1128 3197 1268 3224 versus
1286 3184 1421 3225 orien-

179 3257 263 3291 tem
286 3249 503 3306 proximus
520 3248 562 3289 in
579 3246 741 3289 Tabula
756 3246 871 3288 loeus
889 3246 942 3287 sit
952 3247 1159 3296 Nemeseo,
1179 3245 1232 3286 36
1245 3244 1418 3286 millium

181 3310 409 3362 intervallo,
440 3311 526 3351 sive
555 3309 783 3351 stadiorum
814 3310 918 3359 288,
944 3322 1035 3364 quae
1057 3308 1154 3349 satis
1169 3306 1422 3348 conveniunt

179 3389 274 3415 cum
299 3375 382 3417 230
407 3372 549 3415 stadiis
572 3375 680 3415 inter
699 3373 972 3429 Cyrthanium
989 3380 1029 3413 et
1047 3370 1278 3413 Menelaum
1296 3370 1419 3411 inter·

177 3435 325 3491 jectis:
351 3435 486 3478 nullus
506 3436 654 3478 dubito
677 3437 780 3492 quin
814 3438 1029 3483 Nemeseo,
1068 3441 1311 3490 corruptum
1330 3433 1422 3473 site

183 3498 373 3547 Heracleo,
385 3498 584 3541 Menelao.
595 3501 710 3541 Inter
717 3501 907 3541 Nemeseo
914 3503 1050 3538 autem
1060 3503 1099 3536 et
1110 3494 1422 3537 Catabathmum

183 3574 315 3616 quum
338 3561 502 3602 nonnisi
525 3564 577 3610 24
610 3560 739 3604 stadia
762 3568 987 3616 ponantur,
1022 3566 1133 3614 patet
1156 3555 1357 3599 Tabulam
1381 3557 1422 3597 in

183 3622 266 3665 hoc
282 3629 416 3664 tractu
430 3623 591 3663 omissis
605 3623 761 3679 aliquot
779 3620 1062 3664 mansionibus
1073 3635 1158 3662 esse
1177 3627 1420 3661 truncatam.

183 3683 319 3728 Aliam
340 3685 448 3725 viam
480 3685 496 3737 (
516 3686 642 3739 magis
660 3700 733 3741 per
762 3683 1060 3727 mediterranea
1092 3681 1311 3724 ducentem
1332 3681 1346 3739 )
1367 3695 1427 3723 se·

185 3747 330 3803 quitur
351 3746 615 3787 Itinerarium
637 3748 945 3802 provinciarum
961 3762 1004 3803 p.
1027 3759 1095 3801 71.
1123 3747 1140 3801 ΙΙ
1165 3768 1222 3777 -
1239 3744 1422 3795 πλατὺ,

184 3808 410 3851 sauma'ere.
433 3806 550 3850 Idem
587 3809 697 3850 cadit
728 3811 768 3849 in
802 3809 933 3850 sontes
955 3807 1078 3863 hujus
1107 3807 1286 3862 regionis
1307 3806 1427 3861 longe

184 3870 401 3927 plurimos.
427 3871 444 3926 ss
462 3893 521 3902 -
535 3872 640 3924 Quae
658 3879 887 3926 sequuntur
904 3874 927 3924 S
944 3873 996 3912 36
1013 3870 1212 3926 supplevi.

243 3934 267 3986 S
285 3936 335 3975 37
373 3931 464 3974 ἀπὸ
489 3932 519 3973 Κ
530 3947 555 3973 α
567 3947 622 3974 τα
634 3933 720 3975 νέω
732 3934 780 3990 ν]
803 3934 1028 3975 Καταιόνιον
1038 3933 1154 3989 ἄκρον
1167 3931 1422 3974 Ptolemaeus.

188 3993 368 4036 Aliunde
384 3994 498 4035 locus
519 4009 604 4037 non
622 4004 760 4037 notus.
776 3997 826 4038 In
849 3995 1078 4038 Stadiasmo
1101 3995 1222 4036 fuisse
1244 3994 1430 4049 suspicor

190 4053 266 4098 ἀπὸ
282 4054 497 4109 Κατάνεως,
514 4057 619 4100 adeo
633 4066 679 4100 ut
693 4061 716 4112 S
732 4059 784 4101 36
797 4058 922 4100 scrib.
936 4057 986 4107 εἰς
1002 4058 1183 4099 Κάτανιν.
1206 4059 1222 4112 ΙΙ
1240 4080 1297 4089 -
1309 4056 1337 4096 li
1350 4070 1427 4110 υρ·

1290 214 1583 262 ΑΝΟΝΥΜῘ

1809 328 2044 378 stom-rua
2076 337 2385 374 uaauuuca.

1537 452 1606 501 34.
1639 453 1674 493 A
1697 452 1888 492 Petrante
1908 451 2120 508 [Magno]
2154 434 2209 493 ad
2228 451 2450 495 Cardamiu
2472 454 2559 507 (al.
2584 453 2718 496 Arda-

1480 521 1554 561 nin
1571 523 1588 574 )
1606 517 1740 560 stadia
1762 519 1866 570 150;
1883 518 2004 560 statio
2023 526 2085 560 est
2096 534 2109 570 ;
2139 520 2473 575 promontorium
2495 521 2617 577 hujus
2633 537 2716 565 orae
2783 523 2804 550 ·’

1478 597 1734 639 extremum,
1758 587 1941 644 speculas
1973 587 2153 639 liabens;
2189 587 2241 630 ad
2278 587 2322 630 id
2352 589 2507 645 appelle
2540 605 2717 648 superne
2804 581 2808 587 ¹

1479 656 1673 699 flantibus
1691 656 1847 708 venun
1867 670 1973 712 aqua
1990 655 2115 699 habet
2134 656 2175 698 in
2194 655 2518 699 mediterraneis.
2804 702 2808 711 ¹

1535 725 1606 769 35.
1638 728 1675 769 Δ
1697 725 1890 768 Cardami
1923 724 1977 767 ad
2010 726 2243 768 Menelaum
2267 725 2398 768 stadia
2437 740 2514 770 100
2526 742 2539 779 ;
2573 737 2718 784 portus
2804 728 2808 739 '

1479 804 1563 847 est;
1584 809 1734 852 aquam
1756 795 1881 838 habet
1898 795 2122 838 subsalsam
2145 796 2187 837 in
2212 810 2351 838 arena.
2806 831 2808 835 .

1537 865 1605 907 36.
1634 864 1705 920 [A
1722 863 1908 907 Menelao
1921 863 1981 906 ad
1996 864 2171 907 catania
2189 864 2203 921 (
2222 865 2413 907 Κάτανινὲ
2427 867 2445 920 )
2459 865 2603 907 stadia
2619 866 2717 923 80].
2804 893 2808 903 ·

1537 934 1606 989 37.
1656 936 1694 976 A
1734 933 1882 975 camni
1928 933 2201 989 (Κατάνεως)
2238 934 2291 976 ad
2332 935 2605 992 eyrthanium
2638 944 2719 979 sta·
2770 931 2774 938 '
2800 927 2808 990 ξ’

1479 1001 1549 1043 dia
1574 1000 1674 1053 150;
1713 1008 1809 1043 octo
1836 1000 1889 1043 ab
1920 1014 1994 1043 ora
2010 999 2154 1046 stadiis
2175 1004 2470 1059 praeternaviga
2502 1003 2722 1058 (videlieet
2764 1002 2770 1010 ’
2803 993 2808 1007 ’

1480 1072 1621 1114 brevia
1640 1070 1698 1113 ibi
1719 1070 1798 1113 alta
1815 1072 1964 1126 sunt);
1990 1085 2140 1127 aquam
2165 1070 2279 1112 locus
2299 1071 2437 1115 habet.
2806 1103 2808 1107 ι

1538 1142 1608 1185 38.
1639 1143 1676 1184 Α
1697 1140 1924 1198 Cyrthanio
1946 1139 1998 1182 ad
2021 1141 2297 1197 Antipyrgum
2321 1140 2451 1184 stadia
2472 1155 2576 1195 2203
2601 1144 2721 1185 statio

1481 1220 1543 1253 est
1565 1211 1725 1262 aestiva;
1750 1209 1965 1266 peninsula
1989 1218 2072 1261 est;
2097 1224 2119 1251 e
2136 1211 2302 1264 regione
2318 1208 2405 1265 eJus
2424 1210 2551 1252 turris
2568 1202 2718 1262 exstat;
2804 1223 2808 1235 ··

1487 1371 1571 1412 Οάν
1587 1371 1695 1426 ιον]
1719 1370 1964 1426 Πυρθμάνιον
1992 1378 2034 1412 et
2060 1384 2159 1412 mox
2191 1369 2267 1412 ἀπὸ
2298 1370 2542 1427 Πυρθμανίου
2562 1371 2722 1422 codex3
2794 1365 2808 1423 ¹³

1484 1433 1715 1488 Κυρθάνειον
1729 1433 1871 1489 Scylax
1897 1447 1941 1489 p.
1970 1435 2047 1484 823
2067 1432 2299 1488 Σκυθράνιος
2321 1432 2442 1489 λιμήν
2464 1432 2720 1476 Ptolemaeus.

1483 1497 1532 1536 In
1549 1495 1709 1552 'ljabula
1736 1495 2052 1550 Peutingeriana
2067 1494 2120 1537 ab
2138 1495 2343 1551 Antipego
2366 1495 2567 1536 orientem
2587 1509 2726 1538 versus
2799 1521 2808 1561 γ·

1485 1573 1617 1613 usque
1634 1557 1689 1600 ad
1706 1557 1836 1600 Cardo
1849 1566 2144 1614 computantur
2166 1557 2277 1599 milia
2301 1570 2354 1612 27
2373 1558 2458 1599 sive
2472 1556 2602 1599 stadia
2618 1562 2699 1599 216
2711 1590 2723 1610 ,
2804 1562 2808 1565 ’

1485 1621 1636 1676 quibus
1665 1633 1732 1677 ap.
1757 1622 1956 1662 Nostrum
1983 1618 2236 1675 respondent
2262 1618 2391 1662 stadia
2421 1632 2504 1662 220
2531 1619 2584 1662 ab
2606 1622 2728 1664 Ami-
2783 1671 2788 1675 ¹

1485 1697 1615 1739 pyrgo
1642 1683 1695 1725 ad
1727 1683 2016 1739 Cyrthanium.
2042 1685 2182 1735 Quare
2223 1681 2485 1737 Cyl-thunium
2514 1690 2554 1723 et
2576 1683 2729 1726 Cat-clm
2783 1679 2794 1694 ⁵

1486 1744 1547 1786 vel
1562 1745 1700 1801 potius
1721 1744 1869 1800 (gy-rehu
1883 1752 1955 1786 aut
1977 1742 2086 1785 idem
2103 1758 2271 1799 prorsus
2283 1743 2411 1794 locus,
2434 1753 2506 1786 aut
2519 1743 2622 1786 alter
2640 1744 2728 1788 sue·

1485 1808 1540 1849 rit
1574 1815 1720 1864 portus
1750 1806 1931 1848 alterius.
1967 1808 2016 1847 ln
2058 1805 2367 1847 mediterraneis
2409 1804 2533 1862 hujus
2575 1814 2730 1851 tractus

1486 1870 1627 1911 ruinas
1644 1869 1800 1925 aliquas
1817 1867 2125 1911 domiciliorum
2145 1869 2312 1924 reperit,
2340 1882 2489 1924 easque
2507 1867 2561 1910 ad
2577 1870 2730 1914 Cartha

1486 1933 1743 1974 mansionem
1775 1931 1945 1974 sortasse
1980 1932 2187 1988 pertinere
2218 1939 2354 1972 censet
2379 1930 2569 1973 Barthius
2601 1935 2730 1976 Wan-

1485 1994 1687 2048 derungen
1706 2002 1737 2036 t.
1762 1996 1798 2044 1,
1819 2008 1863 2051 p.
1890 1995 1985 2036 516.
2015 1994 2033 2049 ss
2054 2018 2111 2025 —
2130 1994 2270 2035 σταδ.
2293 1992 2384 2049 ρν’]
2408 1994 2468 2035 sic
2488 1992 2644 2046 codex;
2669 1994 2733 2051 ρη’

1486 2071 1629 2114 apogr.
1665 2058 1803 2099 Iriart.
1838 2059 2033 2099 Mensura
2063 2055 2180 2098 ducit
2201 2055 2253 2097 ad
2286 2057 2410 2097 maris
2438 2070 2661 2108 recessum,
2686 2058 2730 2100 in

1486 2134 1572 2175 quo
1593 2128 1762 2176 portum
1784 2118 1910 2162 fuisse
1930 2134 2015 2161 non
2036 2118 2322 2175 improbabile.
2338 2118 2484 2174 Scylax
2505 2133 2529 2160 a
2542 2119 2732 2163 Menelao
2757 2126 2762 2134 '

1486 2182 1540 2224 ad
1554 2182 1827 2238 Cyrthanium
1839 2190 2051 2238 computat
2063 2182 2364 2235 navigationem
2373 2180 2455 2223 diei
2468 2181 2569 2235 (230
2582 2181 2728 2239 stad),

1487 2259 1636 2301 parum
1658 2252 1785 2286 recte.
1813 2245 1831 2300 n
1849 2268 1907 2276 —
1928 2242 1947 2284 ἔ
1955 2259 1986 2299 χ
2002 2258 2043 2285 ει
2073 2243 2230 2299 ὕδωρ]
2249 2243 2314 2284 καὶ
2338 2242 2439 2299 ὕδωρ
2456 2242 2602 2286 codex.

1544 2310 1567 2361 S
1595 2312 1663 2350 38.
1704 2305 2057 2362 Ἀντίπυργον]
2082 2306 2149 2348 Sic
2163 2306 2287 2347 etiam
2308 2305 2551 2348 Ptolemaeus
2570 2314 2614 2348 et.
2629 2308 2732 2350 Pro·
2804 2318 2808 2374 1

1488 2371 1648 2426 copias,
1669 2378 1780 2412 recte
1801 2367 1946 2426 procul
1961 2367 2107 2409 dubio.
2131 2366 2306 2423 Scylacis
2331 2366 2463 2409 codex
2491 2365 2731 2426 Ἆντίπυγος,

1489 2434 1609 2474 sicuti
1638 2432 1847 2490 Antipego
1866 2432 1908 2473 in
1936 2430 2043 2474 Tab.
2066 2431 2258 2485 Peuting.
2292 2438 2334 2472 et
2360 2431 2512 2486 Geogr.
2546 2433 2732 2476 Raveun.
2803 2378 2808 2520 1

1489 2497 1566 2545 111,
1587 2508 1629 2546 2,
1648 2493 1902 2552 Antipegoni
1914 2493 1972 2535 ib.
1989 2494 2067 2544 IV,
2089 2507 2130 2548 7.
2148 2490 2411 2547 Quaerendus
2426 2492 2540 2535 locus
2558 2494 2601 2536 in
2620 2495 2732 2547 sinu,

1490 2560 1561 2613 qui
1585 2566 1756 2600 vocatur
1769 2559 1917 2599 Marsa
1942 2555 2128 2598 Tobrouk
2151 2554 2284 2610 (olim
2310 2554 2531 2598 Tabraca?
2546 2554 2580 2613 ).
2604 2557 2668 2599 De
2683 2571 2735 2600 eo
2798 2587 2803 2591 ·

1492 2621 1546 2662 ita
1562 2621 1685 2662 habet
1702 2620 1894 2662 Barthius
1912 2618 1939 2661 l.
1959 2618 1987 2660 l.
2008 2632 2051 2675 p.
2085 2617 2163 2668 511,
2187 2631 2197 2659 :
2229 2638 2245 2654 ι
2273 2617 2365 2669 Die,
2398 2618 2474 2660 mit
2494 2618 2734 2663 Ausnalune

1490 2682 1566 2725 der
1581 2682 1819 2738 Niederuug
1849 2697 1921 2724 um
1954 2681 2036 2723 den
2067 2679 2263 2734 sandigen
2285 2681 2408 2722 Saum
2428 2678 2504 2722 der
2524 2681 2734 2724 innersten

1490 2746 1626 2802 Spitze
1636 2777 1647 2797 ,
1662 2745 1739 2788 auf
1749 2745 1853 2788 allen
1868 2745 2004 2787 Seiten
2020 2758 2100 2785 von
2116 2741 2375 2798 niedrigeren
2391 2741 2495 2784 oder
2511 2741 2734 2787 bedeutcn·

1490 2808 1617 2850 deren
1638 2807 1878 2850 Felshoehen
1898 2805 2248 2861 eingeschlossene
2271 2803 2407 2846 Bucht
2425 2803 2638 2847 schneidet
2661 2806 2740 2849 ties
2788 2847 2798 2863 Ι,

1490 2872 1557 2913 ein
1575 2903 1586 2923 ,
1618 2869 1708 2912 und
1743 2870 1903 2912 scheint
1928 2868 2004 2910 aul'
2029 2867 2110 2909 den
2132 2876 2269 2909 ersten
2291 2865 2468 2909 Anblick
2508 2866 2734 2911 besonders

1492 2934 1562 2975 sur
1596 2932 1777 2975 kleinere
1827 2932 2061 2986 Fahrzeuge
2097 2930 2217 2972 einen
2259 2928 2564 2974 vortresssichen
2602 2931 2734 2974 nosen

1491 2994 1725 3050 abgegeben
1740 2993 1875 3036 haben
1898 3007 1949 3035 zu
1982 2995 2165 3034 mussen.
2184 2990 2343 3034 Jedoch
2373 3005 2486 3033 muss
2501 2990 2632 3034 dieses
2655 3006 2737 3035 nur

1491 3057 1709 3099 scheinbar
1727 3058 1838 3108 sein;
1862 3064 1977 3098 sonst
2001 3053 2146 3097 wfirde
2165 3053 2240 3096 der
2261 3053 2514 3096 Stadiasmus
2534 3054 2734 3111 Antipyr-

1493 3135 1564 3171 gos
1576 3151 1587 3170 ,
1610 3121 1686 3160 wie
1701 3118 1811 3161 diese
1824 3117 2093 3161 Oertlicbkeit
2107 3114 2409 3158 unzweiselbast
2430 3116 2486 3157 im
2498 3114 2733 3159 Alterthum

1493 3181 1729 3222 bezeichnet
1748 3195 1848 3231 war,
1875 3180 1989 3221 nicht
2012 3178 2101 3220 blos
2114 3178 2171 3219 als
2195 3179 2286 3219 cine
2301 3178 2639 3220 Sommerstation
2659 3193 2733 3221 an-

1492 3243 1622 3298 geben
1636 3260 1646 3293 ;
1664 3242 1767 3283 auch
1782 3241 1990 3283 bemerkte
2007 3240 2072 3281 ich
2085 3238 2177 3281 dass
2193 3238 2267 3280 der
2282 3238 2422 3281 Boden
2433 3237 2647 3282 derBuclnt
2662 3253 2736 3283 aus

1493 3305 1774 3346 zerklt‘nssctcm
1792 3303 1933 3346 Felscn
1949 3302 2122 3344 bestclit.
2135 3301 2362 3343 Inuum-bin
2373 3301 2471 3343 aber
2482 3301 2594 3344 hatte
2604 3302 2739 3348 dieser

1494 3366 1804 3409 Platmlennocli
1819 3366 1928 3406 nicht
1939 3366 2103 3419 geringc
2113 3364 2369 3418 Bcdcmnng,
2386 3362 2472 3405 und
2485 3363 2550 3406 ich
2560 3364 2738 3408 moechte

1493 3429 1683 3483 glauben,
1705 3428 1798 3470 dass
1826 3443 1871 3469 cr
1891 3428 2022 3469 ncbcn
2047 3426 2326 3468 Paraitonium
2349 3423 2478 3467 sehon
2507 3425 2551 3467 in
2580 3425 2750 3471 aeltererr

1494 3493 1581 3533 Zcit
1614 3492 1671 3533 als
1708 3491 1838 3533 llasen
1872 3491 1938 3531 sur
1981 3490 2054 3531 das
2086 3488 2236 3531 Orakel
2268 3488 2340 3531 des
2373 3491 2553 3531 Ammon
2592 3489 2634 3530 in
2660 3486 2737 3532 der

1494 3556 1651 3596 Wusle
1672 3553 1826 3596 diente.
1851 3552 2025 3595 Erstlich
2048 3551 2235 3594 naemlicli
2258 3550 2320 3606 lag
2343 3564 2418 3592 vor
2435 3549 2531 3593 dem
2551 3550 2739 3607 Eingang

1495 3616 1571 3658 der
1590 3617 1722 3658 Bucht
1744 3618 1834 3658 cine
1854 3615 1987 3657 kleine
2004 3614 2109 3656 lnsel
2134 3615 2209 3656 mit
2231 3615 2364 3655 einem
2387 3611 2640 3668 lleiligtlium
2663 3611 2737 3654 des

1497 3682 1678 3722 Ammon
1695 3678 1779 3719 und
1797 3680 1930 3719 ciuem
1946 3677 2124 3727 Thurin,
2142 3675 2217 3717 der
2232 3675 2289 3717 als
2302 3677 2456 3731 Pyrgos
2466 3674 2542 3717 der
2554 3673 2630 3717 aus
2639 3673 2746 3726 dem-

1497 3741 1711 3783 Pestlande
1751 3737 2198 3796 gcgcm‘uberlicgenden
2241 3735 2511 3779 Oertlichkeit
2549 3736 2614 3778 bei
2654 3736 2736 3781 den

1496 3803 1703 3846 Gricchen
1718 3803 1820 3845 eben
1844 3802 1924 3844 den
1948 3803 2104 3844 Namen
2127 3799 2366 3856 Ἀντίπυργος
2383 3798 2542 3841 scheint
2558 3798 2708 3854 gegebe

1496 3881 1547 3908 zu
1574 3866 1706 3908 baben
1729 3867 1743 3922 [
1761 3868 1860 3918 imo,
1878 3882 1901 3907 e
1917 3865 2082 3919 regione
2101 3867 2166 3916 τῆς
2189 3863 2306 3915 νήσου
2322 3862 2446 3904 turris
2463 3869 2564 3913 erat,
2585 3869 2626 3903 et
2642 3861 2683 3903 h·

1498 3928 1522 3982 ᾗ
1544 3933 1657 3981 νῆσος
1679 3930 1787 3971 dicta
1809 3937 1870 3971 est
1896 3926 2136 3983 ’Λντίπυργος
2158 3927 2192 3983 ].
2218 3928 2338 3967 Dann
2357 3925 2590 3966 bestimmte
2618 3925 2641 3965 J
2704 3921 2723 3975 γ’

1499 3993 1595 4032 nian
1612 3991 1749 4032 diesen
1766 3994 1858 4042 Ort,
1880 3989 1955 4032 der
1970 3989 2027 4030 als
2042 3989 2199 4031 Station
2219 3987 2293 4029 auf
2304 3986 2378 4028 der
2394 3999 2559 4042 grossen
2585 3982 2741 4027 Roemi·

1500 4054 1624 4095 seben
1646 4055 1800 4095 Strassc
1825 4054 1839 4110 (
1859 4068 1905 4094 so
1924 4050 2187 4107 unglaublich
2208 4065 2251 4092 cs
2274 4051 2344 4097 ist,
2361 4050 2437 4090 wie
2459 4047 2544 4089 sicli
2564 4046 2632 4089 die
2650 4045 2740 4089 bier
