2782 4348
700 82 741 126 Ο

196 173 293 222 186

66 268 179 310 Phot-
250 284 311 317 ⁹7.
337 263 510 315 Τούτων
514 224 589 311 ,δὲ
613 267 693 311 τῶν
719 262 875 324 ἀνδρῶν
898 260 1081 320 συνεχεῖς
1108 256 1280 320 Κάρὸαι
1300 257 1423 304 κατέ-

188 355 337 429 {ovet-
331 335 408 392 τὴν
422 334 607 397 ἤπειρον,
624 329 894 393 ἐκδεχομένου
912 325 1075 388 λιμένος
1094 325 1366 389 ἅγχιὸαθοῦς,
1383 328 1425 372 ἐν

189 423 408 471 ῳκρηναι
425 404 589 454 πλείους
621 399 943 446 ἀναὸάλλουσιν.
1010 393 1187 459 Ἐφεξῆς
1204 393 1249 442 δὲ
1276 394 1323 443 τὸ
1344 398 1427 442 τῶν

193 475 391 524 Σαὸαίων
426 469 690 520 ἕπισυνάπτει
724 467 856 551 γένος,
893 464 1087 526 μέγιστον
1108 466 1191 511 τῶν
1221 464 1331 516 κατὰ
1350 484 1426 522 την

150 559 171 590 s
191 543 387 607 Ἄραὸίαν
401 541 472 588 καὶ
487 537 681 588 παντοίας
692 534 832 597 κύριον
849 531 1124 619 εὖδαιμονίας.
1191 533 1277 583 Καὶ
1296 533 1376 598 γὰρ
1397 539 1425 591 ἡ

189 618 244 676 γῆ
264 614 398 659 πάντα
429 609 539 673 φέρει
560 606 614 652 τὰ
639 604 740 667 παρ’
762 606 863 663 ἡμῖν
886 601 1082 665 γινόμενα
1102 605 1203 667 πρὸς
1224 603 1331 667 βίον,
1355 604 1428 651 καὶ

188 682 243 728 τὰ
264 681 439 738 σώματα
426 678 541 722 ’ἐστι
563 676 646 720 τῶν
662 671 959 720 κατοικούντων
975 671 1291 736 άξιολογῶτερα.
1345 676 1426 721 Bo·

190 749 416 805 σχημάτων
434 742 738 808 κεχορήγηνται
755 741 956 799 πλήθεσιν
979 741 1215 803 ἀμυθήτοις.
1281 741 1425 802 Ὀσμή

188 836 232 863 τε
244 822 382 861 πᾶσαν
400 813 541 876 ἐπέχει
554 812 632 870 τὴν
652 810 863 875 παραλίαν
878 810 972 864 θέας
986 830 1031 858 τε
1060 811 1132 859 καὶ
1144 811 1268 874 λόγου
1290 810 1428 875 κρείτ-

129 902 168 932 10
190 906 247 933 τω
268 885 407 949 τέρψιν
418 890 501 936 τοῖς
521 882 830 947 ἀφικνουμένοις
848 881 1230 936 κατασκευάζουσα.
1299 879 1426 943 Παρὰ

190 955 265 1017 μὲν
295 954 376 1017 γὰρ
399 953 528 1009 αὐτὴν
558 952 717 1016 πέφυκε
738 951 813 1007 τὴν
832 950 1042 997 θάλατταν
1074 951 1123 997 τό
1142 968 1187 996 τε
1210 949 1428 1013 βάλσαμον

187 1024 291 1071 πολὺ
314 1023 385 1070 καὶ
408 1022 562 1070 κασσία
601 1022 673 1070 καὶ
697 1027 714 1079 [
736 1019 854 1083 πόα]
874 1039 934 1073 τις
965 1020 1072 1077 άλλη
1092 1019 1327 1084 πρόσφατος
1354 1018 1427 1076 μὲν

187 1096 358 1151 ἡδίστην
382 1092 535 1157 ἔχουσα
559 1095 643 1139 τῶν
674 1091 875 1153 ὀμμάτων
896 1089 1056 1154 τέρψιν,
1080 1092 1121 1136 ἓν
1147 1089 1188 1135 δὲ
1211 1091 1271 1154 τῷ
1288 1088 1429 1152 χρονί-

188 1167 268 1218 ζειν
283 1161 477 1224 γινομένη
498 1160 711 1223 συντόμως
735 1159 941 1218 ἐξίτηλος,
973 1158 1082 1207 ‹Sim-e
1100 1159 1298 1222 πρότερον
1322 1161 1430 1204 ἀπα·

127 1249 167 1279 15
190 1237 449 1295 μαυροῦσθαι
467 1236 540 1278 τοῦ
557 1236 685 1295 φυτοῦ
708 1230 783 1288 τὴν
809 1230 953 1295 χρείαν
982 1228 1010 1286 ἢ
1029 1228 1130 1292 πρὸς
1151 1232 1263 1290 ἡμᾶς
1284 1247 1427 1292 παρα-

187 1302 428 1363 πέμπεσθαι
450 1306 520 1348 τοῦ
543 1301 682 1363 γένους
704 1301 778 1357 τὴν
802 1301 991 1361 δύναμιν.
1059 1298 1158 1347 Ἐπὶ
1181 1298 1224 1344 δὲ
1246 1301 1319 1354 τῆς
1343 1316 1428 1357 με-

191 1372 351 1435 σογείου
372 1371 521 1436 δρυμοὶ
544 1371 727 1434 συνεχεῖς
746 1370 954 1433 στείχουσι
973 1368 1043 1415 καὶ
1067 1369 1260 1431 μεγάλοι·
1282 1367 1426 1430 δένδρα

189 1441 269 1506 γὰρ
289 1441 471 1499 ἠλίόατα
504 1441 686 1505 σμύρνης
706 1460 750 1487 τε
782 1441 852 1487 καὶ
874 1439 1130 1496 λιὸανωτοῦ,
1150 1437 1252 1501 πρὸς
1275 1436 1317 1484 δὲ
1355 1437 1426 1484 καὶ

62 1576 176 1618 Diod·
250 1592 308 1623 97.
343 1573 464 1623 Μετὰ
498 1572 540 1620 δὲ
571 1573 738 1627 τούτους
768 1574 1023 1637 ὑπάρχουσιν
1061 1574 1097 1619 οἱ
1131 1571 1424 1633 ὀνομαζόμενοι

130 1656 174 1688 20
192 1644 375 1707 Κάρὸαι,
395 1643 467 1690 καὶ
486 1643 593 1705 μετὰ
611 1643 776 1696 τούτους
796 1643 992 1701 Σαὸαῒοι,
1008 1641 1425 1705 πολυανθρωπότατοι

186 1716 268 1759 τῶν
293 1712 519 1776 Ἀραὸικῶν
540 1715 664 1759 ἐθνῶν
686 1713 815 1766 ὄντες.
885 1713 1097 1773 Νέμονται
1122 1711 1164 1757 δὲ
1187 1709 1263 1767 τὴν
1283 1710 1425 1756 εὐδαί-

189 1800 294 1843 μονα
330 1781 556 1844 λεγομένην
576 1781 787 1846 Ἆραὸίαν,
820 1782 1023 1847 φέρουσαν
1051 1783 1104 1827 τὰ
1139 1782 1314 1827 πλεῖστα
1344 1781 1424 1825 τῶν

187 1851 285 1915 παρ’
308 1854 409 1913 ἡμῖν
436 1853 600 1914 ἀγαθῶν
624 1852 696 1899 καὶ
718 1852 968 1915 θρεμμάτων
987 1851 1262 1897 παντοδαπῶν
1285 1849 1425 1912 ἐκτρέ-

188 1941 345 1987 φουσαν
366 1923 522 1978 πλῆθος
544 1922 768 1983 ἀμύθητον.
839 1922 1005 1970 Εὖωδία
1028 1941 1073 1969 τε
1096 1921 1175 1984 γὰρ
1198 1920 1324 1977 αὐτὴν
1348 1926 1426 1966 πᾶ-

124 2009 166 2040 2³
188 2011 268 2040 σαν
289 1991 431 2055 ἐπέχει
449 1992 600 2056 φυσικὴ
624 1991 692 2038 διὰ
706 1992 753 2039 τὸ
772 1992 910 2039 πάντα
934 1992 1080 2056 σχεδὸν
1102 1991 1153 2038 τὰ
1171 1994 1259 2044 ταῖς
1277 1992 1425 2051 ὀσμαῖς

187 2060 451 2126 πρωτεύοντα
488 2060 661 2126 φύεσθαι
701 2062 811 2109 κατὰ
854 2061 928 2119 τὴν
964 2061 1107 2126 χώραν
1157 2061 1420 2107 ἀνέκλειπτα.

190 2130 311 2179 Κατὰ
349 2130 425 2190 μὲν
457 2130 539 2194 γὰρ
567 2130 647 2187 ,τὴν
681 2131 884 2196 παράλιον
915 2130 1061 2196 φύεται
1097 2130 1144 2177 τὸ
1173 2128 1423 2189 καλούμενον

188 2200 404 2263 βάλσαμον
426 2200 496 2247 καὶ
514 2200 641 2247 κασία
664 2200 735 2247 καὶ
757 2199 840 2247 πόα
860 2218 921 2253 τις
944 2200 1051 2256 ἄλλη
1074 2198 1309 2253 ἰδιάζουσαν
1335 2197 1418 2260 φύ-

186 2288 250 2316 σιν
275 2270 444 2333 ἔχουσα·
467 2269 571 2327 αὕτη
600 2270 644 2316 δὲ
669 2269 905 2334 πρόσφατος
929 2268 1003 2330 μὲν
1026 2263 1141 2315 οὖσα·
1153 2269 1236 2320 τοῖς
1261 2267 1424 2329 ὄμμασι

121 2354 163 2385 :to
184 2340 523 2403 προσηνεστάτην
570 2340 799 2403 παρέχεται
841 2339 996 2403 τέρψιν,
1035 2341 1343 2402 ἐγχρονισθεῖσα
1381 2337 1423 2383 δὲ

187 2410 399 2471 συντόμως
430 2409 588 2471 γίνεται
620 2409 814 2467 ἐξίτηλος.
880 2408 1005 2457 Κατὰ
1035 2407 1078 2455 δὲ
1113 2406 1187 2464 τὴν
1213 2406 1423 2468 μεσόγειον

187 2480 419 2543 ὑπάρχωσι
455 2478 601 2542 δρυμοὶ
638 2485 901 2543 συνηρεφεῖς,
936 2481 1028 2525 καθ’
1058 2476 1126 2531 οὖς
1159 2480 1246 2524 ἐστι
1277 2477 1421 2539 δένδρα

186 2551 348 2611 μεγάλα
367 2549 597 2595 λιὸανωτοῧ
617 2549 689 2595 καὶ
710 2549 907 2612 σμύρνης,
930 2549 1031 2612 πρὸς
1050 2547 1093 2594 δὲ
1114 2547 1272 2600 τούτοις
1290 2547 1422 2611 φοίνι-

186 2637 254 2671 κος
272 2639 341 2666 και
365 2620 556 2679 καλάμου
580 2638 651 2665 και
677 2618 945 2679 κινναμώμου
981 2618 1053 2664 καὶ
1074 2621 1155 2664 τῶν
1180 2618 1316 2663 ἄλλων
1341 2619 1421 2661 τῶν

120 2703 162 2733 ³5
187 2688 340 2741 τούτοις
362 2688 507 2748 ὁμοίαν
532 2688 708 2751 ἐχόντων
736 2688 812 2745 τὴν
843 2687 1039 2734 εὐωδίαν·
1062 2687 1153 2733 οὐδὲ
1177 2686 1256 2749 γὰρ
1288 2685 1328 2731 έῗ
1313 2704 1420 2746 ςαρι·

185 2757 422 2817 θμήσασθαι
449 2758 618 2803 δυνατὸν
645 2757 718 2810 τὰς
741 2757 926 2804 ἑκάστων
952 2756 1156 2814 ἰδιότητάς
1179 2774 1223 2802 τε
1248 2773 1318 2800 και
1347 2754 1420 2815 φύ·

186 2845 270 2879 σεις
293 2826 358 2872 διὰ
382 2845 429 2871 το
451 2828 606 2882 πληθος
632 2827 703 2873 καὶ
726 2827 800 2883 τὴν
825 2826 1056 2889 ὑπερὸολὴν
1084 2830 1155 2883 τῆς
1179 2827 1225 2871 ἐκ
1254 2825 1419 2870 πάντων

185 2896 474 2959 ἀθροιζομένης
502 2898 650 2957 ὀσμῆς.
715 2897 822 2944 Θεία
841 2896 921 2959 γάρ
945 2916 1004 2949 τις
1030 2897 1217 2960 φαίνεται
1247 2894 1317 2940 καὶ
1354 2894 1420 2940 λό-

184 3065 384 3123 suspioari
427 3065 522 3107 licet
560 3064 686 3107 verba
729 3066 951 3107 Mamoeum
990 3066 1091 3107 lims
1123 3078 1146 3105 e
1179 3063 1283 3105 male
1322 3065 1425 3105 lecto

184 3143 318 3186 graeco
332 3129 504 3171 nomine
518 3136 634 3178 orta;
658 3126 1232 3170 AAAAAA10N=MAMA10N
1249 3143 1259 3177 ς
1279 3141 1425 3182 quam-

183 3206 310 3249 quam
339 3205 437 3234 cum
482 3193 660 3234 Mamoeo
692 3190 888 3246 componi
921 3198 1057 3247 potest
1098 3188 1276 3245 Μάμαλα
1311 3191 1422 3244 κώμη

183 3253 408 3296 Ptolemaei.

239 3319 263 3371 S
286 3316 403 3369 97,1.
427 3330 464 3358 1.
498 3315 722 3372 Κάρὸαι]
746 3314 879 3358 Iidem
902 3312 1223 3373 Carphaeiapud
1244 3313 1422 3357 Plinium

183 3381 260 3431 vl,
289 3381 342 3422 32
365 3393 376 3421 t
398 3378 559 3421 Gasani
583 3380 600 3433 (
613 3392 653 3419 v.
686 3381 784 3434 §96
801 3380 817 3433 )
833 3409 844 3429 ,
865 3377 971 3433 sons
995 3376 1167 3427 (ht-alis,
1196 3376 1395 3434 Carphati
1408 3394 1422 3425 ,-

187 3441 332 3482 insnloe
370 3442 477 3484 Aleu
511 3451 552 3483 et
583 3440 884 3492 Amnamethu,
916 3454 1015 3494 gens
1044 3438 1235 3483 Darrhoe.
1256 3440 1306 3481 In
1333 3439 1423 3494 qui-

185 3502 262 3543 bus
288 3503 379 3544 sons
415 3504 572 3546 Coralis
603 3502 716 3545 haud
749 3502 876 3545 dubie
907 3516 1018 3545 unus
1045 3510 1107 3545 αι
1131 3516 1180 3544 ex
1213 3501 1420 3553 fontibus,

185 3577 365 3620 quorum
401 3564 722 3619 Agatharchides
744 3565 946 3607 meminit.
973 3563 1090 3607 Idem
1110 3564 1267 3607 Plinius
1287 3563 1423 3620 paullo

183 3634 278 3684 post
301 3641 350 3667 ex
373 3627 453 3667 alio
484 3636 652 3669 auctore
665 3627 781 3681 juxta
802 3628 963 3670 Sabaeos
981 3635 1164 3670 recenset
1185 3630 1356 3681 Agrum
1382 3635 1423 3668 et

189 3688 557 3738 Cerbanos,ncscio
569 3703 621 3729 an
639 3689 691 3729 ad
709 3704 783 3729 nos
804 3691 1072 3745 pertinentes.
1102 3693 1118 3745 ΙΙ
1137 3691 1250 3732 ——3.
1278 3688 1422 3746 Ἐφε·

186 3749 268 3804 ξῆς
291 3750 366 3807 δὲ]
401 3749 442 3791 δὲ
463 3764 549 3792 om.
583 3752 668 3792 ΑΒ.
706 3753 721 3803 ΙΙ
754 3775 810 3783 -
846 3756 887 3793 6.
923 3753 1199 3809 γινόμενα]
1231 3753 1422 3809 γενόμενα

185 3812 301 3866 ood.;
337 3828 420 3856 em.
462 3811 638 3854 Bekker.
669 3817 687 3866 11
718 3837 775 3844 -
812 3817 853 3855 6.
893 3815 1008 3869 πρὸς
1046 3816 1184 3870 βίον]
1229 3814 1321 3871 πρὸς
1354 3814 1421 3857 τὸν

189 3876 273 3933 βίον
301 3877 351 3920 C.
367 3878 551 3933 Sequens
578 3874 631 3917 de
663 3874 814 3917 Sabaeis
847 3879 1027 3919 narratio
1055 3879 1161 3920 inter
1175 3893 1223 3920 ea
1254 3892 1345 3935 quae
1368 3876 1422 3920 de

186 3940 264 3984 hac
278 3948 398 3996 gente
425 3939 683 3996 accepimus,
703 3939 931 3995 principem
956 3940 1069 3982 facile
1091 3941 1225 3983 locum
1246 3940 1419 3991 obtinet,

188 4017 438 4059 quamquam
482 4003 661 4045 oratorie
705 4016 791 4045 rem
830 4017 907 4059 pro
945 4018 1059 4045 more
1100 4003 1422 4059 Agatharchides

1164 156 1242 202 Ex
1274 154 1756 207 AGATflAncnlnE

2645 161 2729 224 (ob)
2753 218 2782 229 ⁷„

1550 282 1621 325 97.
1647 269 1723 312 His
1754 268 1994 311 hominibus
2018 269 2201 324 contigui
2229 267 2371 310 Carbae
2399 267 2586 310 habitant
2601 270 2735 315 conti-

1493 344 1660 379 nentem
1673 338 1717 379 in
1728 350 1810 394 qua
1822 345 1968 394 portus
1981 337 2171 394 sequitur
2183 334 2433 394 profitndus,
2448 337 2490 378 in
2504 350 2628 392 quem
2641 331 2782 394 ΡΙέὲ

1494 404 1590 446 rimi
1610 413 1836 462 erumpunt
1857 404 2005 448 sontes.
2064 405 2140 448 His
2170 403 2365 463 deinceps
2392 404 2650 447 contermina
2743 400 2782 422 “

1494 473 1731 518 Sabaeorum
1747 488 1862 531 gens,
1878 489 1955 532 per
1966 475 2162 519 Arabiam
2177 476 2367 518 omnium
2379 475 2575 527 maxima,
2590 482 2632 516 et
2643 398 2782 564 υῖΐξζ
2776 467 2782 472 ’

1495 549 1573 592 lius
1582 564 1669 593 non
1683 549 2113 607 generisselicitatem’
2101 566 2145 594 ιιι
2162 560 2363 609 potestate
2376 551 2549 594 habens.
2608 535 2758 608 Nam*-
2758 528 2782 586 ¹:

1495 638 1577 680 que
1594 624 1713 667 tellus
1732 625 1874 668 omnia
1891 624 1971 668 sert
1994 639 2088 682 quie
2108 624 2163 668 ad
2181 625 2402 668 commoda
2421 627 2514 667 vita!
2532 625 2643 683 apud
2659 591 2782 695 nos&c

1494 699 1761 755 proveniunt,
1787 707 1830 743 et
1850 714 2026 757 corpora
2045 708 2143 743 sunt
2167 700 2451 758 spectabiliora
2468 714 2593 757 quam
2611 699 2732 750 alibi;
2776 743 2781 745 ,

1495 786 1694 829 pecorum
1715 773 1940 817 multitudo
1961 774 2273 817 innumerabilis
2290 776 2496 832 suppetit;
2521 776 2735 834 amtenitas

1496 855 1538 889 et
1570 847 1790 903 fragrantia
1824 857 1955 892 totam
1979 849 2089 892 hanc
2113 864 2229 892 oram
2251 850 2459 901 obtinens,
2485 850 2752 906 voluptatem·

1496 919 1653 976 praebet
1669 919 1838 963 advenis
1864 919 2056 963 divinam
2074 929 2116 963 et
2132 920 2250 974 dictu
2276 922 2491 980 majorem.
2549 925 2654 966 nim
2682 923 2734 966 ad
2776 951 2782 954 -

1499 993 1606 1048 ipsas
1643 991 1814 1035 litorum
1843 991 2075 1049 crepidines
2105 992 2265 1048 largum
2292 996 2474 1039 nascitur
2507 996 2733 1039 balsamum

1498 1073 1538 1106 et
1563 1066 1690 1107 cassia
1710 1073 1752 1107 et
1776 1065 1855 1107 alia
1876 1064 2006 1108 herba
2026 1078 2118 1121 quae
2134 1067 2290 1109 recenti
2322 1067 2459 1112 adbuc
2484 1071 2626 1126 vigore
2645 1086 2737 1114 sua·

1499 1140 1705 1182 vissimam
1736 1139 1867 1182 oculis
1893 1139 2146 1197 voluptatem
2180 1139 2316 1194 affert,
2347 1142 2421 1185 sed
2440 1145 2736 1189 inveterascens

1498 1214 1635 1256 subito
1654 1213 1863 1265 exolescit,
1887 1212 1992 1256 adeo
2014 1222 2061 1256 ut
2087 1214 2226 1271 stirpis
2247 1228 2346 1256 usus
2367 1215 2584 1259 hebetetur
2602 1219 2736 1275 prius-
2766 1229 2782 1242 ¹·

1497 1302 1623 1344 quam
1645 1288 1706 1329 vis
1721 1285 1810 1342 ejus
1824 1285 1877 1329 ad
1893 1300 1969 1329 nos
1987 1287 2306 1329 transmittatur.
2364 1290 2413 1330 In
2429 1288 2738 1334 mediterraneis
2758 1278 2782 1301 ,e

1497 1370 1635 1405 autem
1654 1361 1887 1418 frequentes
1903 1369 1944 1403 et
1958 1375 2117 1416 magnae
2142 1375 2186 1403 se
2200 1360 2391 1404 attollunt
2402 1362 2539 1415 silvae;
2561 1379 2657 1407 nam
2674 1379 2721 1407 ar
2722 1295 2782 1540 A}

1497 1436 1618 1478 bores
1634 1435 1837 1493 praecelsae
1858 1434 2037 1492 myrrhae
2050 1448 2099 1477 ae
2124 1434 2258 1476 thuris
2276 1449 2439 1478 necnon
2459 1437 2733 1490 cinnamomi,

1551 1591 1622 1632 97.
1651 1576 1666 1633 (
1685 1579 1784 1634 Cap.
1806 1578 1877 1626 46.
1895 1574 1910 1632 )
1927 1576 2014 1617 Hos
2028 1582 2260 1631 sequuntur
2274 1587 2379 1630 quos
2397 1574 2550 1618 Carbas
2572 1586 2735 1629 vocant,
2758 1541 2782 1636 ἰ

1494 1665 1534 1699 et
1558 1656 1710 1699 deinde
1734 1656 1880 1709 Sabaei,
1903 1670 1989 1712 prae
2010 1656 2100 1698 aliis
2130 1655 2292 1698 Arabiae
2315 1655 2506 1711 gentibus
2527 1657 2734 1715 populosi
2759 1647 2782 1693 l

1495 1738 1691 1782 Arabiam
1709 1739 1820 1780 enim
1849 1738 1959 1780 illam
1981 1737 2139 1780 felicem
2163 1745 2327 1788 tenent,
2347 1751 2489 1780 rerum
2510 1752 2603 1795 quae
2623 1739 2735 1797 apud
2770 1738 2775 1739 ⁷

1494 1835 1571 1863 nos
1605 1821 1742 1876 magni
1775 1821 2047 1871 aestimantur,
2072 1818 2230 1876 oppido
2266 1818 2437 1862 divitem
2474 1828 2514 1863 et
2538 1834 2737 1878 pecorum

1493 1902 1630 1943 omnis
1666 1902 1826 1957 generis
1858 1901 1979 1957 longe
2014 1900 2380 1944 soecundissimam.
2440 1903 2590 1946 Totam
2625 1905 2738 1947 enim

1494 1978 1691 2021 naturalis
1709 1978 1902 2036 quaedam
1918 1978 2139 2034 fragrantia
2153 1978 2329 2032 obtinet,
2347 1994 2398 2022 eo
2415 1978 2530 2036 quod
2545 1979 2739 2037 pleraque

1493 2056 1650 2108 omnia,
1668 2054 1782 2098 unde
1796 2056 2121 2113 prestantissimi
2140 2054 2290 2098 odoroe
2308 2057 2532 2113 exspirant,
2553 2058 2656 2100 citra
2667 2058 2740 2101 de·
2776 2037 2782 2103 ³:

1494 2131 1713 2175 sectionem
1746 2132 1803 2175 ibi
1839 2140 2081 2174 naseuntur.
2116 2122 2191 2174 ‘In
2222 2132 2438 2175 maritimis
2466 2134 2578 2176 enim
2606 2134 2737 2177 balsa-

1493 2222 1610 2251 mum
1625 2209 1771 2251 crescit
1785 2215 1827 2250 et
1839 2209 1947 2251 casia
1959 2207 2118 2264 aliaque
2132 2206 2351 2265 peculiaris
2361 2209 2470 2263 genii
2484 2208 2628 2263 herba,
2645 2224 2739 2267 quae

1494 2284 1651 2326 recenti
1673 2282 1812 2326 adhue
1843 2284 1984 2339 vigore
2015 2283 2299 2326 suavissimam
2323 2284 2453 2327 ocufis
2486 2284 2782 2347 voluptatem
2778 2267 2782 2319 l

1493 2360 1636 2413 affert,
1669 2361 1893 2403 inveterata
1922 2360 2060 2403 subito
2079 2359 2294 2403 flaeooecit.
2354 2362 2404 2403 In
2427 2352 2766 2406 mediterraneis
2778 2329 2782 2417 i

1492 2436 1618 2479 saltus
1636 2437 1755 2494 opaci
1774 2437 1992 2490 exsistunt,
2010 2437 2137 2493 inque
2153 2437 2219 2479 his
2237 2435 2353 2479 celsae
2371 2436 2522 2491 thuris,
2539 2438 2734 2496 myrrha,
2759 2445 2782 2495 Ι

1493 2513 1663 2570 palmae,
1688 2513 1862 2565 calami,
1888 2513 2142 2556 cinnamomi
2164 2521 2205 2555 et
2222 2513 2398 2556 aliorum
2420 2514 2476 2556 ita
2497 2514 2734 2557 suaveolen-
2778 2496 2782 2550 l

1495 2592 1598 2632 tium
1623 2590 1792 2633 arbores
1828 2598 2069 2646 exsurgunt.
2130 2590 2235 2644 Quis
2259 2589 2516 2646 singulorum
2547 2593 2736 2647 proprie·
2760 2551 2782 2643 l

1495 2675 1595 2708 tates
1620 2675 1662 2709 et
1693 2675 1860 2709 naturas
1897 2667 1939 2708 in
1979 2674 2092 2708 tanta
2126 2665 2390 2707 multitudine
2421 2674 2462 2707 et
2496 2665 2675 2709 odorum
2711 2682 2736 2709 e
2775 2627 2782 2735 ji

1492 2744 1651 2784 cunctis
1665 2742 1961 2799 prodeuntium
1977 2742 2212 2783 excellentia
2229 2742 2494 2798 percenseat?
2534 2743 2735 2798 fragran-

1493 2821 1548 2861 tia
1581 2819 1691 2861 enim
1728 2819 1816 2870 illa,
1855 2817 2186 2873 uniuscujusque
2212 2831 2354 2859 sensus
2378 2818 2637 2862 exhalatione
2657 2834 2732 2863 sua
2755 2822 2763 2849 ⁶³

1491 2896 1738 2952 percellens,
1774 2896 1947 2937 omnino
1976 2909 2040 2937 res
2062 2893 2201 2935 divina
2220 2903 2277 2935 est
2302 2903 2342 2935 et
2375 2896 2561 2937 oratione
2580 2895 2729 2962 major,

2748 2961 2782 3003 [l

2617 3012 2710 3019 .—.--

1488 3065 1717 3106 exornavit.
1758 3066 1863 3117 Quae
1902 3064 1985 3106 huc
2018 3063 2224 3119 pertinent
2258 3062 2426 3105 collecta
2457 3063 2518 3104 vel
2549 3062 2767 3145 indicat-f

1490 3127 1613 3169 habes
1624 3125 1734 3183 apud
1751 3127 1953 3167 Ritterum
1966 3127 2062 3177 ΧΠ,
2078 3139 2120 3181 p.
2143 3139 2196 3181 72
2217 3139 2307 3181 sqq.
2335 3127 2352 3180 ΙΙ
2372 3149 2429 3157 -
2447 3126 2467 3166 θ
2481 3126 2497 3168 ί
2510 3126 2595 3182 αν]
2622 3125 2727 3168 θείαν
2742 3146 2759 3174 ,-

1488 3203 1512 3229 e
1542 3187 1729 3230 Diodoro
1751 3186 2014 3228 scribendum
2038 3202 2125 3227 csse
2148 3195 2256 3228 recte
2277 3185 2421 3243 procul
2440 3185 2570 3229 dubio
2594 3187 2745 3245 κηρὶ-ἶ

1492 3259 1610 3292 catur
1632 3249 1855 3292 nokkerus.
1877 3252 2069 3292 Ceterum
2091 3249 2392 3307 comparandus
2409 3257 2471 3291 est
2493 3248 2730 3294 Herodotus

1488 3314 1565 3363 111,
1592 3326 1667 3367 ¹07
1688 3326 1799 3367 sqq„
1831 3326 1916 3367 quo
1939 3311 2068 3353 nihilo
2090 3313 2343 3354 accuratiora
2365 3313 2514 3354 Noster
2539 3310 2733 3362 tradidit.
2774 3311 2776 3317 ’

1486 3376 1644 3416 Merces
1663 3389 1710 3415 ex
1734 3372 1851 3414 India
1871 3381 1910 3415 ct
1931 3373 2068 3416 Africa
2086 3374 2127 3415 in
2156 3374 2349 3416 Arabiam
2365 3406 2376 3426 ,
2408 3374 2507 3416 hinc
2527 3372 2580 3416 ad
2604 3375 2638 3417 P
2731 3391 2734 3393 ·
2761 3383 2763 3386 “

1488 3437 1598 3478 nices
1630 3438 1879 3492 Gna-cosque
1902 3434 2091 3478 advectas
2127 3450 2204 3492 pro
2231 3437 2392 3479 Arabiae
2418 3443 2623 3493 proventu

1487 3500 1715 3550 bebantnrg
1753 3514 1847 3541 nam
1882 3514 2015 3556 neque
2047 3501 2357 3542 cinnamomum
2389 3514 2524 3557 neque
2554 3514 2600 3543 ca
2644 3499 2655 3512 ”

1488 3562 1566 3605 sert
1595 3532 1760 3605 Arabia.
1786 3564 1839 3603 V
1860 3562 2017 3605 Plinius
2038 3564 2135 3614 XII,
2160 3566 2208 3614 41
2229 3578 2311 3619 sq„
2330 3564 2574 3619 interpretes
2716 3575 2718 3577 ·

1486 3625 1573 3668 doti
1596 3627 1917 3677 etRitter.X11‚
1952 3640 1994 3682 p.
2015 3627 2093 3676 364
2118 3641 2209 3684 sqq.
2239 3628 2256 3683 ΙΙ
2279 3651 2337 3659 -
2360 3640 2426 3668 ιι.
2450 3625 2647 3669 θάλασσαν
2666 3622 2772 3691 Qi

1503 3692 1594 3742 ΙΙ-
1628 3703 1692 3730 12.
1728 3689 1909 3731 κασίαΩ.
1940 3691 1956 3744 ΙΙ
1983 3713 2040 3721 -
2072 3690 2194 3747 πόα]
2226 3686 2668 3746 supplevieDiodoro.
2685 3674 2750 3762 ὐ
2779 3708 2782 3753 4

1485 3775 1543 3783 —
1561 3753 1625 3793 13
1649 3751 1863 3808 ἔχουσα]
1887 3750 2007 3808 δὲέχ.
2021 3751 2134 3803 cod.;
2124 3766 2233 3794 ·.em
2256 3750 2430 3794 Beklter.
2457 3751 2474 3806 ΙΙ
2496 3745 2719 3807 -ὀμμάφ

1487 3816 1609 3870 των]
1634 3814 1928 3870 Ap.1‘botium
1952 3814 2270 3871 Diodorumquc
2286 3812 2505 3869 legendum
2524 3818 2627 3868 puto
2639 3783 2751 3861 &⁴⁸

1488 3876 1758 3933 ἀρωμάτων
1787 3878 1934 3934 τέρψιν,
1974 3879 2079 3920 sicut
2102 3877 2209 3919 infra
2231 3877 2355 3919 habes
2383 3880 2458 3918 τῶν
2502 3871 2774 3931 ‘1qu

1487 3940 1552 3983 ἀπ
1550 3942 1636 3982 Ζλαυ
1641 3957 1714 3982 σιν.
1751 3943 1856 3983 Nam
1887 3941 1940 3982 de
1979 3940 2178 3983 odoribus
2201 3955 2313 3982 nunc
2334 3952 2470 3981 sermo
2489 3943 2574 3988 ent,
2593 3940 2716 3989 utque

1489 4005 1541 4045 ita
1566 4004 1687 4046 habet
1712 4003 2032 4047 Artemidorus·
2059 4003 2131 4044 Καὶ
2151 4003 2252 4056 ἄλλη
2277 4019 2331 4051 τις
2349 4002 2424 4044 πόα
2456 3997 2599 4055 σφόδρα
2623 3993 2717 4039 ⁸²⁸3>-
