2782 4348
171 153 262 216 (κ.)

0 244 15 285 't
38 265 150 305 mm,
165 256 334 317 γνάθους
358 259 620 318 ὀνομάζουσιν
639 260 750 307 ἔνιοι.
819 265 955 311 Τοῦτο
976 265 1056 330 γὰρ
1071 269 1117 314 τὸ
1133 273 1258 332 φῦλον
1276 273 1322 319 ἔκ
1339 294 1394 320 τι·

9 318 12 326 ’
162 342 226 376 νος
242 326 468 390 ἐπομὸρίας
488 328 673 389 λέγουσιν
697 330 972 392 ἐπιπολάσαι,
997 335 1068 380 καὶ
1087 340 1167 383 τῶν
1189 341 1392 400 ἐνοικούν-

161 412 242 438 των
263 394 426 456 πρὸςτὸ
446 395 571 441 κακὸν
594 397 802 461 ἀντισχεῖν
825 401 870 445 οὗ
888 402 1138 463 δυναμένων,
1159 409 1265 454 ἀλλὰ
1283 416 1391 474 φυγῇ

161 466 243 508 τῶν
279 463 532 508 ἐκπεσόντων
561 470 632 511 τοῦ
666 467 832 530 ὀλέθρου
861 470 936 526 τὴν
971 475 1178 537 σωτηρίαν
1205 479 1296 525 ἀντὶ
1320 485 1392 536 τῆς

0 463 10 581 i
118 551 138 579 5
157 530 348 594 πατρίδος
370 531 590 592 ἑλομένων,
610 533 762 596 ἔρημον
778 537 820 591 ἐξ
836 539 990 585 ἐκείνου
1009 542 1150 603 γένους
1166 547 1390 609 ἀνθρώπων

156 600 229 654 τὴν
251 599 390 662 χώραν
411 602 718 665 ὑπολειφθῆναι.
785 607 872 654 Καὶ
892 613 1007 668 μυῶν
1033 611 1075 657 δὲ
1096 616 1249 670 πλῆθος
1269 621 1389 680 ἀρου-

159 667 301 730 ραίων,
326 671 381 720 ὣς
401 669 528 732 (τοῖς)
553 672 647 735 περὶ
671 673 871 733 Ἰταλίαν,
893 678 964 724 καὶ
984 684 1169 744 στρουθοὶ
1193 686 1244 731 τὰ
1267 687 1391 750 σπέρ-

153 754 267 795 ματα
304 740 602 800 κατεσθίοντες,
635 745 691 796 ὥς
721 745 814 808 περὶ
843 748 1025 807 Μηδίαν,
1057 753 1129 798 καὶ
1164 754 1389 819 βάτραχοι,

153 805 176 851 ὃ
199 806 346 868 γέγονε
369 809 462 872 περὶ
483 809 574 863 τοὺς
596 814 880 876 Αὐταριάτας·
904 819 974 864 καὶ
997 821 1077 867 ὑπὸ
1098 824 1273 871 λεόντων
1297 829 1385 872 ἐπι·

87 887 130 917 10
150 876 423 922 πολασάντων
443 880 582 932 πόλεις
605 884 930 944 μετανέστησαν,
950 892 1004 942 ὥς
1027 891 1094 936 ἐπὶ
1113 894 1295 952 Λιὸύης·
1315 898 1385 943 καὶ

149 944 282 990 πολλὰ
307 945 414 991 ἄλλα
441 948 665 997 ἀνέλπιστα
689 955 801 1011 πάθη
820 959 1110 1007 καταλαὸόντα
1130 964 1285 1018 πολλὰς
1299 966 1384 1028 χώ-

151 1031 223 1075 ρας
246 1017 327 1060 τῶν
345 1019 566 1080 οἰκητόρων
589 1020 878 1086 ἑξηρήμωσαν.

1046 168 1126 214 DE
1161 171 1316 219 MARI
1349 175 1710 229 ERYTHRAEO.

2610 225 2686 264 151

1464 285 1711 344 langiorum,
1729 309 1829 349 quas
1844 298 2174 352 quadrimaxillas
2190 310 2375 351 nonnulli
2391 326 2550 358 vocant.
2606 323 2696 366 Hoc

1463 358 1575 398 enim
1598 362 1838 405 animalium
1857 380 1984 420 genus
2003 384 2053 410 ex
2074 371 2271 415 imbrium
2294 378 2332 417 vi
2352 388 2391 419 et
2410 384 2527 437 copia
2544 388 2695 430 redun-

1463 422 1579 465 dasse
1601 440 1795 482 narrant;
1826 448 2038 491 quumque
2070 438 2213 480 incolae
2244 445 2348 496 pesti
2380 446 2478 489 huic
2512 454 2697 498 resistere

1462 504 1547 531 non
1573 494 1755 538 valerent
1771 530 1781 548 ‚
1811 500 1987 557 fugaque
2008 505 2131 560 elapsi
2151 508 2322 550 salutem
2355 517 2498 567 patriae
2522 522 2696 563 antefer-

1462 569 1581 611 rent,
1607 563 1761 606 facturn
1793 583 1879 610 esse
1910 581 1957 612 ut
1979 573 2140 616 deserta
2173 577 2225 617 ab
2255 579 2494 625 hominibus
2513 594 2619 630 terra
2647 607 2696 633 eo

1461 635 1648 684 tempore
1670 633 1985 690 relinqueretur.
2046 643 2112 683 Sic
2130 645 2252 686 etiam
2271 651 2458 692 muriumv
2476 658 2695 708 agrestium

1461 699 1595 753 copia,
1615 709 1663 741 ut
1681 702 1725 743 in
1739 705 1856 747 Italia
1869 738 1881 757 ‚
1907 716 1946 749 et
1964 724 2146 765 passeres
2172 717 2327 759 semina
2351 719 2594 767 devorantes
2610 760 2622 779 ,
2648 739 2696 771 ut

1460 767 1505 807 in
1536 769 1697 822 Media,
1737 783 1777 814 et
1811 790 1942 829 ranae,
1980 780 2094 835 quod
2126 785 2348 828 Autariatis
2387 805 2465 833 usu
2486 797 2619 847 venit,
2655 809 2694 841 et

1459 834 1627 879 leonum
1649 840 1954 888 increbrescens
1983 850 2207 894 multitudo
2220 885 2232 904 ,
2253 864 2301 896 ut
2320 858 2363 898 in
2384 861 2524 905 Africa
2537 896 2548 915 ,
2573 882 2693 911 causa

1458 902 1573 946 fuere
1595 916 1642 948 ut
1672 910 1855 953 civitates
1876 915 1956 957 alio
1989 921 2310 974 commigrarent
2324 941 2336 976 ;
2366 930 2583 988 multaeque
2605 937 2692 978 aliae

1456 973 1704 1018 calamitates
1728 979 1942 1036 insperatae
1960 993 2105 1038 terras,
2125 1003 2226 1044 quas
2245 996 2513 1052 corriperent,
2535 1002 2692 1046 habita·

1454 1043 1613 1083 toribus
1633 1045 1872 1091 viduarunt.

2166 1148 2172 1152 .

19 1152 131 1194 Diod.
147 1145 269 1207 δημεὶ
291 1148 459 1195 κτείνειν
487 1158 568 1196 πᾶν
593 1153 639 1199 τὸ
668 1158 717 1217 τῇ
743 1156 860 1218 φύσει
886 1160 1080 1220 πολέμιον
1096 1182 1106 1190 ·
1134 1166 1374 1228 ἀπεριγενή-

143 1235 213 1262 του
238 1218 280 1263 δὲ
303 1224 375 1265 τοῦ
398 1222 553 1274 πάθους
577 1222 686 1278 ὄντος
717 1226 788 1272 καὶ
810 1231 890 1273 τῶν
917 1231 1138 1291 δηγμάτων
1165 1235 1265 1288 ὀξεῖς
1294 1241 1376 1290 τοῖς

80 1297 119 1327 15
143 1288 336 1348 πληγεῖσι
371 1291 569 1343 θανάτους
593 1294 881 1357 ἐπιφερόντων,
917 1300 1166 1360 ἀπογνόντας
1196 1304 1269 1361 τὴν
1292 1307 1375 1352 πά·-

140 1373 249 1418 τριον
274 1361 349 1417 γῆν
377 1378 423 1404 τε
446 1361 517 1406 καὶ
547 1362 708 1408 δίαιταν
733 1367 871 1432 φυγεῖν
902 1369 949 1413 ἐκ
971 1373 1050 1415 τῶν
1087 1372 1240 1422 τόπων.
1311 1377 1374 1423 Οὐ

139 1424 220 1485 χρὴ
245 1425 286 1470 δὲ
306 1429 526 1487 θαυμάζειν
550 1431 642 1476 οὐδὲ
663 1434 850 1479 ἀπιστεῖν
872 1443 954 1490 τοῖς
969 1439 1217 1503 λεγομένοις,
1240 1445 1374 1491 πολλὰ

138 1493 292 1539 τούτων
317 1498 624 1562 παραδοξότερα
648 1502 758 1547 κατὰ
780 1512 920 1551 πᾶσαν
939 1507 1014 1564 τὴν
1038 1512 1280 1571 οἰκουμένην
1304 1535 1371 1576 γε·

135 1563 282 1623 γονότα
303 1563 370 1609 διὰ
387 1570 460 1621 τῆς
482 1570 656 1624 ἀληθοῦς
677 1573 859 1635 ἱστορίας
877 1579 1196 1646 παρειληφότας.
1268 1585 1372 1647 Περὶ

50 1647 115 1678 ’20
136 1630 215 1693 γὰρ
247 1633 321 1688 τὴν
343 1634 526 1689 Ἰταλίαν
560 1642 673 1695 μυῶν
709 1644 862 1698 πλῆθος
896 1645 1123 1709 ἀρουραίων
1159 1653 1369 1712 ἐγγενηθὲν

133 1703 216 1752 τοῖς
250 1703 401 1757 πεδίοις
431 1705 599 1758 ἐξέὸαλέ
635 1728 748 1762 τινας
788 1714 835 1757 ἐκ
872 1717 945 1770 τῆς
980 1718 1156 1780 πατρίου
1200 1721 1367 1785 χώρας,

133 1771 239 1816 κατὰ
260 1772 302 1818 δὲ
325 1773 398 1829 τὴν
423 1777 590 1832 Μηδίαν
615 1781 941 1836 ἐπιπολάσαντες
961 1787 1161 1846 ἀμύθητοι
1183 1794 1367 1854 στρουθοὶ

131 1839 201 1883 καὶ
224 1840 276 1885 τὰ
296 1843 515 1905 σπέρματα
538 1850 619 1893 τῶν
644 1850 869 1911 ἀνθρώπων
890 1856 1160 1917 ἀφανίσαντες
1180 1863 1365 1923 ἠνάγκα-

130 1926 205 1953 σαν
243 1912 297 1962 εἷς
329 1915 569 1975 ἑτερογενεῖς
603 1917 749 1973 τόπους
771 1928 1053 1983 μεταστῆναι,
1079 1930 1171 1981 τοὺς
1201 1933 1243 1976 δὲ
1276 1952 1365 1978 κα-

66 1994 107 2024 25
128 1978 347 2037 λουμένους
364 1984 632 2044 Αὐταριάτας
651 1988 854 2053 βάτραχοι
874 1991 946 2049 τὴν
972 1995 1192 2058 ἀρχέγονον
1213 2002 1365 2048 σύστα-

127 2065 189 2092 σιν
215 2049 256 2092 ἐν
280 2051 362 2102 τοῖς
386 2051 523 2115 νέφεσι
542 2057 826 2115 λαμὸάνοντες
849 2062 919 2108 καὶ
941 2064 1158 2120 πίπτοντες
1179 2072 1270 2117 ἀντὶ
1294 2077 1365 2129 τῆς

124 2116 319 2173 συνήθους
338 2122 514 2182 ψεκάδος
543 2124 763 2174 ἐὸιάσαντο
796 2129 871 2182 τὰς
895 2134 1095 2195 πατρίδας
1119 2141 1361 2187 καταλιπεῖν

127 2186 198 2230 καὶ
219 2192 467 2252 καταφυγεῖν
486 2195 540 2244 εἷς
562 2200 702 2240 τοῦτον
722 2197 789 2242 τὸν
806 2199 930 2244 τόπον
950 2204 991 2247 ἐν
1010 2196 1043 2265 ᾧ
1064 2210 1131 2250 νῦν
1150 2209 1364 2270 καθίδρυν-

129 2272 211 2303 ται.
280 2258 367 2304 Καὶ
399 2260 480 2319 μὴν
504 2262 562 2314 τίς
589 2266 666 2324 οὐχ
688 2266 905 2328 ἱστόρησεν
931 2269 1131 2333 Ἡρακλεῖ
1153 2280 1233 2322 τῶν
1258 2279 1362 2342 ὑπὲρ

63 2341 105 2371 30
124 2326 195 2379 τῆς
219 2327 443 2382 ἀθανασίας
464 2330 596 2376 ἄθλων
622 2337 967 2384 συντελεσθέντων
992 2339 1062 2386 ἕνα
1085 2349 1361 2407 καταριθμού-

126 2411 246 2451 μενον
266 2399 356 2441 καθ’
378 2397 420 2442 ὃν
443 2398 637 2455 ἐξήλασεν
664 2405 710 2447 ἐκ
740 2409 810 2460 τῆς
834 2409 1125 2472 Στυμφαλίδος
1146 2414 1292 2474 λίμνης
1312 2417 1359 2462 τὸ

122 2463 275 2519 πλῆθος
297 2468 376 2510 τῶν
397 2469 738 2519 ἐπιπολασάντων
759 2474 925 2536 ὀρνίθων
946 2481 986 2524 ἐν
1016 2482 1149 2543 αὖτῇ;
1175 2484 1358 2530 ἀνάστα-

121 2549 181 2575 τοι
209 2531 252 2576 δὲ
277 2533 385 2579 κατὰ
410 2536 484 2591 τὴν
505 2539 667 2597 Λιὸύην
685 2542 826 2596 πόλεις
849 2545 951 2598 τινὲς
974 2548 1158 2608 ἐγένοντο
1180 2554 1357 2608 πλήθους

118 2600 290 2646 λεόντων
327 2606 562 2659 ἐπελθόντος
600 2612 647 2654 ἐκ
671 2614 741 2666 τῆς
777 2615 947 2674 ἐρήμου.
1015 2621 1053 2664 T
1057 2624 1160 2665 αῧτα
1187 2622 1260 2681 μὲν
1288 2617 1356 2670 οὖν

54 2680 94 2709 35
116 2672 215 2728 ἡμῖν
230 2671 404 2733 εἰρήσθω
427 2674 527 2736 πρὸς
546 2675 637 2729 τοὺς
656 2679 839 2733 ἀπίστως
855 2684 921 2728 διὰ
936 2685 982 2730 τὸ
1005 2688 1234 2750 παράδοξον
1254 2691 1356 2755 πρὸς

116 2737 188 2791 τὰς
209 2741 389 2803 ἱστορίας
412 2744 703 2805 διακειμένους·
726 2750 851 2797 πάλιν
874 2752 916 2798 δὲ
939 2755 1006 2800 ἐπὶ
1030 2756 1082 2802 τὰ
1103 2764 1255 2822 συνεχῆ
1272 2762 1354 2814 τοῖς

115 2810 420 2871 προειρημένοις
440 2815 775 2876 μεταὸησόμεθα.

1451 1179 1650 1223 invictum
1679 1177 1782 1227 esset
1815 1190 1969 1232 malum
2006 1193 2198 1249 (morsus
2233 1202 2344 1243 enim
2382 1205 2559 1250 subitam
2597 1212 2688 1254 ictis

1449 1272 1627 1323 mortem
1659 1266 1911 1325 afferebat),
1946 1273 2161 1331 desperato
2193 1284 2334 1336 patriae
2366 1285 2456 1328 loco
2482 1298 2523 1330 et
2549 1293 2684 1346 victu,

1447 1341 1527 1383 alio
1558 1345 1779 1402 profugere
1813 1355 2061 1409 compulsos.
2122 1361 2209 1402 Nec
2240 1378 2331 1418 quae
2363 1366 2430 1408 hic
2453 1370 2687 1416 referuntur

1446 1425 1550 1467 adeo
1578 1429 1684 1471 mira
1713 1441 1784 1473 aut
1807 1435 2064 1482 incredibilia
2085 1443 2206 1484 nobis
2230 1460 2316 1487 esse
2353 1449 2527 1502 debent,
2557 1469 2685 1509 quum

1446 1507 1510 1549 his
1532 1509 1652 1564 longe
1684 1513 1951 1560 insolentiora
1976 1535 2050 1576 per
2069 1524 2214 1566 orbem
2252 1535 2458 1573 terrarum
2492 1536 2685 1578 accidisse

1444 1605 1496 1631 ex
1520 1594 1627 1633 veris
1642 1594 1824 1639 historiis
1843 1612 2102 1657 compertum
2122 1607 2361 1652 habeamus.
2423 1615 2529 1657 Nam
2544 1618 2586 1658 in
2605 1622 2684 1660 Ita-

1441 1674 1495 1717 lia
1513 1681 1736 1731 agrestium
1766 1683 1826 1723 vis
1847 1687 2056 1738 murium,
2089 1689 2282 1734 soecunda
2313 1694 2475 1738 luxurie
2507 1700 2551 1740 in
2574 1703 2681 1755 agris

1440 1768 1657 1814 natorum,
1693 1780 1716 1805 e
1747 1769 1880 1821 patria
1911 1772 2113 1824 quosdam
2142 1777 2318 1831 expulit;
2346 1780 2389 1820 in
2418 1782 2555 1824 Media
2583 1799 2681 1826 vero

1438 1856 1652 1898 passerum
1682 1853 2049 1897 sata,vastantium
2084 1865 2253 1923 catervae
2280 1860 2468 1903 homines
2494 1864 2573 1905 alio
2602 1868 2679 1906 mi-

1438 1938 1556 1978 grare
1572 1938 1819 1982 coegerunt3
1834 1946 1961 1987 porro
1980 1936 2052 1990 qui
2068 1939 2289 1980 Autariatae
2302 1943 2584 1996 nominantur,
2604 1946 2679 1987 hos
2725 1962 2733 1969 ¹

1436 2021 1546 2049 ranae
1568 2010 1611 2050 in
1634 2011 1816 2054 nubibus
1852 2024 1972 2058 cretae
1995 2027 2034 2059 et
2063 2034 2140 2074 pro
2171 2023 2328 2064 usitatis
2354 2024 2526 2081 delapsae
2555 2030 2678 2082 guttis

1434 2091 1611 2143 patriam
1630 2091 1818 2135 deserere
1844 2104 1884 2137 et
1901 2098 1944 2137 in
1966 2098 2104 2140 locum
2117 2132 2129 2151 ,
2148 2102 2218 2142 ubi
2240 2118 2352 2145 nunc
2374 2106 2489 2147 sedes
2505 2107 2673 2160 habent,

1433 2170 1665 2225 profugere
1696 2176 1998 2230 compulerunt.
2074 2183 2127 2221 Et
2160 2184 2252 2236 quis
2295 2200 2345 2224 ex
2384 2189 2674 2243 antiquitatum

1434 2254 1740 2294 commentariis
1765 2270 1851 2296 non
1877 2257 2048 2310 didicit,
2078 2262 2185 2301 inter
2203 2265 2391 2306 Herculis
2423 2271 2670 2322 certamina,

1431 2341 1603 2387 propter
1625 2336 1977 2380 immortalitatem
2008 2342 2209 2394 confecta,
2246 2360 2377 2387 unum
2403 2363 2568 2404 quoque
2592 2367 2671 2393 nu-

1431 2416 1598 2465 merari,
1623 2430 1707 2470 quo
1728 2417 1780 2458 de
1801 2419 1950 2473 palude
1975 2422 2256 2478 Stymphalide
2278 2427 2567 2471 invalescentes
2587 2433 2668 2474 illic

1429 2495 1614 2539 volucres
1635 2499 1798 2554 abegit?
1813 2504 2007 2545 Similiter
2027 2516 2198 2561 propter
2211 2508 2485 2564 irruptionem
2500 2513 2666 2557 leonum

1427 2591 1450 2617 e
1476 2578 1648 2620 desertis
1669 2580 1793 2622 urbes
1812 2584 1999 2638 quaedam
2027 2586 2165 2642 Libyae
2187 2604 2211 2629 a
2248 2590 2405 2632 civibus
2440 2592 2661 2637 derelictae.

1426 2664 1525 2704 Haec
1546 2666 1588 2704 in
1608 2679 1678 2706 eos
1700 2668 1772 2721 qui
1795 2667 1920 2709 fidem
1949 2670 2131 2712 historiis
2159 2672 2358 2728 derogant
2386 2686 2557 2731 propter
2575 2680 2666 2719 inu-

1425 2749 1592 2790 sitatum
1615 2753 1675 2792 rei
1695 2753 1868 2795 modum
1889 2755 1998 2797 dicta
2026 2758 2145 2799 nobis
2179 2769 2318 2802 sunto.
2378 2763 2500 2804 Nunc
2527 2765 2579 2806 ad
2597 2780 2665 2806 su-

1423 2835 1631 2888 periorem
1649 2837 1859 2879 relationis
1878 2849 2117 2883 contextum
2136 2844 2335 2887 redimus.

126 2902 2651 2952 ᾺᾺ

113 2941 339 2985 Heerenius
365 2947 487 2988 [deon
511 2951 577 3000 II,
618 2965 635 2991 1
651 2983 662 3002 ,
688 2967 731 3007 p.
762 2955 841 3008 329
870 2956 1032 3000 diversa
1058 2961 1295 3004 confundit.
1332 2968 1348 3020 Η

111 3026 168 3035 —-
188 3018 226 3046 1.
247 3005 609 3068 ὀνομάζουσιν]
637 3013 917 3072 ἐπονομάζουσι
942 3022 976 3063 C
997 3031 1037 3063 et
1056 3024 1231 3078 vulgata.
1262 3027 1355 3081 {1—

114 3078 156 3106 2.
180 3065 269 3109 ἐπο
284 3070 373 3125 μὸρ
388 3071 485 3127 ιάς]
511 3074 575 3114 Cf.
600 3076 756 3117 Plinius
785 3080 953 3132 XVIII,
976 3086 1046 3134 44,
1065 3085 1118 3126 3:
1147 3089 1355 3130 Nascitur

110 3136 150 3166 et
157 3129 430 3184 phalangium
447 3134 489 3175 in
504 3151 613 3187 ervo,
633 3139 805 3182 bestiola
822 3145 1147 3198 araneigeneris,
1166 3150 1207 3190 si
1222 3151 1350 3192 hiems

111 3203 265 3243 aquosa
280 3194 353 3235 sit.
377 3197 393 3249 ss
409 3221 465 3228 -—
495 3202 534 3239 6.
570 3199 924 3258 ἀπολειφθῆναι
943 3209 991 3249 C.
1031 3211 1046 3264 ΙΙ
1073 3235 1131 3242 —
1160 3227 1200 3266 7.
1220 3229 1271 3254 το
1284 3217 1346 3270 ῖς]

111 3251 198 3298 τοὺς
216 3255 300 3295 AB.
325 3258 537 3301 Structura
565 3267 831 3315 grammatica
854 3270 896 3309 in
915 3270 980 3311 his
1009 3273 1206 3326 neglecta.
1229 3278 1346 3317 Cete—

111 3326 206 3353 rum
227 3314 313 3357 haec
328 3332 491 3374 quoque
509 3324 690 3366 AElianus
709 3331 937 3386 exscripsit,
959 3343 1052 3388 post
1069 3335 1231 3378 laudata
1253 3353 1345 3393 per-

109 3387 208 3426 gens
242 3376 299 3418 ita
332 3379 346 3434 (
363 3396 399 3421 c.
437 3386 484 3431 41
507 3386 521 3437 )
555 3398 565 3425 ε
607 3386 725 3429 Μυῶν
765 3390 975 3448 ἀρουραίων
1017 3395 1248 3452 ἐπιφοίτησις
1281 3402 1347 3441 καὶ

111 3436 248 3484 στόλος
267 3437 310 3478 οὗ
329 3441 381 3496 μὰ
399 3444 484 3492 τοὺς
504 3447 609 3495 θεοὺς
622 3452 789 3505 χρηστὸς
810 3460 885 3497 τῶν
907 3457 945 3498 ἐν
970 3457 1118 3516 Ἰταλίᾳ
1133 3462 1237 3510 τινὰς
1260 3462 1343 3515 ἐξή-

108 3496 231 3539 λασαν
259 3503 326 3552 τῆς
343 3508 517 3561 πατρῴας
534 3511 619 3563 γῆς,
642 3513 707 3552 καὶ
728 3518 896 3570 φυγάδας
917 3518 1126 3575 ἀπέφηναν,
1154 3523 1341 3579 λυμαινό-

108 3573 218 3613 μενοι
236 3560 301 3602 καὶ
318 3562 411 3615 λήῖα
428 3568 491 3607 καὶ
506 3569 617 3622 φυτὰ,
639 3572 748 3626 δίκην
775 3576 935 3633 αὐχμῶν
965 3582 988 3632 ἢ
1017 3589 1169 3638 κρυμῶν
1189 3584 1214 3637 ἥ
1240 3603 1342 3636 τινος

107 3619 278 3677 ἀκαιρίας
299 3624 407 3680 ὡρῶν
432 3627 556 3684 ἑτέρας
569 3663 580 3682 ,
602 3632 650 3673 τὰ
671 3635 737 3690 μὲν
768 3638 1035 3695 διακείροντες,
1071 3645 1340 3698 διακόπτοντες

104 3683 146 3724 δὲ
164 3683 230 3733 τὰς
248 3685 363 3740 ῥίζας.
386 3689 443 3745 Τῇ
461 3691 616 3750 Μηδικῇ
629 3695 670 3736 δὲ
688 3696 997 3753 ἐπιφοιτήσαντες
1016 3704 1206 3760 στρουθῶν
1222 3711 1335 3766 φορὰ,

106 3745 293 3799 ἐξήλασαν
323 3751 389 3791 καὶ
419 3751 559 3794 ἐκεῖνοι
602 3758 690 3806 τοὺς
718 3767 1011 3817 κατοικοῦντας,
1058 3769 1337 3828 διαφθείροντες

103 3808 151 3850 τὰ
172 3812 367 3867 σπέρματα
389 3814 454 3854 καὶ
476 3815 720 3872 ἀφανίζοντες
740 3822 848 3866 αὐτά.
869 3827 1063 3884 Βάτραχοι
1081 3832 1121 3874 δὲ
1139 3832 1336 3889 ἡμιτελεῖς

103 3873 281 3922 πεσόντες
312 3874 349 3923 ἐξ
370 3875 476 3932 ἀέρος
508 3880 652 3922 πολλοὶ
680 3883 912 3941 Αὐταριάτας
935 3889 1067 3933 Ἰνδῶν
1095 3896 1112 3947 (
1133 3893 1332 3954 Ἰλλυρίων

101 3934 211 3990 conj.
230 3938 368 3989 Rcin.;
384 3940 544 3982 Μαιδῶν
559 3944 770 3998 Bochai-tq
789 3947 831 3990 ἐκ
849 3955 924 3992 τῶν
946 3951 1050 3995 ἰδίων
1073 3958 1236 4015 Jacobs)
1269 3977 1334 4017 με·

102 3997 268 4053 τῴκισαν
285 3999 336 4049 εἰς
349 4006 478 4058 χῶρον
500 4005 644 4062 ἕτερον.
666 4008 739 4050 Καὶ
756 4012 866 4067 γένος
884 4016 1015 4071 μέντοι
1030 4019 1269 4075 Λιὸυστινὸν,
1288 4020 1335 4065 οῧ

1425 2969 1490 3008 καὶ
1510 2968 1686 3026 ἀνωτέρω
1708 2973 1862 3028 μνήμην
1895 2974 2150 3031 ἐποιησάμην,
2176 2977 2502 3035 ἓπιφοιτησάντων
2534 2984 2663 3032 αὐτοῖς

1424 3030 1611 3083 λεόντων,
1643 3033 1729 3075 εἶτα
1748 3036 1902 3085 τούτους
1929 3038 2140 3091 ἀναστῆναι
2159 3044 2227 3093 τῆς
2258 3046 2432 3099 πατρῴας
2456 3049 2528 3100 γῆς
2547 3046 2660 3094 ἐξενί-

1423 3109 1559 3146 κησαν.
1588 3097 1603 3150 Η
1628 3121 1684 3128 -—
1703 3101 1743 3139 8.
1778 3100 1883 3154 περὶ
1904 3101 1991 3156 Μ.]
2014 3118 2082 3157 περ
2106 3103 2160 3142 Μ.
2181 3104 2275 3145 cod.
2294 3106 2350 3155 C;
2378 3107 2548 3158 Μήδειαν
2568 3109 2612 3148 Α.
2638 3110 2653 3161 Η

1421 3180 1478 3188 —
1495 3174 1536 3211 9.
1571 3158 1631 3198 Ab
1646 3175 1734 3215 ταρ
1753 3193 1759 3201 .
1780 3164 1795 3216 ]
1817 3164 1874 3203 sic
1896 3164 2019 3204 codd.
2046 3167 2200 3215 nostri;
2227 3165 2469 3221 Ἄφθαριάτας
2499 3170 2607 3224 vulg.
2637 3173 2651 3224 Η

1419 3243 1476 3251 —-
1499 3234 1563 3261 11.
1588 3222 1748 3278 ἄλλα]
1771 3239 1853 3265 om.
1885 3227 1918 3266 C
1934 3235 1974 3266 et
1996 3227 2104 3280 vulg.
2135 3252 2191 3258 -—
2208 3230 2257 3268 In
2280 3230 2394 3270 Italia
2423 3246 2560 3273 mures
2578 3232 2657 3288 eje·

1419 3292 1564 3324 cerunt
1587 3286 1783 3336 Cosanos,
1806 3288 1838 3327 si
1862 3287 1961 3328 fides
1981 3298 2040 3329 est
2062 3291 2215 3331 Rutilio
2234 3292 2277 3331 in
2295 3293 2437 3334 Itiner.
2455 3296 2532 3336 285
2555 3310 2564 3337 :

1501 3400 1685 3433 cernimus
1699 3402 1858 3444 antiquas
1873 3403 1973 3436 nullo
1989 3405 2134 3438 custode
2150 3406 2268 3439 ruinas
2279 3432 2288 3448 ‚

1540 3457 1575 3487 et
1590 3455 1751 3488 ‹lesolatae
1768 3457 1896 3491 moenia
1914 3458 2004 3492 foeda
2021 3462 2131 3493 Cosae.

1498 3507 1693 3541 Ridiculam
1709 3510 1815 3542 cladis
1830 3511 1939 3553 pudet
1956 3513 2050 3546 inter
2065 3513 2152 3547 seria
2172 3523 2311 3548 causam

1538 3573 1721 3606 promere,
1738 3565 1798 3598 sed
1814 3566 1922 3600 risum
1937 3567 2154 3603 dissimulare
2171 3570 2264 3613 piget
2273 3582 2285 3612 ‚-

1496 3621 1665 3654 dicuntur
1685 3621 1779 3654 cives
1793 3623 1972 3664 quondam
1988 3625 2140 3667 migrare
2156 3627 2270 3660 coacti

1536 3675 1694 3709 muribus
1709 3675 1854 3711 infestos
1869 3678 2062 3714 deseruisse
2078 3680 2178 3715 lares.
2204 3678 2208 3683 ”

1408 3778 1471 3818 Cf.
1496 3786 1630 3818 tamen
1646 3780 1854 3821 Mannert.
1875 3784 2018 3834 Geogr.
2040 3783 2116 3832 IX,
2140 3797 2176 3833 1,
2195 3798 2236 3839 p.
2261 3785 2356 3838 369.
2376 3787 2438 3824 De
2458 3786 2643 3825 Autaria-

1406 3848 1542 3880 tarum
1574 3841 1801 3882 calamitate
1837 3857 1876 3884 V.
1913 3846 2063 3886 Justin.
2098 3847 2194 3896 XV,
2231 3861 2282 3896 2;
2319 3847 2494 3900 Appian.
2527 3847 2636 3900 Illyr.

1405 3918 1441 3944 c.
1465 3906 1515 3952 [Η
1553 3903 1617 3944 Cf.
1653 3904 1888 3946 Heraclides
1919 3908 2099 3948 Lembus
2132 3923 2198 3962 ap.
2234 3908 2475 3948 Athenaeum
2511 3910 2637 3958 VIII,

1404 3979 1447 4018 p.
1471 3965 1576 4015 383,
1603 3967 1638 4006 A
1661 3966 1761 4022 (Fr.
1779 3968 1885 4008 Hist.
1908 3976 2010 4009 tom.
2032 3971 2109 4019 III,
2135 3983 2177 4024 p.
2206 3972 2280 4010 168
2296 4000 2308 4019 ,
2342 3970 2363 4009 3
2383 3969 2414 4023 );
2443 3969 2636 4011 Bocham.

1406 4027 1569 4068 Hieroz.
1591 4029 1648 4078 ΙΙ,
1668 4042 1715 4080 p.
1740 4028 1836 4077 539.
1858 4035 1953 4072 662.
