2808 4342
92 189 140 249 (2,
157 187 204 247 5.)
665 187 954 234 ANONYMI
990 186 1175 246 (vum-10

173 289 339 336 πάντων
361 287 559 347 ἐπιτομὴν
579 289 660 332 τῶν
677 285 809 348 χύδην
833 286 1058 348 εἰρημένων
1074 306 1085 317 ·

174 359 313 421 μέτρῳ
335 356 379 403 δὲ
399 356 551 411 ταύτην
571 354 769 402 ἐκτιθέναι
792 355 1028 416 προείλετο,

173 432 231 489 τῷ
253 428 426 487 κωμικῷ
444 424 508 481 δὲ,
530 427 603 479 τῆς
625 423 827 487 σαφηνίας
848 423 986 486 χάριν,

110 512 152 542 35
177 492 499 554 εὐμνημόνευτον
523 491 720 552 ἐσομένην
741 491 868 545 οὕτως
886 496 1007 556 ὁρῶν.

173 564 236 611 Τὸ
256 564 290 607 δ’
312 560 451 622 ὅμοιον
474 560 622 606 ἔλαὸεν
645 561 814 614 εἰκάσας
832 563 878 607 ἐκ
896 567 966 608 τοῦ
990 563 1099 624 βίου·

144 681 149 685 ,
174 631 313 693 ὥσπερ
336 630 416 692 γὰρ
439 628 477 675 εἴ
497 649 557 682 τις
576 629 796 676 ἀναλαὸὼν
818 631 926 676 θέλοι
947 631 1083 694 φέρειν

174 699 302 753 ξύλων
322 698 555 758 λελυμένων
580 701 758 758 πλῆθος,
784 701 856 745 οὐκ
879 699 927 744 ἂν
948 702 1124 762 εὐχερῶς

171 768 323 814 τούτων
344 767 577 831 κρατήσαι,
599 767 823 829 δεδεμένων
848 768 890 813 δὲ
913 769 1061 833 ῥᾳδίως
1076 789 1087 797 ·

106 854 149 884 40
169 838 276 883 οὕτω
293 836 520 898 λελυμένην
540 835 648 890 λέξιν
672 837 893 883 ἀναλαὸεῒν
913 838 1020 900 ταχύ

168 908 241 952 οὐκ
265 906 376 967 ἔστι,
401 910 460 968 τῷ
481 905 618 970 μέτρῳ
637 905 680 951 δὲ
702 908 1053 970 περιειλημμένην

170 974 279 1021 ἔστιν
303 983 527 1038 κατασχεῖν
553 976 763 1028 εὖσκόπως
782 975 853 1022 καὶ
871 981 1068 1030 πιστικῶς
1084 993 1095 1003 ·

168 1044 254 1106 ἔχει
271 1043 349 1107 γὰρ
373 1045 671 1107 ἐπιτρέχουσαν
693 1047 733 1090 ἐν
755 1048 880 1108 ἑαυτῇ
900 1046 1037 1109 χάριν,

169 1112 267 1158 ὅταν
287 1113 448 1175 ἱστορία
469 1114 539 1158 καὶ
558 1113 662 1166 λέξις
682 1113 882 1177 ἔμμετρος
901 1116 1050 1178 πλεκῇ.

107 1198 147 1228 45
171 1183 315 1234 Κεῒνος
339 1182 412 1242 μὲν
436 1176 505 1227 οὖν
529 1183 737 1244 κεφάλαια
758 1182 1025 1246 συναθροίσας
1047 1181 1207 1244 χρόνων

170 1253 223 1303 εἷς
246 1251 446 1314 βασιλέως
472 1252 644 1297 ἀπέθετο
663 1250 912 1315 φιλαδέλφου
935 1250 1056 1315 χάριν
1074 1288 1086 1311 ,

173 1321 199 1365 ἃ
223 1321 293 1366 καὶ
314 1321 381 1366 διὰ
400 1321 537 1376 πάσης
556 1321 694 1381 γέγονε
720 1323 791 1376 τῆς
811 1320 1073 1382 οἰκουμένης,

170 1391 370 1436 ἀθάνατον
393 1390 651 1450 ἀπονέμοντα
671 1389 790 1443 δόξαν
810 1389 994 1454 Ἀττάλῳ

133 1512 137 1517 ¹
171 1462 241 1513 τῆς
261 1459 550 1521 πραγματείας
568 1458 800 1522 ἐπιγραφὴν
825 1460 1023 1523 εἰληφότι.

107 1543 148 1573 50
171 1526 285 1588 Ἐγὼ
310 1529 344 1572 δ’
372 1526 549 1587 ἀκούων,
572 1527 674 1572 διότι
694 1531 773 1573 τῶν
794 1533 863 1574 νῦν
890 1529 1093 1590 βασιλέων

171 1596 291 1656 μόνος
314 1595 530 1658 βασιλικὴν
552 1596 818 1658 χρηστότητα
837 1597 1098 1660 προσφέρεις,

168 1669 312 1728 πεῖραν
335 1665 558 1726 ἐπεθύμησ’
580 1666 699 1717 αὐτὸς
719 1665 785 1711 ἐπ’
809 1669 989 1726 ἐμαυτοῦ
1012 1667 1155 1712 λαὸεῖν

168 1735 239 1780 καὶ
262 1735 561 1797 παραγενέσθαι
582 1735 652 1780 καὶ
676 1735 714 1780 τί
741 1735 931 1797 βασιλεύς
954 1736 1035 1781 ἐστ’
1058 1738 1174 1796 ἰδεῖν,

166 1804 218 1848 ἵν’
246 1804 364 1857 αὐτὸς
387 1805 536 1867 ἑτέροις
555 1805 679 1850 πάλιν
701 1805 976 1866 ἀπαγγέλλειν
996 1805 1094 1867 ἔχω.

106 1890 147 1920 55
169 1873 243 1920 Διὸ
262 1873 523 1937 τῇπροθέσει
543 1874 777 1934 σύμὸουλον
801 1874 1045 1935 ἐξελεξάμην

166 1945 235 1990 τὸν
260 1942 655 2006 συγκατορθώσαντα
679 1945 749 1990 καὶ
771 1948 830 2007 τῷ
854 1948 914 2008 σῷ
933 1946 1059 2008 πατρί

166 2012 218 2058 τὰ
241 2017 313 2070 τ’ῆς
336 2014 545 2074 βασιλείας
567 2014 779 2077 πρότερον,
804 2017 860 2066 ὡς
879 2015 1094 2074 ἀκούομεν,

168 2081 284 2144 παρὰ
307 2081 370 2127 σοί
393 2101 435 2127 τε
452 2117 464 2139 ,
490 2085 684 2144 βασιλεῦ,
704 2084 878 2145 γνησίως
896 2084 1126 2143 τιμώμενον

167 2151 275 2198 κατὰ
294 2152 429 2197 πάντα
443 2187 455 2209 ,
481 2151 549 2197 τὸν
573 2152 811 2198 Ἀπόλλωνα
834 2153 902 2198 τὸν
921 2156 1083 2213 Διδυμῆ
1103 2154 1210 2215 λέγω
1224 2188 1236 2210 ,

104 2239 145 2270 60
168 2224 234 2268 τὸν
258 2223 329 2268 καὶ
352 2223 642 2281 θεμιστεύοντα
662 2223 732 2268 καὶ
755 2225 1030 2285 μουσηγέτην.

166 2286 229 2339 Οῧ
253 2292 302 2347 δὴ
323 2292 466 2354 σχεδὸν
489 2292 668 2351 μάλιστα
687 2293 758 2338 καὶ
777 2295 1044 2353 πεπεισμένος

168 2360 266 2422 πρὸς
287 2359 362 2415 σὴν
386 2360 494 2405 κατὰ
517 2360 636 2420 λόγον
658 2354 741 2415 ἧκα
765 2361 929 2421 (κοινὴν
949 2362 1027 2423 γὰρ
1048 2363 1192 2424 σχεδόν

166 2435 247 2480 τοῖς
267 2430 561 2490 φιλομαθοῦσιν
582 2429 869 2491 ἀναδέδειχας)
896 2430 1033 2476 ἑστίαν
1051 2446 1062 2456 ·

167 2496 253 2548 θεὸς
271 2498 313 2541 δὲ
334 2497 610 2561 συνεφάψαιτο
631 2501 682 2558 τῇ
705 2498 956 2560 προαιρέσει.

105 2582 146 2613 65
168 2567 247 2613 Ἐκ
266 2570 346 2612 τῶν
371 2567 579 2628 σποράδην
607 2567 686 2629 γὰρ
710 2569 1004 2630 ἱστορουμένων
1025 2569 1128 2614 τισίν

168 2639 207 2680 ἐν
229 2639 407 2698 ἐπιτομῇ
428 2655 490 2681 σοι
513 2636 697 2699 γέγραφα
720 2635 793 2688 τὰς
814 2638 1003 2688 ἀποικίας

167 2704 319 2757 κτίσεις
343 2723 387 2750 τε
410 2704 589 2765 πόλεων,
612 2709 683 2760 τ’ῆς
707 2702 804 2762 δ’λης
826 2726 869 2752 τε
889 2711 961 2767 γῆς
986 2707 1130 2768 σχεδόν

168 2774 229 2820 ὅσ’
250 2775 337 2820 ἐστὶ
360 2774 505 2819 πλωτὰ
524 2774 595 2819 καὶ
622 2775 803 2836 πορευτὰ
826 2778 906 2820 τῶν
931 2777 1082 2823 τόπων.

168 2844 336 2891 Τούτων
362 2844 396 2888 δ’
418 2844 496 2889 ὅσα
517 2843 590 2904 μὲν
615 2843 778 2904 εὔσημά
801 2848 836 2889 τ’
859 2846 945 2890 ἐστὶ
971 2846 1039 2890 καὶ
1062 2849 1171 2909 σαφῆ

106 2930 147 2960 70
170 2914 236 2958 ἐπὶ
255 2913 478 2976 κεφαλαίου
501 2913 710 2973 συντεμὼν
735 2914 986 2974 ἐκθήσομαι,

167 2983 243 3028 ὅσα
264 2985 297 3027 δ’
322 2983 428 3028 ἐστὶν
451 2985 584 3028 αὐτῶν
608 2986 654 3028 οὐ
679 2988 816 3047 σαφῶς
837 2985 1072 3046 ἐγνωσμένα
1087 3020 1098 3040 ,

169 3054 189 3095 ὃ
208 3051 314 3096 κατὰ
336 3052 455 3114 μέρος
474 3054 587 3097 ταῦτ’
610 3051 876 3114 ἐξακριὸώσει
895 3054 1014 3114 λόγος
1030 3089 1042 3112 ,

170 3120 296 3178 ὥστε,
321 3124 490 3183 βασιλεῦ
507 3157 519 3180 ,
541 3122 608 3167 τὸν
629 3121 764 3166 πάντα
785 3126 856 3177 τ’ῆς
877 3122 1115 3182 οἰκουμένης

170 3188 275 3248 ἔχειν
300 3209 344 3235 σε
364 3191 627 3253 περιορισμὸν
649 3192 986 3252 ἐπιτετμημένον,

109 3272 149 3303 75
171 3262 364 3316 ποταμῶν
388 3277 432 3303 τε
453 3259 643 3320 μεγάλων
663 3260 868 3316 ἰδιότητας
890 3260 960 3323 καὶ
983 3259 1136 3322 ῥύσεις,

89 3413 296 3465 Meineke;
323 3417 452 3470 possis
479 3417 603 3457 etiam
621 3417 800 3472 φυγάδων
828 3417 1044 3472 στρατείας;
1070 3431 1321 3473 quamquam

90 3491 228 3517 carere
251 3478 442 3518 omnibus
462 3478 526 3519 his
543 3487 722 3534 praestat.
746 3502 803 3510 —
829 3479 846 3533 ss
870 3482 939 3528 44.
961 3479 1082 3537 πλέκῃ
1102 3479 1215 3530 cod.;
1238 3494 1318 3520 em.

89 3538 218 3579 Mein.
240 3539 255 3592 Η
271 3538 406 3586 -45.
419 3537 562 3588 ἐκεῖνος
572 3539 724 3592 codex3
742 3542 965 3582 em.Mein.
987 3542 1002 3596 Η
1018 3566 1075 3573 —
1088 3544 1158 3592 48.
1177 3541 1323 3598 Ἀτάλῳ

90 3599 185 3640 cod.
213 3599 228 3653 [l
255 3623 310 3629 ——
331 3599 397 3640 50.
421 3604 497 3641 τῶν
523 3600 589 3656 μὲν
615 3602 701 3656 βασ.
734 3601 847 3653 cod.;
868 3616 950 3643 em.
975 3603 1103 3644 Mein.
1128 3604 1144 3657 Η
1167 3628 1223 3635 —-
1254 3604 1320 3644 51.

89 3662 288 3717 προσφέρει
306 3659 419 3711 cod.;
435 3674 517 3701 em.
533 3661 785 3716 vindingus.
798 3687 855 3694 —
875 3663 891 3717 ll
913 3663 980 3712 54.
997 3664 1044 3716 ἣν
1061 3663 1187 3715 αὐτὸς,
1205 3665 1318 3715 cod.;

90 3738 173 3765 em.
191 3722 402 3764 Morellus.
428 3722 444 3776 ll
462 3746 520 3753 —
536 3721 604 3764 56.
619 3725 845 3779 συνκατορθ.
864 3723 960 3766 cod.
983 3726 1000 3780 ss
1018 3749 1075 3757 —
1090 3725 1157 3780 59.
1174 3726 1320 3784 Διδύμη

90 3785 204 3835 cod.;
221 3799 303 3826 em.
327 3786 449 3825 Voss.
474 3784 491 3838 ll
509 3808 566 3815 —
581 3788 648 3826 62.
669 3785 761 3841 πρὸς
777 3786 817 3827 σὲ
836 3787 852 3840 (
868 3787 941 3838 sic,
955 3801 1041 3829 non
1057 3802 1155 3829 vero
1170 3788 1322 3845 absque

90 3856 278 3898 accentu,
292 3855 338 3887 ut
353 3847 602 3888 Letronnius
616 3848 700 3902 ait)
716 3847 813 3889 κατὰ
826 3848 949 3904 λόγον
964 3849 1048 3902 ἥκω
1063 3849 1194 3892 codex
1207 3866 1220 3901 ;
1238 3867 1320 3893 em.

90 3910 294 3954 Meineke.
326 3911 489 3952 Priores
510 3908 687 3951 editores
709 3919 842 3952 metro
874 3911 1167 3954 consuluerunt
1193 3921 1323 3956 trans-

90 3971 287 4030 ponendo
318 3972 443 4014 verba
467 3972 582 4013 hune
599 3972 644 4012 in
662 3971 864 4014 modum:
894 3973 992 4014 κατὰ
1013 3973 1135 4030 λόγον
1158 3975 1250 4031 πρὸς
1282 3977 1323 4018 σὲ

93 4035 194 4090 ιἥκω·
221 4032 353 4087 κοινὴν
373 4033 499 4091 γὰρ...
528 4033 774 4089 ἀναδέδειχας
802 4033 928 4076 ἑστίαν
947 4034 1034 4087 vel,
1055 4044 1101 4077 ut
1116 4037 1321 4092 spondeus

1209 189 1435 235 S‘CYMNl
1454 189 1467 251 )
1503 191 1680 250 ORBlS
1713 193 2086 240 DESCRIPTIO.

2532 216 2613 254 197

1391 301 1578 342 omnium
1597 303 1803 357 epitomen
1823 317 1914 358 quae
1932 302 2042 344 dieta
2058 303 2144 344 fuse
2164 316 2282 357 sunt3

1388 380 1510 408 versu
1533 371 1671 410 autem
1689 370 1797 411 hanc
1815 384 2020 425 exponere
2043 370 2249 423 decrevit,

1388 447 1519 488 eoque
1537 437 1695 478 comico
1709 468 1721 488 ,
1745 438 2046 492 perspicuitatis
2073 440 2220 491 gratia,

1387 501 1503 542 facile
1522 503 1580 543 sic
1601 504 1804 546 haesuram
1822 504 1966 546 videns
1985 507 2200 547 memoria.

1387 571 1525 611 Simile
1547 586 1644 612 vero
1661 573 1860 627 quiddam
1879 582 2090 628 comparat
2112 589 2134 614 e
2156 576 2238 616 vita
2260 590 2437 618 sumens.

1387 639 1753 691 Quemadmodum
1771 642 1882 681 enim
1898 672 1910 691 ,
1930 642 1962 682 si
1980 643 2073 696 quis
2094 653 2322 698 susceptam
2343 646 2436 686 velit
2460 647 2563 689 serre

1369 707 1592 761 'lignorum
1614 709 1844 750 solutorum
1864 711 2024 765 copiam
2039 742 2050 762 ‚
2071 726 2156 752 non
2174 712 2288 754 facile

1385 792 1450 818 res
1472 779 1650 830 cesserit,
1675 779 1794 833 ligata
1811 787 1948 821 autem
1969 781 2083 821 nullo
2101 781 2238 823 tulerit
2260 787 2420 838 negotio
2441 800 2448 826 :

1386 847 1444 886 sic
1463 847 1637 888 solutam
1656 848 1887 889 orationem
1910 849 2097 903 excipere
2115 850 2298 892 celeriter
2360 854 2363 858 '

1385 928 1471 955 non
1494 915 1587 956 lieet
1600 946 1611 966 ,
1634 905 1676 956 at
1698 930 1818 956 versu
1838 917 2176 971 comprehensam

1386 983 1481 1025 licet
1499 986 1677 1026 retinere
1696 994 1788 1042 apte
1807 995 1847 1027 et
1865 986 2063 1038 fideliter3

1385 1053 1510 1094 habet
1530 1055 1642 1095 enim
1662 1057 1936 1097 accessionem
1955 1058 1999 1097 in
2022 1072 2064 1098 se
2083 1059 2240 1111 gratiae,

1385 1123 1554 1177 quando
1576 1125 1747 1167 historia
1768 1135 1808 1167 et
1830 1126 1950 1181 ligata
1970 1128 2102 1168 oratio
2121 1137 2349 1170 nectantur.

1384 1191 1456 1232 Ille
1476 1192 1600 1246 igitur
1618 1194 1752 1248 capita
1769 1209 1792 1235 a
1811 1209 1853 1235 se
1875 1194 2042 1236 collecta
2061 1204 2294 1251 temporum

1385 1259 1429 1298 in
1448 1261 1553 1314 regis
1571 1261 1826 1318 Philadelphi
1847 1264 2018 1317 gratiam
2035 1267 2242 1319 reposuit;

1386 1341 1477 1382 quae
1495 1328 1662 1383 quidem
1681 1345 1756 1386 per
1774 1339 1908 1372 totum
1929 1341 2150 1373 manarunt
2171 1334 2313 1374 orbem

1386 1405 1427 1437 et
1445 1398 1721 1440 immortalem
1739 1409 1940 1455 pararunt
1961 1401 2132 1455 gloriam
2151 1402 2286 1443 Attalo
2302 1434 2312 1453 ,

1387 1468 1522 1523 operis
1541 1467 1628 1522 ejus
1651 1469 1963 1525 inscriptionem
1983 1479 2119 1511 nacto.

1387 1537 1476 1589 Ego
1495 1551 1593 1576 vero
1616 1536 1788 1578 audiens
1811 1546 1851 1578 te
1871 1552 1921 1578 ex
1940 1537 2064 1592 hujus
2085 1539 2160 1579 aevi
2180 1540 2344 1593 regibus

1387 1605 1520 1644 solum
1539 1606 1695 1658 regiam
1714 1605 1931 1646 ostendere
1949 1606 2245 1660 benignitatem
2261 1639 2272 1658 ,

1386 1673 1615 1728 perieulum
1637 1674 1774 1729 cupivi
1793 1675 1879 1729 ipse
1897 1688 1972 1729 per
1990 1689 2056 1715 me
2075 1674 2221 1726 facere,

1387 1750 1426 1782 et
1445 1741 1584 1782 adesse
1598 1774 1608 1791 ,
1631 1751 1670 1783 et
1690 1743 1792 1798 quid
1812 1744 1863 1784 sit
1882 1758 1955 1784 rex
1973 1743 2135 1794 videre,

1386 1819 1434 1850 ut
1453 1811 1538 1865 ipse
1561 1810 1648 1851 aliis
1670 1825 1813 1852 rursus
1831 1813 2022 1852 nuntiare
2042 1814 2211 1867 possim.

1387 1882 1610 1935 Propterea
1630 1889 1766 1935 coepto
1784 1895 1878 1921 meo
1901 1881 2180 1922 consiliarium
2204 1882 2302 1936 elegi

1388 1964 1484 1990 eum
1503 1951 1576 2005 qui
1602 1950 1772 1991 feliciter
1790 1952 1912 1992 etiam
1931 1953 2038 2007 patri
2060 1960 2133 1991 tuo

1386 2034 1560 2073 regnum
1579 2022 1790 2062 constituit
1808 2021 1906 2062 olim
1920 2053 1932 2072 ,
1954 2030 2000 2062 ut
2018 2022 2229 2073 audimus,

1387 2090 1542 2144 quique
1565 2090 1676 2145 apud
1699 2099 1761 2142 te,
1787 2106 1876 2142 rex,
1901 2107 1996 2132 vere
2018 2092 2247 2132 honoratur

1385 2172 1460 2213 per
1478 2159 1632 2208 omnia,
1658 2159 1890 2213 Apollinem
1914 2159 2290 2215 dicohDidymaeum
2304 2192 2314 2211 ‚

1387 2229 1459 2282 qui
1479 2236 1520 2269 et
1540 2236 1649 2269 vates
1668 2229 1790 2269 simul
1808 2230 1849 2270 e't
1865 2231 2079 2270 Musarum
2098 2245 2245 2285 praeses
2263 2240 2339 2272 est.

1389 2298 1481 2338 Hoc
1503 2298 1628 2350 igitur
1646 2299 1824 2338 maxime
1846 2297 1929 2338 sere
1942 2297 2028 2352 jam
2046 2314 2261 2353 persuasus
2274 2331 2286 2350 ,

1387 2364 1440 2404 ad
1459 2373 1572 2405 tuam
1594 2366 1739 2419 utique
1757 2365 1900 2415 venio,
1927 2380 2051 2419 quam
2070 2381 2333 2407 communem
2352 2367 2435 2408 fere

1386 2425 1599 2472 literarum
1618 2431 1812 2472 studiosis
1830 2431 2065 2486 designasti,
2090 2433 2279 2475 domum.

1386 2502 1499 2541 Deus
1522 2509 1660 2541 autem
1681 2509 1863 2556 coeptum
1880 2515 2020 2541 meum
2042 2500 2231 2556 adjuvet!

1391 2570 1426 2608 E
1446 2569 1596 2623 sparsis
1615 2569 1726 2609 enim
1746 2569 2026 2624 complurium
2050 2569 2230 2610 historiis

1386 2639 1430 2678 in
1449 2638 1629 2692 epitome
1646 2638 1723 2678 tibi
1745 2639 1888 2693 scripsi
1908 2638 2087 2679 colonias

1388 2709 1649 2762 originesque
1668 2707 1859 2758 urbium,
1882 2716 1923 2748 et
1939 2709 2065 2749 totius
2084 2708 2166 2749 fere
2185 2717 2302 2750 terrae

1388 2793 1647 2833 quaecunque
1664 2780 1760 2819 navi
1779 2786 1819 2819 et
1840 2778 1977 2818 itineri
1995 2787 2137 2834 patent
2155 2778 2257 2819 loca.

1387 2848 1551 2887 Horum
1572 2854 1709 2887 autem
1727 2860 1818 2901 quae
1837 2845 1944 2887 clara
1962 2855 2059 2887 sunt
2077 2855 2117 2887 et
2134 2855 2232 2887 nota
2245 2878 2257 2897 ,

1388 2915 1626 2956 summatim
1650 2915 1896 2955 contrahens
1915 2929 2143 2970 exponam3

1389 2999 1480 3039 quae
1499 2999 1598 3026 vero
1617 2992 1715 3026 sunt
1733 2999 1819 3025 non
1842 2984 2059 3026 manifeste
2078 2987 2239 3039 cognita
2254 3018 2263 3036 ‚

1387 3054 1644 3109 particularis
1661 3055 1750 3096 haee
1768 3054 2001 3109 explanabit
2022 3069 2156 3094 sermo
2184 3070 2193 3096 :

1388 3122 1492 3164 adeo
1513 3131 1561 3164 ut
1582 3123 1725 3173 totius,
1746 3137 1818 3163 rex
1831 3153 1843 3173 ,
1869 3122 1980 3163 orbis
2003 3130 2205 3162 terrarum

1387 3191 1538 3232 habeas
1557 3191 1874 3245 descriptionem
1897 3190 2142 3238 breviatam,

1389 3259 1610 3299 fluminum
1629 3272 1873 3311 magnorum
1892 3258 2160 3312 proprietates
2179 3264 2218 3296 et
2235 3271 2376 3297 cursus
2390 3288 2400 3308 ‚

1391 3418 1435 3456 in
1457 3416 1551 3457 sede
1562 3416 1650 3471 pari
1666 3415 1876 3463 vitaretur,
1898 3412 1995 3453 κατὰ
2009 3413 2130 3468 λόγον
2147 3413 2229 3464 ἥκω
2244 3413 2334 3468 πρὸς
2353 3415 2408 3457 σέ.
2429 3416 2484 3455 At
2498 3417 2622 3459 verba

1393 3477 1485 3532 πρὸς
1520 3476 1560 3517 σὲ
1581 3475 1692 3517 haud
1712 3475 1837 3515 dubie
1866 3489 1915 3514 eo
1937 3474 2043 3524 loco,
2068 3474 2141 3514 ubi
2176 3475 2219 3514 in
2242 3473 2383 3515 codice
2412 3474 2618 3529 leguntur,

1393 3538 1663 3594 relinquenda
1677 3546 1787 3578 sunt.
1804 3539 1964 3577 Vereor
1981 3552 2034 3577 ne
2048 3536 2182 3577 verbis
2204 3535 2302 3578 κατὰ
2320 3536 2457 3592 λόγον,
2470 3536 2621 3593 jejunis

1395 3618 1490 3643 sane
1511 3603 1602 3652 illis,
1626 3601 1820 3641 inhaereat
1835 3598 2000 3640 menda.
2031 3601 2218 3640 Fortasse
2239 3608 2325 3640 erat
2341 3599 2432 3655 πρὸς
2457 3599 2497 3640 σὲ
2525 3600 2622 3642 κατὰ

1391 3666 1526 3720 λόγιον
1549 3659 1638 3715 ἧκα.
1668 3665 1730 3704 De
1748 3677 1788 3704 v.
1809 3662 2003 3704 πείθεσθαι
2023 3662 2203 3716 genitivo
2229 3660 2375 3718 juncto
2392 3662 2621 3704 Meinekius

1393 3726 1568 3767 conferri
1581 3724 1701 3780 jubet
1712 3723 1914 3765 Herodot.
1931 3726 1967 3775 Ι,
1994 3729 2087 3766 126.
2109 3724 2225 3766 Idem
2241 3733 2381 3766 monet
2395 3723 2620 3779 perfectum

1393 3785 1468 3840 ἧκα
1482 3820 1492 3839 ,
1515 3787 1566 3828 de
1584 3801 1667 3842 quo
1689 3801 1730 3829 v.
1761 3786 1943 3828 Lobeck.
1965 3786 2018 3828 ad
2039 3787 2196 3842 Phryn.
2219 3802 2263 3843 p.
2290 3790 2385 3841 741,
2406 3800 2429 3826 a
2455 3787 2619 3840 Seymni

1394 3866 1471 3891 usu
1488 3865 1573 3890 non
1592 3850 1721 3904 magis
1749 3849 1928 3890 alienum
1950 3848 2081 3890 videri
2109 3850 2272 3900 debere,
2292 3862 2415 3902 quam
2445 3847 2619 3887 formam

1393 3913 1685 3955 hellenistieam
1715 3911 1900 3967 ἔσχοσαν,
1926 3926 2007 3967 qua
2025 3926 2122 3952 usus
2151 3913 2202 3952 sit
2220 3926 2260 3952 v.
2293 3909 2388 3964 695.
2418 3910 2432 3962 ΙΙ
2465 3933 2521 3939 -
2547 3910 2615 3950 63.

1393 3974 1520 4016 εστὶάν
1537 3974 1631 4016 eod.
1654 3974 1671 4029 ll
1690 3999 1746 4006 —
1761 3977 1827 4024 64.
1847 3974 2095 4029 συναιφάψετο
2110 3972 2203 4014 cod.
2229 3973 2244 4027 [l
2263 3996 2319 4003 —
2333 3970 2400 4012 65.
2414 3973 2462 4026 τῇ
2476 3972 2526 4026 σῇ
2542 3984 2619 4025 pro

1391 4038 1487 4078 τισίν
1508 4036 1602 4078 cod.
2334 4063 2338 4066 <
