2782 4348
466 0 515 52 0
775 45 778 47 Α

680 81 726 127 0
839 113 852 121 .

138 156 159 196 1
171 155 226 195 12

141 246 272 296 πολλὰ
286 246 436 295 στάδια
451 224 680 302 τῆραῦτόθι
695 242 902 306 παραλίας
917 237 1174 299 ἕκκέχυνται.
1217 239 1378 298 Οὐμμ-

134 321 207 364 οῦν
226 317 303 363 οὗκ
321 317 367 362 ἔκ
394 315 541 362 τούτου
563 311 744 375 Ἐρυθρὰ
760 309 983 364 κέκληται·
1001 307 1038 351 εἰ
1061 304 1142 368 γὰρ
1159 305 1233 351 καὶ
1254 308 1278 352 ὀ
1293 324 1375 352 πα.

140 386 321 450 ράπλους
347 384 423 446 μέν
456 386 544 430 ἔστι
566 381 701 432 στενὸς
715 414 729 435 ,
753 381 834 424 τῶν
851 378 894 423 δὲ
922 374 1061 438 λόφων
1086 373 1159 421 καὶ
1177 377 1297 422 θινῶν
1313 376 1376 439 ἔφ’

139 454 316 517 ίκάτερα
342 458 414 500 τοῦ
437 452 592 499 κόλπου
616 446 768 499 παντὸς
787 442 1094 511 ὑπερκειμένων
1111 445 1139 500 ἡ
1165 442 1377 491 πίπτουσα

96 539 120 569 s
140 523 241 569 παο’
273 519 515 583 ἀμφοτέρων
537 519 593 569 εἰς
614 515 684 561 τὸν
714 513 841 576 πόρον
864 515 955 560 τῶν,
978 511 1161 575 ἠπείρων
1195 511 1303 574 αὖγὴ
1325 516 1378 574 τῇ

138 570 279 655 χέρσω
312 592 527 651 παρεγγυᾷ
550 583 623 639 τὴν
651 581 860 628 θάλατταν
883 579 1057 643 ὁμοίαν,
1081 583 1154 637 τῆς
1176 578 1251 641 μὶν
1269 581 1381 636 ἰδέας

139 637 266 705 πᾶσιν
290 654 520 719 ὁρωμένης,
539 656 609 698 τοῦ
629 650 672 697 δὲ
695 649 851 700 πάθους
866 650 913 696 οὗ
931 655 1038 695 πᾶσι
1061 650 1379 710 γινωσκομένου,

139 729 232 773 ἀλλ’
250 718 319 770 οὖν
342 725 388 769 οὔ
408 720 475 767 διὰ
497 719 617 766 τοῦτό
638 737 742 783 φησι
763 718 839 775 τὴν
870 719 1018 775 κλῆσιν
1037 717 1181 764 λαὸεἷν
1208 717 1284 774 τὴν
1303 720 1379 766 θά·

137 797 291 842 λατταν
307 828 320 848 ,
355 793 391 837 εἰ
412 791 484 837 καὶ
516 791 602 836 τῶν
616 789 697 853 πρὸ
732 790 859 836 αὐτοῦ
885 791 1008 835 τοῦτο
1029 789 1199 840 πολλοῖς
1226 787 1377 842 ἔδοξεν.

70 881 113 911 ιο
198 879 232 910 a.
267 860 392 910 Οὕτω
407 861 483 921 μὲν
503 852 571 905 οὖν
590 862 612 904 ὁ
641 860 801 921 πρῶτος
821 860 856 904 εἰ
875 858 946 903 καὶ
967 855 1026 917 μὴ
1045 855 1199 912 ἀληθὴς
1220 859 1293 912 τῆς
1313 858 1376 902 αἶ·

136 932 223 985 τίας
244 932 376 992 λόγος·
394 929 579 992 δεύτερος
603 927 645 974 δὲ
658 963 670 983 ,
688 926 839 987 ὁμοίως
860 926 970 988 ἔχων
983 962 996 982 ,
1018 924 1087 971 τὸν
1103 924 1220 981 ἥλιον
1249 924 1383 972 ἐκεῖσέ

136 1019 260 1066 φησιν
287 1000 555 1047 ἔπιτέλλοντα
597 999 675 1059 οὔχ
704 999 760 1048 ὡς
790 996 891 1058 παρ’
919 999 1019 1055 ἡμῖν
1050 997 1264 1058 λαμπραῖς
1292 996 1382 1046 ταῖς

137 1074 299 1117 ἀκτῖσιν
318 1071 374 1122 εἰς
391 1069 456 1116 τὸν
477 1068 603 1131 πόρον
619 1066 787 1129 βάλλειν
801 1100 813 1123 ,
831 1064 939 1111 ἀλλὰ
955 1063 1201 1126 παρομοίαις
1217 1062 1381 1124 αἵματι,

137 1139 178 1194 ἐξ
205 1132 261 1185 ὧν
280 1141 363 1190 τοῖς
381 1140 528 1200 δρῶσιν
553 1135 731 1200 ὕφαιμον
747 1136 1079 1198 παρασκευάζειν
1097 1133 1143 1180 τὸ
1162 1132 1292 1185 πάθος
1306 1132 1381 1189 τὴν

70 1224 112 1255 {⁶
134 1212 207 1267 τῆς
229 1207 436 1265 θαλάττης
455 1206 654 1270 ἔμφασιν,
674 1208 861 1251 κάκεῖθεν
877 1202 1082 1267 Ἐρυθρὰν
1105 1202 1382 1263 κατονομάζε·

132 1282 244 1327 σθαι.

198 1363 238 1395 4.
273 1344 423 1408 Τρίτος
437 1343 480 1390 δέ
495 1347 605 1391 ἐστιν
622 1347 644 1390 ὃ
659 1341 891 1407 Ἀργολικὸς
911 1340 1029 1403 λόγος
1043 1379 1054 1399 ,
1072 1339 1113 1393 ὅς
1129 1342 1216 1387 ἐστι
1240 1341 1384 1403 (φησί)

140 1419 193 1479 τῇ
215 1413 289 1477 μὲν
317 1414 453 1475 τόλμῃ
475 1413 628 1475 μέγας,
654 1415 706 1472 τῇ
731 1413 767 1458 δ’
793 1410 996 1465 ἀποδείξει
1031 1411 1161 1464 κενός.
1227 1414 1283 1457 Οἱ
1307 1410 1386 1472 γὰρ

105 1479 109 1482 ’
140 1485 237 1549 περὶ
259 1484 423 1532 Δεινίαν
441 1482 642 1545 ἱστορικοί
664 1500 789 1547 φασιν
808 1517 821 1538 ,
844 1482 927 1527 ἀπὸ
949 1486 1022 1538 τῆς
1043 1485 1261 1537 ποιητικῆς
1284 1479 1388 1534 ἐξου·

82 1572 129 1604 20
146 1554 238 1607 σίας
253 1553 324 1600 καὶ
348 1552 466 1599 αὐτοὶ
483 1552 624 1598 ἄδειαν
652 1551 851 1604 λαὸόντες
865 1587 877 1608 ,
902 1550 943 1604 ἐξ
965 1549 1136 1613 Ἄργους
1159 1552 1215 1601 εὶς
1242 1551 1386 1597 Αἰθιο-

120 1613 247 1670 ’πίαν
279 1624 292 1683 (
317 1624 507 1669 ἐκαλεῖτο
536 1622 580 1667 δὲ
603 1621 695 1668 τότε
724 1620 953 1684 Κηφηνία)
978 1618 1288 1682 παραγεγονότα
1319 1619 1387 1665 ἐπὶ

141 1691 258 1738 λύσει
280 1695 352 1749 τῆς
383 1692 559 1755 Κηφέως
581 1690 778 1753 θυγατρὸς
795 1690 864 1736 τὸν
886 1688 1078 1753 Περσέα,
1100 1692 1251 1736 ἐκεῖθεν
1269 1688 1312 1735 δὲ
1336 1690 1390 1742 εἰς

147 1760 315 1823 Πέρσας
348 1759 637 1820 μεταστάντα,
663 1758 847 1821 Πέρσαις
873 1757 948 1819 μὲν
978 1758 1064 1805 ἀπό
1085 1776 1190 1811 τινος
1216 1761 1298 1805 τῶν
1321 1760 1390 1820 ἐγ-

54 1870 55 1873 ,
146 1830 276 1891 γόνων
303 1832 376 1886 τῆς
404 1829 589 1885 κλήσεως
613 1830 885 1890 μεταδοῦναι,
907 1827 1110 1891 Ἐρύθραν
1135 1827 1178 1889 δὲ
1197 1830 1391 1888 γεννῆσαι

79 1910 125 1942 2⁵
147 1899 252 1956 υἱὸν,
277 1899 348 1945 καὶ
367 1898 408 1952 ἐξ
427 1898 581 1945 ἐκείνου
602 1902 653 1962 τῇ
670 1897 856 1960 θαλάσσῃ
876 1897 953 1954 τὴν
971 1899 1117 1954 κλῆσιν
1137 1899 1387 1960 παρασχεῖν.
1447 1934 1454 1942 .

145 1971 342 2019 Τοιοῦτος
364 1966 439 2029 μὲν
462 1969 533 2014 καὶ
566 1971 588 2014 ὁ
613 1967 844 2032 Ἀργολικὸς
876 1967 970 2031 περὶ
993 1970 1065 2023 τῆς
1088 1966 1289 2031 Ἐρυθρᾶς
1317 1971 1389 2012 θα-

144 2037 304 2095 λάσσης
324 2038 593 2100 σχεδιασμός.

208 2125 247 2155 ο.
283 2108 492 2171 Τέταρτος
515 2107 558 2153 δὲ
592 2106 663 2153 καὶ
700 2106 856 2163 ἀληθής
878 2109 1010 2163 ἐστιν,
1030 2104 1075 2151 ὃν
1107 2103 1228 2157 αὐτὸς
1251 2104 1387 2164 μεμά·

138 2246 269 2288 Solin.
298 2261 336 2288 c.
370 2246 446 2297 36;
471 2247 553 2287 Dio
575 2246 739 2288 Cassius
762 2246 958 2295 LXVIII,
984 2247 1060 2295 28;
1086 2245 1389 2299 Agathemerus

143 2310 200 2359 11,
227 2322 271 2350 11
288 2325 299 2359 ς
319 2309 502 2350 Uranius
523 2308 597 2349 lib.
621 2310 664 2349 11
678 2307 954 2350 Arabicorum
980 2322 1048 2363 ap.
1066 2307 1209 2363 Steph.
1227 2309 1324 2363 Byz.
1348 2322 1387 2349 v.

150 2369 341 2426 Ἐρυθρά,
369 2370 441 2412 ubi
466 2384 476 2412 ε
514 2369 694 2426 Ἐρυθρά,
730 2369 754 2422 ἢ
786 2370 977 2421 θάλασσα,
1007 2369 1082 2412 ἀπὸ
1110 2368 1296 2426 Ἐρύθρου
1322 2373 1391 2411 τοῦ

144 2434 268 2489 ἥρωος
287 2433 300 2489 (
315 2432 390 2475 ἀπὸ
411 2432 600 2489 Ἐρῦθρου
618 2432 804 2488 βασιλέως
818 2433 1002 2481 πεσόντος
1016 2432 1101 2474 ἐκεῖ·
1114 2432 1179 2474 καὶ
1193 2433 1393 2488 πνιγέντος

145 2498 285 2552 Etym.
304 2498 365 2538 M.
390 2499 423 2551 ).
448 2495 635 2552 Οὗράνιος
658 2497 693 2537 ’δ’
715 2496 754 2538 ἐν
789 2495 992 2551 Ἆραὸικῶν
1021 2497 1178 2552 δευτέρᾳ
1206 2495 1281 2538 ἀπὸ
1314 2501 1390 2538 τῶν

141 2559 432 2614 παρακειμένων
468 2558 584 2614 ὀρῶν,
614 2559 639 2599 ἃ
673 2556 810 2614 ἐρυθρὰ
834 2559 966 2607 δεινῶς
993 2557 1067 2599 εἰσὶ
1089 2557 1154 2599 καὶ
1172 2558 1388 2614 πορφυρᾶ,

145 2621 210 2661 καὶ
228 2619 321 2671 ἐπὴν
340 2621 469 2679 βάλλῃ
486 2620 537 2670 εἰς
556 2620 653 2662 αὐτὰ
668 2621 690 2662 ό
707 2621 815 2673 ἥλιος
833 2618 903 2672 τὴν
921 2619 1061 2677 αὐγὴν,
1088 2622 1326 2676 καταπέμπει
1342 2621 1393 2670 εἰς

144 2680 216 2733 τὴν
243 2683 439 2723 θάλασσαν
462 2683 572 2724 σκιὰν
597 2682 777 2739 ἓρυθράν”
804 2682 870 2725 καὶ
897 2683 1034 2739 ὄμὸρῳ
1053 2681 1093 2723 δὲ
1115 2682 1394 2725 κατακλυσθέν-

143 2758 222 2785 των
246 2749 321 2785 τῶν
345 2744 463 2799 ὀρέων
487 2747 592 2787 κάτω
609 2747 804 2801 συρρέοντι
823 2744 875 2793 εἰς
894 2744 1108 2795 θάλασσαν,
1134 2744 1235 2785 οὕτω
1260 2746 1391 2801 γίγνε-

144 2821 209 2847 ται
240 2805 264 2858 ἢ
285 2806 460 2848 θάλασσα
482 2806 552 2859 τὴν
579 2809 719 2863 χροάν.
744 2807 901 2849 Eadem
921 2806 1163 2848 Eustathius
1184 2806 1237 2848 ad
1262 2809 1387 2849 Dion.

146 2869 200 2923 39
218 2876 259 2910 et
275 2870 412 2924 Etym.
430 2871 491 2910 M.
505 2883 548 2925 p.
569 2871 667 2924 379,
686 2872 727 2918 8,
745 2870 816 2924 qui
835 2867 988 2910 deinde
1002 2868 1030 2909 l.
1054 2882 1103 2909 ια
1122 2867 1260 2923 adjicit
1277 2869 1388 2910 hzcc:

151 2929 381 2987 Ἐρυθραῖον
398 2931 581 2986 πέλαγος,
601 2930 677 2972 ἀπὸ
704 2929 931 2986 Ἐρυθραίου
950 2930 1052 2978 τινὸς
1073 2930 1272 2984 βασιλέως·
1300 2930 1392 2972 ἀπο·

145 2994 329 3042 θανόντος
344 2993 419 3050 γὰρ
440 2993 572 3044 astos,
592 2993 745 3049 ἔρριψαν
762 2992 876 3034 αὑτὸν
895 2991 934 3033 ἐν
954 2996 1002 3048 τῇ
1018 2993 1209 3050 θαλάσσῃ,
1236 2991 1392 3049 ἐπιγρά-

142 3056 283 3112 ψαντες
308 3061 364 3115 τῷ
386 3058 515 3113 τάφῳ·
547 3075 565 3095 ι
594 3055 756 3099 Ἐνθάδε
780 3057 928 3111 ι’τάφος
961 3055 1054 3104 ἁλὸς
1075 3056 1395 3111 ι*ποιμμεδέοντος

152 3117 352 3176 Ἐρύθραν.
377 3137 394 3159 ι
417 3119 482 3162 Cf.
506 3120 719 3176 interpret.
738 3118 791 3161 ad
810 3117 968 3161 Herod.
987 3120 1064 3169 rV,
1086 3119 1154 3174 37.
1177 3120 1238 3160 Ex
1256 3133 1395 3161 recen·

146 3181 324 3224 tiorihus
342 3180 438 3223 vide
452 3179 624 3223 Relandi
637 3182 810 3223 Dissert.
829 3182 892 3222 De
909 3181 1012 3223 mari
1034 3179 1177 3223 Rubro
1194 3181 1235 3222 in
1253 3189 1355 3222 tom.
1374 3184 1393 3222 1

149 3245 322 3287 Dissert.
344 3243 586 3296 miscellan.;
613 3243 829 3286 D'Anville
852 3244 894 3285 in
914 3245 1040 3286 Me'm.
1063 3241 1114 3284 de
1133 3242 1299 3285 I'Acad.
1324 3242 1394 3284 des

150 3309 284 3349 Inscr.
303 3315 336 3349 t.
353 3307 536 3358 XXXV,
552 3321 597 3363 p.
614 3307 710 3362 590.
731 3305 920 3349 Gosselin
939 3305 1194 3356 Recheoehes,
1217 3313 1320 3348 tom.
1336 3307 1391 3357 11,

149 3383 192 3424 p.
230 3373 283 3424 76
319 3383 431 3426 sqq.;
459 3369 648 3412 Niebuhr
679 3368 980 3422 Beselereibung
1005 3366 1212 3411 Arabicus
1243 3381 1287 3425 p.
1312 3371 1393 3419 418

148 3438 191 3471 et
212 3444 297 3486 prae
315 3433 460 3474 ceteris
481 3431 646 3474 Fresnel
667 3432 709 3473 in
726 3430 888 3487 epistol.
909 3445 1005 3472 mss.
1024 3444 1091 3487 ap.
1110 3430 1244 3472 Ritter
1259 3429 1391 3473 Erdk.

151 3493 270 3542 xm,
295 3507 336 3548 p.
365 3495 463 3544 254.
489 3496 622 3537 Fuere
646 3496 718 3550 qui
744 3495 926 3537 Rubrum
957 3508 1069 3536 mare
1090 3492 1173 3536 dici
1200 3501 1394 3551 putarent

150 3566 229 3610 pro
253 3554 361 3595 mari
395 3555 546 3597 Edomt'
579 3557 606 3598 i.
640 3572 677 3598 e.
717 3555 873 3606 Rubri,
898 3556 1095 3613 quoniam
1118 3570 1142 3598 a
1170 3555 1395 3599 serioribus

150 3614 361 3657 nonnullis
382 3630 495 3658 mare
517 3617 745 3659 Idumaeum
772 3626 956 3659 vocatur.
982 3620 1119 3672 Quam
1152 3619 1394 3661 sententiam

145 3674 235 3732 jam
253 3675 446 3718 refutavit
464 3677 684 3720 Relandus.
711 3681 874 3722 Nomen
895 3679 1145 3722 Hebraicum
1168 3680 1396 3738 hmo-Supla

150 3738 240 3780 sive
257 3752 369 3780 mare
384 3739 495 3796 Suplz
517 3739 531 3795 (
548 3741 683 3782 Mosa
697 3743 754 3791 11,
781 3755 845 3791 10,
872 3755 920 3796 ¹9
938 3750 1017 3783 etc.
1037 3742 1069 3798 ),
1087 3743 1152 3783 cui
1174 3742 1397 3799 respondet

156 3799 392 3856 Egyptium
410 3798 559 3842 Phiom
576 3815 631 3842 em
650 3802 794 3842 Sclmri
813 3803 899 3843 sive
918 3818 1027 3844 mare
1048 3803 1193 3846 selum·
1214 3807 1229 3858 (
1246 3805 1397 3847 Cham-

155 3861 326 3918 pollion,
351 3855 668 3920 L’Egypecsous
688 3863 742 3905 les
759 3864 973 3924 Pharqmes
992 3874 1023 3907 t.
1044 3867 1079 3915 Ι,
1102 3880 1144 3921 p.
1171 3867 1217 3907 51
1239 3867 1272 3923 )‚
1290 3880 1396 3909 non-

156 3924 234 3965 nisi
253 3923 306 3966 ad
335 3925 530 3967 intimum
552 3925 666 3967 sinus
687 3925 851 3967 Arabici
887 3941 1089 3969 recessum
1107 3959 1118 3978 ,
1154 3943 1277 3984 quem
1301 3943 1395 3985 pcr-

158 3996 346 4030 mearunt
368 3986 518 4039 Judaei,
549 3988 810 4031 mser-endum
830 3997 907 4042 est,
931 3989 1103 4033 ductum
1124 4007 1181 4033 sc.
1211 4007 1233 4034 a
1254 3991 1393 4049 planta

1100 137 1178 183 Ex
1214 136 1711 188 AGATHARcmnE

2563 147 2685 210 (a)

1447 262 1640 303 eausam,
1657 252 1818 308 inquit,
1842 265 1956 295 mare
1981 252 2082 295 illud
2111 253 2339 310 Erythrum
2373 263 2568 308 vocatum
2589 272 2686 301 uam
2763 271 2765 274 ⁴

1446 317 1607 360 etiamsi
1625 319 1830 375 navigatio
1845 318 1936 362 illac
1959 320 2013 362 sit
2029 329 2216 375 angusta,
2242 330 2379 378 atquc,
2398 323 2619 367 verticibus
2645 333 2691 370 et
2756 343 2757 346 ¹

1449 384 1619 427 tumulis
1635 386 1830 429 universo
1844 387 2039 444 utrinque
2053 389 2162 430 sinui
2178 389 2530 446 impendentibus,
2554 391 2690 448 splen-
2760 394 2766 398 ”

1448 450 1529 493 dor
1535 466 1586 494 ex
1596 460 1772 510 utreque
1782 455 2022 498 continente
2032 456 2075 498 in
2086 455 2238 499 fretum
2251 456 2436 499 incidens
2448 473 2560 500 mare
2572 467 2689 503 terrae
2743 458 2760 517 'j

1449 520 1626 563 assimile
1640 534 1728 563 ωε
1742 520 1961 565 denuntiet
1974 554 1986 575 ,
2002 525 2138 581 specie
2159 524 2328 581 quidem
2346 526 2411 568 illa
2431 529 2472 568 in
2500 529 2689 571 omnium
2722 547 2743 578 ς

1450 589 1592 632 oculos
1610 590 1873 643 inem-mute,
1894 606 2018 635 eausa
2052 607 2151 636 vero
2172 594 2404 637 affectionis
2432 611 2517 638 non
2554 599 2689 640 omni·

1451 657 1528 699 bus
1555 658 1766 715 explorata
1790 671 1801 702 z
1823 674 1909 702 non
1937 668 2075 703 tamen
2093 670 2326 718 propterea,
2363 664 2513 719 inquit,
2539 680 2691 708 nomen
2738 684 2764 706 ·.

1451 726 1563 769 istud
1581 741 1695 770 mare
1708 737 1877 771 nactum
1892 743 1980 772 esse
1993 761 2005 782 ,
2022 730 2117 773 lioet
2131 732 2249 774 multi
2265 741 2361 774 ante
2381 734 2515 790 ipsum
2539 736 2594 777 ita
2610 737 2690 778 sint
2754 749 2767 782 ,⁴

1450 794 1627 850 opinati.

1508 863 1550 905 3.
1581 864 1680 906 Haec
1701 865 1827 919 igitur
1844 873 1906 907 est
1926 867 2062 922 prima
2082 870 2189 911 ratio
2202 900 2214 920 ‚
2238 872 2426 926 quamvis
2448 887 2471 913 a
2494 886 2592 914 vero
2609 871 2694 915 dis·

1451 950 1660 986 sentanea.
1721 942 1881 995 Altera,
1909 945 2083 1001 perinde
2113 962 2157 990 se
2189 949 2368 1000 habens.
2394 954 2520 995 solem
2557 962 2695 996 censet
2751 941 2758 949 '

1452 1025 1656 1067 orientem
1693 1023 1797 1076 illic,
1823 1039 1908 1067 non
1941 1034 1989 1068 ut
2020 1026 2132 1083 apud
2154 1043 2253 1080 nos.
2283 1030 2443 1075 lucidos
2478 1035 2521 1076 in
2545 1034 2695 1079 fretum

1453 1102 1591 1145 radios
1612 1102 1845 1156 dimittere,
1869 1104 1941 1147 sed
1961 1107 2100 1148 cruori
2123 1107 2333 1161 assimiles,
2354 1110 2467 1154 unde
2481 1123 2694 1157 cruentam

1455 1183 1578 1224 maris
1596 1184 1774 1240 speciem
1793 1183 1944 1226 efficiat
1961 1186 2218 1229 intuentibus
2232 1188 2321 1231 haec
2336 1189 2521 1244 affectio,
2541 1203 2583 1236 et
2600 1194 2698 1237 hinc.

1454 1262 1624 1319 Erythri
1640 1264 1726 1305 sive
1742 1263 1874 1306 Rubri
1898 1266 2024 1307 maris
2049 1267 2362 1323 appellationem
2381 1271 2589 1315 exsistere.
2776 1244 2782 1264 ⁴

1512 1346 1553 1394 4.
1582 1344 1748 1386 Tertius
1775 1359 1913 1387 sermo
1940 1346 2156 1402 Argolicus
2172 1358 2248 1401 est,
2269 1364 2373 1393 ausu
2391 1352 2559 1408 quidem
2580 1356 2597 1409 (
2614 1356 2698 1414 ait)
2778 1346 2782 1378 ’-

1456 1433 1651 1474 magnus,
1672 1419 1744 1461 sed
1781 1434 1980 1477 persuasu
2001 1423 2150 1464 inanis.
2210 1425 2316 1467 Nam
2335 1427 2407 1481 qui
2441 1428 2608 1470 Diniam
2638 1443 2699 1471 se-

1457 1502 1622 1537 ctantur
1631 1494 1833 1547 historici,
1858 1511 1909 1538 ex
1927 1505 2143 1553 poetarum
2163 1498 2326 1542 licentia
2340 1502 2464 1543 etiam
2485 1503 2561 1559 ipsi
2584 1518 2700 1547 secu·

1457 1571 1621 1612 ritatem
1644 1571 1779 1622 nacti,
1804 1571 2026 1627 perbibent
2043 1587 2094 1615 ex
2109 1574 2231 1629 Argis
2250 1575 2292 1616 iu
2315 1576 2566 1634 AEthiopiam
2582 1581 2703 1636 (quae
2748 1574 2763 1627 -s

1458 1647 1678 1705 Cepheniae
1696 1656 1797 1690 tunc
1811 1648 1989 1691 babebat
2003 1653 2185 1706 nomen)
2204 1654 2399 1695 Perseum
2417 1653 2470 1696 ad
2489 1654 2614 1697 filiam
2628 1656 2703 1698 Ce-
2753 1676 2759 1687 2

1458 1723 1555 1780 pbei
1574 1722 1829 1765 liberandam
1855 1723 2087 1780 profectum
2103 1756 2115 1776 ,
2147 1734 2187 1767 et
2215 1726 2312 1768 inde
2334 1727 2386 1769 ad
2406 1730 2548 1771 Persas
2571 1737 2703 1772 trans-
2762 1755 2763 1758 =

1461 1811 1666 1851 gressum,
1699 1814 1852 1842 nomen
1874 1800 1955 1842 hoc
1983 1816 2007 1843 a
2025 1801 2205 1844 filiorum
2231 1805 2428 1860 quopiam
2449 1820 2545 1848 cum
2571 1808 2705 1850 Persis

1460 1875 1787 1917 communicasse
1806 1889 1815 1917 :
1837 1876 1991 1918 scilicet
2008 1886 2224 1933 procreato
2244 1880 2422 1935 Erythra
2439 1881 2539 1933 filio,
2556 1882 2610 1924 ab
2624 1882 2705 1925 hoc
2723 1880 2725 1883 ⁴

1460 1965 1616 1993 nomen
1647 1953 1749 1993 mari
1791 1951 2003 1994 indidisse.
2062 1953 2172 1994 Talis
2210 1955 2335 2008 igitur
2362 1956 2483 1997 etiam
2516 1956 2705 2011 Argolica

1459 2036 1520 2069 est
1541 2027 1594 2069 de
1616 2028 1831 2084 Erythraeo
1850 2030 1953 2070 mari
1976 2029 2205 2071 hariolatio.

1522 2103 1562 2144 5.
1597 2105 1756 2156 Quarta
1772 2112 1910 2145 autem
1926 2118 2056 2160 eaque
2071 2118 2165 2146 vera
2177 2106 2235 2146 rei
2252 2107 2356 2147 ratio
2378 2116 2454 2158 cst,
2476 2122 2600 2163 quam
2622 2110 2707 2164 ipse

1472 2236 1529 2278 ibi
1554 2245 1771 2286 nascente,
1804 2251 1928 2292 quam
1959 2238 2137 2293 speciem
2159 2238 2361 2293 κυπείρου,
2389 2254 2575 2298 cyperum
2594 2242 2707 2285 divi·

1465 2309 1559 2348 tem,
1582 2314 1684 2350 esse,
1702 2299 1942 2340 etiamnunc
1960 2300 2002 2340 in
2021 2314 2095 2341 ora
2112 2313 2243 2356 prope
2268 2304 2349 2343 Tor
2361 2301 2505 2358 oppid.
2523 2302 2705 2355 obviam,

1464 2361 1587 2403 docet
1610 2361 1791 2404 Fresnel.
1816 2361 1944 2415 Quod
1967 2363 2248 2419 Hieronymus
2281 2367 2343 2405 De
2370 2364 2576 2420 qualitate
2597 2381 2702 2409 mar.

1464 2425 1577 2479 rubr.
1596 2439 1639 2481 p.
1656 2426 1709 2475 48
1724 2432 1842 2481 putat
1856 2424 2046 2467 Rubrum
2062 2439 2176 2467 mare
2191 2425 2273 2468 dici
2291 2441 2315 2468 a
2327 2425 2466 2483 planta
2480 2428 2602 2486 suph,
2616 2443 2708 2486 quae

1463 2486 1612 2529 efficiat
1628 2495 1674 2529 ut
1689 2487 1815 2529 rubra
1828 2501 1935 2543 aqua
1949 2501 2036 2529 esse
2052 2486 2256 2540 videatur,
2275 2488 2506 2532 Fresnelius
2522 2489 2707 2547 rejicien-

1463 2548 1565 2591 dum
1584 2558 1748 2601 censet;
1773 2563 1870 2591 nam
1888 2550 2048 2592 etiamsi
2069 2549 2131 2591 vel
2150 2564 2274 2593 arena
2290 2551 2463 2593 rutilans
2478 2551 2541 2594 vel
2558 2552 2707 2609 plnntae
2779 2551 2782 2581 ⁵

1463 2613 1633 2653 marinae
1651 2613 1694 2653 in
1718 2611 1930 2654 nonnullis
1944 2611 2043 2654 locis
2059 2611 2137 2654 tale
2155 2611 2257 2667 quid
2271 2612 2467 2665 efficiant,
2495 2612 2605 2657 idem
2621 2630 2705 2659 non

1462 2676 1596 2716 rarius
1611 2675 1700 2716 aliis
1720 2675 1762 2716 in
1782 2675 1965 2717 maribus
1977 2688 2208 2716 occurrere.
2231 2677 2325 2731 Ipse
2339 2674 2519 2732 denique
2535 2679 2706 2722 Fresne·
2772 2677 2782 2718 7'

1461 2736 1540 2778 lius
1563 2751 1715 2779 nomen
1746 2738 1870 2779 maris
1905 2738 1962 2778 ita
1985 2738 2295 2793 interpretatur,
2322 2746 2367 2780 ut
2398 2739 2452 2781 sit
2473 2754 2586 2783 mare
2622 2743 2708 2785 Ho-
2766 2762 2767 2766 ¹

1463 2801 1730 2850 meritarum,
1757 2813 1862 2855 quos
1897 2800 2032 2842 Graeci
2065 2797 2277 2851 dixerunt,
2304 2801 2332 2842 i.
2365 2815 2402 2843 e.
2440 2802 2614 2860 Ht'mjar
2644 2805 2707 2848 vel
2760 2824 2762 2827 ’

1462 2861 1688 2917 Hleomayr,
1714 2874 1787 2902 seu
1824 2860 2083 2910 Balarorum,-
2107 2875 2202 2902 nam
2226 2863 2358 2915 gentis
2394 2862 2519 2920 hujus
2553 2880 2705 2910 nomen
2758 2859 2767 2866 ¹

1462 2932 1504 2965 ct
1523 2923 1734 2966 arabicum
1766 2923 2013 2966 vocabulum
2044 2923 2230 2966 amemur.
2250 2925 2486 2984 (rubrum)
2522 2926 2706 2983 ejusdem

1463 3000 1550 3027 csse
1569 2985 1733 3028 radicis.
1753 2987 1838 3028 Isto
1859 2986 2085 3028 Rubmrum
2117 2988 2287 3028 nomine
2308 2988 2489 3031 nobilem
2510 2989 2707 3046 Himjttri·

1464 3056 1599 3089 tarum
1632 3049 1718 3090 sive
1743 3048 1981 3090 Saba-orum
2005 3049 2175 3105 stirpem
2211 3064 2235 3091 a
2258 3050 2385 3103 nigris
2419 3051 2610 3105 gentihus
2645 3052 2707 3095 di·
2740 3096 2750 3103 ‚

1463 3111 1637 3165 stingui3
1658 3125 1832 3167 eamque
1851 3113 1987 3166 prisco
2007 3126 2094 3154 aevo
2112 3121 2153 3154 et
2171 3113 2371 3154 orientale
2391 3122 2431 3155 et
2454 3113 2709 3158 occidentale

1465 3188 1541 3215 nec
1581 3188 1665 3215 non
1711 3173 1981 3216 mcridionale
2021 3174 2183 3217 Arahiae
2222 3175 2317 3217 litus
2351 3185 2474 3232 atque
2514 3176 2706 3233 objacen-

1465 3243 1546 3277 tem
1574 3236 1789 3292 AEthiopiae
1821 3251 1937 3278 oram
1969 3237 2162 3279 tenuisse.
2188 3237 2254 3280 Ab
2290 3237 2433 3280 iisdem
2458 3240 2543 3281 oris
2575 3253 2705 3296 quum

1465 3297 1631 3340 oriundi
1651 3299 1733 3340 sint
1751 3298 1980 3349 Phoenicoe,
2000 3300 2172 3355 φοίνικας
2187 3331 2198 3350 ,
2218 3300 2245 3342 i.
2265 3316 2302 3342 c.
2319 3301 2497 3358 punicas
2511 3302 2596 3344 sive
2601 3316 2707 3360 pm*-

1459 3374 1631 3417 pur-cos,
1657 3375 1680 3402 a
1702 3361 1858 3403 Graecis
1889 3360 2022 3404 dictos
2051 3377 2153 3405 csse.
2185 3364 2201 3418 ΙΙ
2226 3386 2283 3394 -
2306 3376 2343 3404 ι.
2376 3362 2513 3407 αὗτόθε
2535 3365 2583 3407 C.
2605 3366 2707 3408 Mox

1466 3443 1544 3486 pro
1562 3427 1722 3485 ίκάτερα
1742 3428 1851 3472 idem
1872 3430 1995 3472 habet
2015 3430 2206 3487 ἑκατέρας.

1522 3493 1603 3546 53,
1629 3492 1701 3534 lin.
1731 3506 1794 3534 11.
1823 3493 1999 3550 δεύτερον
2022 3497 2074 3537 Α.
2099 3493 2261 3537 Deinde
2278 3495 2391 3551 φασίν
2415 3510 2508 3550 vgo.

1522 3557 1545 3608 S
1574 3559 1617 3604 4,
1643 3554 1670 3596 Ι.
1702 3568 1766 3610 17.
1808 3554 2129 3613 Ἀργολικὸς]
2158 3557 2207 3609 C,
2242 3555 2500 3614 άργολογικδς
2531 3558 2575 3601 b.
2615 3559 2644 3602 Ι.
2666 3567 2707 3603 et
2740 3567 2742 3569 ’

1466 3616 1537 3658 lin.
1560 3620 1614 3658 26
1633 3619 1717 3659 ΑΒ.
1747 3619 1762 3671 ΙΙ
1783 3642 1839 3650 -
1861 3621 1926 3661 18.
1951 3619 1987 3660 δ’
2021 3618 2303 3676 ἀποδείξει]
2325 3620 2383 3671 C;
2401 3619 2442 3663 Bt
2456 3620 2547 3679 δόξῃ
2570 3622 2655 3666 ΑΒ.
2685 3623 2703 3678 ΙΙ

1464 3702 1522 3711 -
1559 3693 1624 3734 ¹9·
1653 3680 1852 3722 Δεινίαν
1874 3682 1887 3736 ]
1911 3680 2081 3724 κλεινίαν
2113 3680 2238 3724 codd.
2262 3690 2304 3724 ct
2321 3681 2459 3733 editt-3
2480 3685 2633 3727 mutavi
2656 3698 2708 3727 ex
2773 3681 2776 3684 ⁴

1465 3741 1630 3783 emend.
1651 3743 1843 3784 Reincsii.
1866 3745 1929 3786 De
1945 3745 2069 3787 Dinia
2089 3742 2320 3800 Ἀργυλικῶν
2340 3753 2507 3787 auctore
2529 3746 2612 3789 vid.
2634 3748 2703 3790 Fr.

1467 3805 1574 3846 nist.
1600 3813 1702 3847 tom.
1725 3807 1811 3854 111,
1833 3820 1875 3862 p.
1901 3809 1953 3857 24
1977 3821 2040 3863 sq.
2078 3807 2095 3862 11
2125 3830 2183 3839 -
2201 3808 2269 3849 23.
2302 3809 2543 3863 μεταστάντα
2573 3810 2643 3852 AB
2665 3816 2707 3851 et
2751 3818 2782 3854 s·

1468 3881 1608 3920 margo
1630 3870 1678 3918 C,
1700 3870 1769 3924 qui
1795 3870 1836 3910 in
1861 3878 1976 3911 textu
1993 3869 2116 3912 babet
2136 3869 2338 3925 vulgatam
2359 3869 2454 3927 μετὰ
2474 3874 2592 3912 ταῦτα
2610 3870 2629 3927 Β
2651 3861 2782 3911 -ῖῒ

1466 3931 1535 3971 23.
1563 3929 1732 3985 ἐκγόνων
1754 3933 1799 3972 Β.
1824 3932 1841 3986 ΙΙ
1861 3956 1917 3963 -
1933 3932 2002 3973 25.
2025 3931 2198 3989 θαλάττῃ
2215 3933 2264 3974 C.
2754 3930 2770 3970 5

1520 3994 1544 4045 S
1570 3995 1612 4045 5,
1637 3992 1663 4033 l.
1683 3996 1752 4036 28.
1776 3994 1910 4035 Voces
1941 3992 1981 4036 δὲ
2002 4002 2042 4035 et
2066 3992 2178 4042 αὐτὸς
2197 3993 2351 4036 omittit
2373 3992 2502 4036 codex
2526 3993 2572 4035 B.
2608 3993 2624 4045 ΙΙ
2648 4014 2703 4024 -
2753 4003 2775 4059 ’ἐ
