2808 4342
129 921 169 952 10

59 1260 167 1297 21⁶

491 44 541 95 Ο
807 92 810 94 ,

706 123 751 173 6

190 196 281 237 50⁸

254 304 333 336 att.
369 286 470 334 ’Ano
501 272 725 345 ffloesspou
759 285 815 333 εἰς
843 280 999 332 Σόλους
1019 278 1179 325 στάδιοι
1207 278 1243 324 τ’
1265 294 1276 304 ·
1311 279 1430 331 πόλις

191 356 302 404 ἐστὶν
324 354 530 413 ἀλίμενος.

252 437 331 468 ³1².
366 418 469 467 Ἀπὸ
495 417 639 466 Σόλων
674 418 730 468 εἰς
764 412 991 478 Κερύνειαν
1024 413 1183 460 στάδιοι
1205 413 1281 460 τν’·
1312 413 1430 467 πόλις

191 490 317 538 ἐστίν·
338 489 424 551 ἔχει
450 486 650 550 ὕφορμον.

254 574 331 606 ³1³.
363 556 463 603 'Am
486 554 709 619 Κερυνείας
730 555 786 606 εἷς
809 551 1007 602 Λάπαθον
1026 551 1195 622 στάδιοι
1208 551 1286 600 υν’.
1310 552 1430 605 πόλις

192 627 301 674 ἐστὶν
327 626 450 688 ἔχουσ
453 643 478 669 α
503 624 642 686 ὅρμον.

254 710 330 743 au.
366 693 466 738 Ἀπὸ
499 690 705 739 Λαπάθου
743 691 800 743 εἰς
840 689 1115 752 Καρπάσειαν
1153 689 1314 735 στάδιοι
1354 690 1427 733 τν’·

191 764 350 815 πόλις
332 761 455 808 εστίν·
479 759 567 823 ἔγει
587 758 740 822 λιμένα
765 766 926 824 μικροῖς
950 759 1124 814 πλοίοις·
1142 757 1332 823 χειμάζει
1355 762 1431 822 βο·

215 834 295 880 εὀυ.

191 852 213 895 ρ
252 916 332 949 315.
370 899 472 947 Ἀπὸ
492 899 765 964 Καρπασείας
786 898 855 946 ἐπι
873 898 927 944 τὰ
949 894 1082 961 Ἄκρα
1105 898 1264 944 στάδιοι
1289 896 1340 960 ρ’·
1367 898 1431 942 ἐν·

189 974 325 1016 τευθεν
358 968 594 1029 μετέὸημεν
617 970 671 1021 εἷς
700 969 747 1013 τὸ
770 967 1044 1031 Ἆνεμούριον.
1111 966 1166 1015 Ὁ
1196 973 1278 1018 πᾶς
1308 965 1432 1028 περί-

189 1041 314 1091 πλους
336 1056 408 1093 της
431 1037 601 1100 Κύπρου
626 1037 784 1083 στάδιοι
804 1037 907 1100 ‘nov'
910 1072 924 1084 .

251 1123 327 1155 810.
364 1106 466 1154 Ἀπὸ
498 1126 568 1153 του
605 1109 729 1152 αὐτοῦ
761 1109 997 1169 Κουριακοῧ
1032 1106 1087 1157 εἷς
1113 1104 1158 1150 τὸ
1192 1102 1429 1159 Πηλούσιον

189 1177 346 1223 στάδιοι
370 1176 461 1239 στ’.

251 1260 330 1293 ³1⁸1.
367 1244 469 1292 'Am
488 1246 531 1291 δὲ
551 1249 621 1292 τοῦ
648 1244 794 1292 Κιτίου
821 1247 893 1301 τῆς
915 1242 1087 1307 Κύπρου
1111 1245 1165 1295 είς
1189 1242 1429 1290 Ἀσκάλωνα

189 1314 347 1361 στάδιοι
367 1314 460 1377 γτ’.

190 1478 260 1530 et)
285 1476 416 1525 Solos,
439 1490 462 1516 a
481 1476 586 1518 sotis
607 1475 659 1518 ad
682 1477 901 1531 Ceryniam
924 1474 1144 1524 transilire,
1166 1472 1263 1514 inde
1286 1474 1437 1514 iterum

191 1540 342 1579 reverti
367 1537 420 1578 ad
439 1538 686 1593 Lapethum.
707 1562 764 1569 —-
779 1540 843 1579 De
858 1537 1044 1579 Melabro
1058 1535 1225 1577 aliunde
1237 1550 1321 1576 non
1340 1549 1438 1576 con-

191 1607 284 1641 stat.
310 1600 372 1641 Ne
391 1599 472 1641 hoc
486 1599 656 1655 quidem
676 1609 791 1642 certo
811 1600 955 1656 liquet,
982 1614 1035 1641 an
1053 1614 1078 1640 a
1096 1600 1324 1654 Crommyu
1343 1612 1437 1640 acra

190 1665 392 1704 orientem
408 1662 471 1704 vel
493 1677 684 1706 occasum
706 1678 847 1704 versus
861 1664 937 1704 sita
960 1662 1100 1704 suerits

245 1729 268 1779 S
291 1730 389 1769 311.
405 1724 489 1767 Soli
505 1725 575 1777 (ad
588 1723 631 1764 h.
649 1723 858 1780 Pendaia)
874 1741 897 1767 a
912 1727 1138 1781 Crommyu
1154 1739 1248 1766 acra
1267 1724 1345 1767 150
1356 1732 1436 1765 sta-

190 1786 259 1828 dia
277 1787 446 1837 distant,
470 1786 575 1829 adeo
594 1796 640 1828 ut
661 1789 694 1827 si
718 1802 917 1830 numerus
934 1792 967 1828 ν’
994 1792 1017 1840 5
1046 1789 1127 1829 3ιο
1154 1795 1263 1828 recte
1295 1787 1433 1836 habet,

189 1863 388 1891 numerus
410 1854 441 1889 τ’
463 1857 572 1890 recte
597 1849 749 1890 habere
768 1864 852 1891 non
871 1850 1014 1905 possit.
1036 1854 1145 1903 Lago
1162 1852 1203 1903 p!

249 1913 273 1963 S
296 1915 394 1954 312.
423 1910 452 1950 Κ
466 1925 482 1951 ε
496 1910 574 1965 ρύν
588 1925 604 1951 ε
617 1925 627 1950 ι
639 1925 692 1951 αν
708 1911 724 1966 ]
741 1911 956 1966 Κυρηναῖον
969 1910 1099 1951 codex
1114 1926 1125 1959 ;
1147 1909 1328 1964 Κερύνεια
1341 1910 1437 1965 80)·-

193 1972 257 2013 lax
276 1980 317 2014 et
331 1971 500 2028 plurimi
520 1970 683 2015 codices
712 1974 909 2029 Stephani
933 1975 1031 2028 Byz.
1053 1972 1243 2027 εΠηγαὶ..
1266 1971 1377 2019 πόλις
1396 1972 1435 2013 ἐν

193 2034 375 2090 Κερυνείᾳ
390 2037 458 2086 τῆς
472 2034 647 2089 Κύπρου,
669 2035 742 2076 ubi
767 2035 867 2077 olim
883 2034 1082 2077 edebatur
1101 2035 1283 2089 Κυρηνίᾳ.
1310 2034 1435 2076 Codi-

191 2111 258 2138 ces
280 2095 455 2138 Diodori
473 2098 591 2147 XIX,
613 2100 683 2139 62.
702 2112 755 2152 79
779 2110 789 2138 t
809 2098 989 2153 Κερανία,
1007 2097 1210 2152 Κεραυνία,
1232 2097 1432 2152 Κερυννία,

195 2158 379 2215 Κυρηνία,
406 2159 483 2201 ubi
506 2159 810 2213 Woeselingius
829 2160 992 2214 Κερυνία
1016 2158 1157 2209 dedit3
1182 2159 1371 2214 Κεραυνία
1395 2169 1437 2201 et

191 2220 364 2276 Κερωνία
386 2219 512 2263 codd.
540 2220 749 2262 Ptolemaei
785 2222 841 2271 V,
878 2221 944 2271 13,
982 2234 1025 2276 p.
1063 2221 1172 2272 3623
1209 2220 1360 2275 Κυρήνη
1392 2222 1442 2262 inv

188 2283 431 2325 Boissonad.
469 2282 631 2325 Anecd.
654 2282 732 2332 IV,
765 2294 808 2336 p.
850 2282 956 2332 3833
1002 2280 1190 2336 Κυρήνεια
1218 2281 1431 2323 Constant.

191 2346 346 2401 Porph.
367 2347 431 2386 De
457 2346 584 2386 them.
609 2347 646 2396 Ι,
681 2344 730 2385 15
746 2359 758 2395 3
786 2343 928 2385 Cer-nia
957 2344 1111 2398 Geogr.
1145 2345 1247 2385 Rav.
1278 2345 1335 2394 V,
1357 2358 1432 2394 20;

193 2407 354 2450 Cerinia
372 2408 476 2451 Tab.
502 2410 640 2459 Peut.;
672 2406 869 2462 Κορώνεια
900 2407 959 2448 St.
991 2406 1041 2447 B.
1066 2420 1100 2448 s.
1126 2420 1166 2448 v.
1198 2405 1323 2459 Quod
1352 2408 1434 2448 Pli-

190 2471 286 2512 nius
306 2471 363 2523 V,
385 2471 437 2512 35
466 2469 588 2526 juxta
603 2470 851 2512 Salaminem
882 2479 1087 2510 memorat
1111 2469 1319 2510 eorincum
1352 2470 1435 2511 huc

194 2547 278 2574 non
301 2535 523 2589 pertinere,
550 2532 623 2574 sed
650 2541 766 2574 vetus
788 2546 876 2574 esse
903 2531 1118 2575 Salaminis
1133 2546 1286 2575 nomen
1310 2533 1430 2586 (coll.

192 2596 236 2635 St
282 2596 332 2636 B.
367 2608 378 2637 ε
406 2595 591 2650 Κορώνη,
622 2596 741 2650 μοῖρα
762 2597 830 2646 τῆς
860 2593 1101 2650 Σαλαμῖνος.
1138 2594 1344 2651 Porphyr.
1371 2597 1435 2637 De

192 2656 341 2700 abstin.
360 2672 398 2698 c.
420 2670 430 2698 :
454 2657 492 2698 ἓν
510 2657 757 2712 Σαλαμῖνι...
780 2657 967 2713 πρότερον
983 2657 1024 2699 δὲ
1039 2657 1227 2712 Κορωνίδι
1242 2657 1433 2713 καλουμέ-
1444 2674 1446 2678 ·

193 2718 272 2775 νῃ)
303 2733 398 2759 cum
432 2718 649 2760 llarduino
681 2728 820 2761 censet
840 2722 1006 2761 Movers
1025 2719 1165 2761 Plaoen.
1210 2719 1345 2760 Colon.
1372 2722 1429 2770 11,

192 2793 235 2835 p.
260 2781 359 2822 223.
382 2782 473 2822 Hoc
494 2783 527 2822 si
561 2790 671 2822 recte
701 2790 893 2833 censent,
918 2781 1075 2823 Plinius
1100 2789 1284 2822 nostram
1306 2783 1431 2838 Cypri

193 2841 339 2883 urbem
355 2857 439 2884 non
460 2844 727 2893 memoravit,
743 2845 849 2885 sieut
865 2844 972 2885 nulla
988 2843 1075 2899 ejus
1095 2844 1251 2885 mentio
1266 2843 1311 2885 fit
1322 2844 1431 2900 apud

192 2903 454 2947 Strabonem.
477 2904 612 2946 Hodie
631 2906 812 2947 Gerines.

249 2970 389 3022 5313.
424 2967 512 3011 ’Λπὸ
548 2968 765 3024 Κυρηναίου
790 2968 936 3010 codex.
974 2970 990 3021 ΙΙ
1027 2991 1083 3000 —
1099 2970 1342 3024 Λάπαῦον]
1367 2971 1434 3011 sic

192 3031 316 3073 eliam
331 3031 479 3074 Strabo
496 3047 540 3089 p.
566 3033 649 3074 682
669 3044 679 3072 2
704 3031 881 3079 Λάπαθός
893 3030 972 3072 ἐστι
984 3030 1093 3078 πόλις
1105 3030 1272 3085 ὕφορμον
1289 3032 1433 3085 {Leuca

191 3092 259 3133 καὶ
286 3094 439 3149 νεώρια,
474 3094 670 3135 Λακώνων
705 3093 848 3148 κτίσμα
881 3093 946 3134 καὶ
969 3091 1235 3147 Πραξάνὸρου,
1273 3096 1356 3133 καθ’
1386 3098 1431 3145 ἣν

194 3154 377 3210 Νάγιὸος.
403 3156 529 3211 Apud
558 3154 734 3198 Diodor.
759 3156 877 3205 XIX,
898 3155 1108 3209 59,Ptin.,
1133 3154 1258 3205 Ptol„
1280 3158 1335 3195 St.
1364 3157 1430 3206 B.‚

194 3215 293 3257 alios
313 3225 485 3258 vooetur
504 3217 698 3270 Λάπηθος,
731 3216 846 3273 quod
869 3218 911 3258 in
930 3218 1096 3265 Λάπιθος
1116 3216 1216 3258 abiit
1245 3231 1313 3272 ap.
1338 3219 1433 3258 llic-

194 3278 294 3321 rocl.
315 3292 358 3334 p.
378 3283 474 3334 706,
491 3280 635 3323 const.
659 3280 815 3336 Porph.
840 3279 867 3323 Ι.
893 3279 940 3331 1.,
958 3279 1053 3321 alibi
1072 3278 1158 3335 (V.
1179 3278 1428 3333 wesseling.

110 3392 112 3394 v
193 3339 244 3380 ad
260 3341 439 3385 Hierocl.
454 3356 483 3398 p
515 3347 596 3399 706
613 3343 652 3398 );
672 3343 842 3396 Λήπηθις
855 3341 950 3385 cod.
968 3341 1143 3398 Scylac„
1157 3341 1228 3383 ubi
1245 3340 1329 3383 vid.
1342 3351 1427 3384 not.

192 3401 315 3443 Nunc
348 3402 554 3460 Lapithos
577 3418 650 3445 sen
682 3408 822 3462 Lapm
862 3419 885 3446 a
913 3406 1099 3459 Cerynea
1122 3403 1246 3444 distat
1275 3403 1328 3444 50
1349 3402 1433 3444 sere

192 3463 343 3514 stadia3
369 3464 545 3521 ideoque
566 3481 644 3523 pro
665 3466 722 3507 υν’
741 3466 959 3520 legendum
990 3469 1038 3507 ν’.
1062 3465 1305 3507 Ptolemaeus
1331 3479 1433 3521 pra·-

195 3531 258 3566 ter
270 3526 413 3568 urbem
427 3529 609 3581 Λάπηθον
631 3531 753 3571 etiam
774 3530 948 3571 fluvium
970 3529 1258 3584 cognominem
1281 3542 1434 3569 memo·

194 3594 273 3630 rat.
298 3587 541 3631 Adscribam
569 3590 706 3632 locum
737 3591 1063 3641 memorabilem,
1101 3604 1224 3646 quem
1246 3604 1298 3631 ex
1325 3596 1432 3645 Aga·

193 3647 372 3704 changeii
410 3653 715 3695 narrationibus
744 3654 930 3695 exhibuit
954 3653 1127 3697 Allatius
1156 3654 1197 3694 in
1218 3653 1431 3694 Dissertat.

195 3712 260 3753 De
281 3712 494 3767 Georgiis,
518 3728 566 3754 ex
590 3729 723 3770 eoque
739 3716 989 3758 Boissonade
1008 3717 1048 3757 in
1072 3715 1271 3758 Exlmils
1289 3724 1329 3756 ct
1350 3717 1433 3758 Νο-

195 3773 297 3816 u'ces
310 3773 381 3816 des
396 3789 495 3818 mss.
507 3774 612 3818 dela
633 3778 823 3820 biblioth.
844 3778 900 3819 dn
915 3779 1006 3829 Boi,
1022 3788 1121 3820 tom.
1141 3781 1181 3819 Χ
1180 3780 1234 3819 II
1235 3810 1246 3827 ,
1268 3776 1434 3819 seconde

194 3835 385 3893 parlicp.
407 3842 433 3880 6
449 3840 466 3891 (
486 3838 527 3879 in
544 3840 687 3880 notitia
706 3839 758 3880 de
773 3850 959 3895 poemate
974 3840 1296 3895 moraliGcorgii
1314 3840 1434 3896 Lapi-

196 3897 276 3938 the
311 3899 410 3952 (τοῦ
442 3902 627 3953 Λαπίθου,
650 3915 728 3957 pro
760 3906 829 3943 τοῦ
861 3905 964 3944 Λαπτ
963 3904 1057 3955 ,οίου
1077 3904 1138 3944 vel
1175 3901 1431 3958 Λαπηθίως),

195 3959 274 3999 viri
294 3961 428 4002 saecuti
448 3964 614 4018 XIV)·
633 3964 899 4020 Δευτεραῖοιές
922 3965 1109 4021 Κύπρον.
1091 3964 1159 4017 τὴν
1178 3969 1296 4019 νῆσον
1314 3964 1434 4018 κατή·

195 4019 404 4075 ‘Low-⁵²23
407 4024 477 4064 νΟα
509 4023 555 4076 δη
587 4026 650 4068 καὶ
685 4027 809 4069 πολὺν
831 4028 917 4069 διτα
919 4028 1035 4083 pigere
1060 4028 1243 4084 ἐγνώκειν
1272 4029 1431 4084 χρόνον,

1246 202 1248 205 -
1318 179 1607 228 ΑΝΟΝΥΜῙ

1554 287 1653 330 311.
1669 290 1720 331 A
1739 289 1925 331 Melabm
1945 288 2000 331 ad
2010 290 2145 347 Solet
2161 291 2293 335 stadia
2316 293 2414 335 300.
2438 293 2550 334 Urbs
2582 301 2645 335 at
2664 308 2733 338 ea·

1497 369 1593 397 rens
1610 363 1751 411 portu.
2750 362 2781 375 ”

1554 426 1652 467 312.
1685 428 1721 468 A
1746 425 1852 467 Solis
1881 424 1933 467 ad
1966 426 2195 482 omnem
2222 428 2355 472 stati·
2382 431 2479 475 350.
2538 429 2651 472 Urts
2674 437 2751 478 eet

1496 509 1592 536 cum
1615 496 1806 537 statione.

1554 563 1652 604 313
1683 566 1718 605 A
1742 563 1918 605 Germia
1943 562 1997 605 ad
2027 563 2260 620 Lapatbum
2288 564 2418 609 stadia
2442 566 2496 610 50
2517 566 2603 624 (ν’.)
2625 566 2738 611 Urbs

1496 639 1558 673 est
1577 630 1733 673 habens
1751 632 1984 673 stationem.

1554 699 1653 748 314.
1685 702 1721 742 A
1753 699 1939 756 Lapatbo
1973 699 2027 741 ad
2062 700 2298 757 Carpasiam
2326 699 2456 743 stadia
2508 702 2561 745 50
2598 701 2773 759 (μ’.)
2787 726 2791 727 ⁷

1496 768 1610 810 Urbs
1637 776 1698 810 est
1717 782 1813 810 cum
1836 777 1962 825 portu
1985 770 2122 826 panis
2147 771 2318 824 navigiis
2340 779 2453 826 apto
2513 772 2775 872 Exaspera-

1498 844 1567 878 tur
1587 850 1612 877 a
1633 835 1772 878 boten.
2774 836 2786 845 “

1556 904 1722 946 315.A
1745 904 1910 959 Carpas'
1903 919 1938 945 ιιι
1956 903 2009 945 ad
2033 908 2141 947 Aera
2162 906 2294 947 stadia
2325 905 2583 949 100.1nde
2605 914 2738 949 trans·
2757 895 2780 965 {t

1499 974 1624 1014 iimus
1642 971 1696 1014 ad
1718 973 2010 1015 Anemurium.
2070 973 2256 1029 Periplus
2288 982 2399 1016 totus
2420 975 2546 1030 Cypri
2574 982 2635 1016 est
2657 983 2738 1017 sta-

1500 1041 1669 1083 dimum
1691 1042 1799 1084 3250
1823 1043 1850 1098 (
1857 1057 1928 1096 γσν
1937 1041 1980 1097 ’).
2783 1034 2787 1038 Δ

1559 1110 1656 1151 3ι6.
1690 1108 1756 1151 Ab
1777 1107 1924 1150 eodem
1946 1108 2044 1150 Cui
2034 1123 2122 1150 iaco
2147 1122 2283 1165 prom.
2302 1107 2355 1150 ad
2376 1109 2584 1154 Pelusium
2605 1110 2736 1154 stadia

1502 1178 1648 1230 2300(
1663 1177 1725 1234 βτ
1731 1176 1771 1230 ’.)

1559 1255 1730 1308 317.A
1749 1253 1857 1294 Citio
1876 1253 1934 1296 Cv
1938 1252 2002 1308 pri
2024 1251 2077 1293 ad
2093 1223 2335 1294 Ascalonem
2359 1251 2489 1295 stadia
2507 1253 2633 1298 3300.

1504 1470 1569 1510 διά
1587 1485 1628 1511 τε
1650 1466 1778 1511 τᾶλλα
1798 1473 1874 1509 τῶν
1894 1459 1961 1520 τ’ἤς
1982 1467 2101 1519 νήσου
2123 1467 2253 1508 καλῶν
2273 1467 2337 1508 καὶ
2351 1467 2421 1519 τήν
2451 1482 2497 1523 γε
2514 1466 2678 1524 ἔννομόν
2699 1483 2742 1511 τε
2764 1476 2782 1508 ς

1504 1533 1571 1575 καὶ
1591 1530 1790 1588 φιλόξενον
1807 1531 2022 1582 πολιτείαν,
2046 1531 2112 1572 καὶ
2133 1530 2301 1586 μάλιστα
2321 1531 2475 1573 πάντων
2501 1529 2565 1572 διὰ
2584 1529 2655 1583 τὴν
2672 1534 2744 1573 τοῦ

1504 1597 1624 1650 σοφοῦ
1638 1592 1783 1635 ἐκείνου
1804 1593 1939 1648 ἀνδρὸς
1954 1592 2127 1648 ὁμιλίαν,
2149 1592 2340 1649 Γεώργιόν
2357 1608 2456 1650 φημι
2468 1592 2537 1635 τὸν
2549 1593 2739 1647 Λαπίθην,

1503 1654 1539 1713 ᾧ
1564 1656 1633 1698 οὐκ
1657 1655 1763 1704 εὖθὶις
1779 1655 1924 1704 ἀποὸὰς
1952 1659 2020 1707 τῆς
2042 1656 2118 1697 νεὼ
2105 1672 2135 1704 ις
2156 1654 2423 1710 ἐντετυγήκειν
2442 1654 2674 1712 αὖθήμερον·
2696 1655 2743 1698 οὗ

1502 1718 1579 1775 γὰρ
1595 1718 1760 1771 πλησίον
1780 1717 1865 1759 ἐκει
1882 1733 1955 1760 που
1977 1716 2048 1770 τὴν
2060 1716 2215 1770 οἴκησιν
2239 1715 2365 1772 εἶχεν,
2387 1716 2492 1758 ἀλλὰ
2509 1718 2618 1760 δυοῖν
2645 1716 2742 1774 ἡμί-

1503 1796 1588 1837 ραιν
1604 1784 1672 1822 τοῦ
1687 1781 1842 1836 λιμένος
1866 1779 1935 1822 ἀπε
1919 1780 2100 1836 ’γουσαν,
2123 1779 2202 1828 εἰς
2188 1795 2231 1821 ον
2253 1778 2367 1836 ἢμεις
2387 1783 2598 1833 τηνικαῦτα
2612 1778 2742 1824 tem-

1502 1843 1747 1898 πλεύκειμεν.
1766 1840 1903 1883 Ῥόδου
1921 1841 1988 1897 μὲν
2003 1841 2079 1921 γὰρ
2100 1841 2244 1894 ἐκείνης
2258 1845 2325 1893 τῆς
2344 1841 2463 1893 νήσου
2483 1843 2625 1897 μείζων
2634 1842 2743 1886 ἐστὶν

1501 1905 1527 1959 ἣ
1551 1905 1723 1962 Κύπρος,
1743 1904 1810 1946 καὶ
1828 1905 1910 1961 ἅμα
1921 1903 1965 1946 οὗ
1984 1919 2057 1946 κατ
2058 1903 2255 1956 ’,ἐκείνην
2278 1902 2368 1944 ἀλλ’
2390 1902 2558 1961 εύμήκης
2581 1903 2626 1947 τὸ
2648 1909 2745 1962 σχῆ-

1505 1983 1581 2024 μα·
1619 1967 1759 2025 μεταξὺ
1778 1968 1813 2008 δ
1843 1966 1959 2020 αυτῆς
1993 1966 2080 2022 ὄρος
2109 1966 2261 2018 ἑστήκει
2292 1963 2364 2018 τὴν
2387 1964 2555 2023 κορυφὴν
2583 1965 2636 2017 εἰς
2654 1967 2745 2025 ὕψος

1503 2030 1651 2086 ἀνάγον
1669 2030 1830 2087 μακρόν.
1859 2028 2062 2085 Ὄλυμπος
2082 2028 2260 2070 καλεῖται
2277 2027 2322 2069 τὸ
2338 2029 2449 2084 ὅρος,
2469 2027 2507 2078 ἕξ
2527 2024 2575 2071 οὗ
2589 2028 2655 2073 καὶ
2667 2045 2743 2085 πη-
2783 2046 2791 2074 ε

1502 2092 1573 2148 γαὶ
1593 2098 1778 2149 ποταμῶν
1798 2091 2056 2141 ἀναδλύζουσι
2074 2094 2199 2147 τρεῖς,
2218 2088 2273 2133 ὧν
2300 2090 2322 2132 ὁ
2350 2091 2491 2146 μείζων
2507 2091 2745 2149 καλούμενος

1502 2156 1535 2196 Λ
1547 2155 1608 2198 άπ
1620 2171 1631 2195 ι
1644 2156 1721 2205 οος
1736 2155 1884 2197 κάτεισι
1893 2155 2043 2210 τέμνων
2058 2154 2124 2196 καὶ
2134 2154 2339 2210 περιρρέων
2355 2151 2425 2206 τὴν
2436 2155 2632 2197 Λευκωσ
2643 2156 2741 2206 ίαν,

1502 2216 1646 2258 οὓτωσὶ
1666 2216 1910 2272 καλουμένην
1928 2218 2079 2271 χώραν,
2105 2215 2173 2257 καὶ
2197 2214 2402 2258 ἀποπτύων
2424 2214 2471 2258 τὸ
2497 2214 2650 2274 ῥεῖθρον
2668 2233 2743 2261 πα·
2778 2231 2782 2234 ·

1502 2278 1551 2334 ρὰ
1575 2277 1646 2331 τὴν
1668 2278 1704 2327 ἐς
1733 2278 1874 2334 ἄρκτον
1908 2278 2123 2334 βλέπουσαν
2152 2277 2366 2319 θάλασσαν.
2387 2277 2535 2320 Τούτου
2550 2278 2654 2336 ταρὰ
2675 2280 2746 2330 τὰς

1501 2342 1624 2397 ὄχθας
1648 2341 1784 2397 ἔτυχεν
1809 2341 1913 2398 ἔχων
1945 2340 2090 2390 ἐκεῖνος
2110 2338 2180 2393 τὴν
2204 2338 2377 2394 οἴκησιν·
2399 2339 2461 2382 διδ
2482 2340 2549 2383 καὶ
2576 2341 2745 2397 Λαπίθης

1504 2404 1548 2446 ἔκ
1568 2420 1615 2461 γε
1630 2409 1700 2447 τοῦ
1717 2407 1895 2461 ποταμοῦ
1916 2403 2030 2453 αὑτὸς
2044 2404 2247 2446 ὁπώσποτε
2268 2403 2584 2460 παρωνόμασται.

1558 2470 1581 2521 S
1612 2473 1710 2511 314.
1729 2467 1976 2523 Καρπασαίαν
1998 2475 2038 2508 et
2057 2469 2080 2520 S
2103 2466 2183 2508 315
2213 2465 2457 2521 Καρπασαίας
2474 2464 2628 2516 oodexg
2649 2465 2752 2524 Καρ·

1501 2531 1642 2574 πάσεια
1663 2530 1833 2604 Seylax,
1854 2538 1895 2572 et
1917 2530 2139 2586 Κραπάσεια
2154 2529 2274 2571 metri
2290 2541 2413 2571 causa
2426 2526 2605 2584 trajectis
2617 2527 2744 2572 literis
2792 2551 2801 2571 ·.v

1502 2595 1752 2651 Dionysius
1741 2609 1785 2636 m
1803 2595 2023 2636 Bassai-icis
2034 2607 2102 2649 ap.
2127 2594 2187 2634 St.
2211 2593 2260 2634 B.
2285 2606 2326 2633 v·
2346 2590 2571 2647 Καρπασία,
2590 2590 2746 2649 Καρπα-
2784 2591 2803 2639 ἐ

1502 2657 1566 2698 σία
1581 2657 1816 2699 Hellanicus
1831 2671 1899 2713 ap.
1916 2657 1977 2699 St.
1994 2658 2042 2697 Β.
2070 2670 2104 2696 s.
2125 2669 2184 2706 v.,
2208 2654 2356 2696 Strabo
2372 2662 2415 2696 et
2440 2653 2567 2705 Ptol.;
2589 2652 2745 2711 Καρπά-
2784 2642 2808 2693 ⁴2!

1502 2735 1586 2761 σιον
1609 2720 1780 2771 Plinius,
1805 2720 1862 2770 V,
1887 2718 1956 2768 35,
1966 2721 2002 2771 S
2025 2718 2124 2767 130;
2155 2717 2415 2759 Constantio.
2447 2717 2496 2758 Ρ.
2517 2716 2581 2758 De
2610 2716 2739 2760 them.

1500 2781 1528 2824 l.
1550 2781 1597 2833 1.,
1626 2790 1667 2823 et
1694 2781 1962 2838 probabiliter
1994 2778 2228 2828 Hierocles,
2265 2778 2335 2820 ubi
2366 2776 2497 2820 codex
2527 2777 2739 2834 Κάρπασιν.

1499 2845 1622 2886 Nunc
1643 2846 1835 2901 (at-pass.
1857 2844 1874 2898 ΙΙ
1895 2866 1953 2876 -
1970 2842 2087 2884 σταδ
2103 2873 2112 2883 .
2131 2841 2201 2883 τν’
2222 2842 2237 2897 ]
2262 2839 2359 2882 deb.
2378 2838 2441 2891 χν’
2443 2872 2454 2882 .
2487 2841 2506 2895 ΙΙ
2522 2843 2742 2899 --χειμά-
2790 2848 2793 2850 ’

1500 2909 1558 2955 ζει
1589 2907 1737 2963 βορέου.
1762 2905 1828 2948 01.
1858 2908 1881 2959 S
1904 2907 1984 2960 309
2006 2913 2095 2946 not.
2115 2905 2309 2946 Cetemm
2330 2904 2438 2944 inter
2463 2902 2684 2960 Ceryniam
2700 2913 2745 2948 et

1501 2970 1736 3025 Carpasium
1749 2967 1896 3010 mediae
1903 2968 2223 3017 erantMaearia,
2237 2964 2550 3022 Aphrodisium,
2561 2965 2746 3010 Achaeon

1500 3040 1605 3082 acte,
1630 3046 1679 3073 ex
1698 3031 1850 3087 quibus
1873 3030 2054 3073 Achaeon
2077 3037 2168 3071 acte
2187 3035 2440 3070 memoratur
2455 3029 2484 3082 S
2505 3029 2599 3070 186.

1560 3098 1583 3147 S
1603 3098 1699 3137 315.
1720 3094 1958 3136 ἐντεῦθεν
1983 3092 2279 3149 μετέὅημεν
2301 3090 2415 3146 κτλ.]
2434 3091 2532 3132 Hoee
2550 3090 2592 3131 in
2611 3093 2746 3135 nostri

1503 3154 1719 3196 Stadiasmi
1737 3155 2050 3196 adornationem
2067 3168 2151 3195 non
2162 3152 2332 3194 cadunt.
2348 3153 2365 3206 11
2380 3152 2564 3193 -στάδ
2579 3184 2588 3193 .
2609 3153 2740 3210 1αιενῚ
2782 3151 2783 3154 '

1502 3217 1711 3258 Numerus
1730 3216 1950 3271 quadraret
1968 3216 2051 3257 sere
2069 3217 2112 3257 in
2128 3213 2426 3268 longitudinem
2450 3228 2534 3256 orae
2551 3213 2741 3269 borealis,

1504 3292 1627 3333 quam
1644 3277 1933 3320 Artemidorus
1965 3276 2076 3334 apud
2096 3278 2275 3319 Plinium
2308 3278 2411 3319 1300
2424 3307 2436 3326 ,
2454 3276 2746 3322 'timosthenes
2763 3300 2765 3302 ·

1508 3343 1615 3382 1600
1638 3339 1866 3381 stadiorum
1902 3354 1989 3380 esse
2019 3339 2281 3381 tradiderunt
2298 3355 2309 3389 ;
2345 3337 2416 3380 sed
2449 3352 2579 3394 quum
2615 3340 2745 3384 totius

1505 3401 1645 3443 insutae
1661 3401 1862 3443 atnbitum
1887 3400 2071 3443 indicare
2090 3401 2266 3443 voluisse
2282 3409 2428 3443 auctor
2445 3400 2648 3453 videatur,
2663 3414 2750 3459 pto

1503 3462 1604 3520 ,ασν’
1618 3462 1883 3506 scribendum
1904 3463 2028 3506 suerit
2041 3463 2159 3522 ,γσν’.
2184 3463 2473 3506 Timosthenes
2490 3477 2557 3520 ap.
2574 3462 2680 3506 Ptin.
2695 3471 2763 3507 ez*

1503 3526 1651 3567 Strabo
1698 3536 1941 3583 computant
1987 3526 2118 3569 stadia
2155 3527 2286 3578 342⁰ss
2317 3524 2502 3567 Isidorus
2529 3538 2599 3582 ap.
2631 3524 2740 3569 Ptin.

1506 3589 1615 3631 3000
1628 3588 1774 3631 stadia.
2759 3618 2765 3624 ψ

1560 3654 1699 3705 5316.
1728 3652 1917 3708 Κυριακοΰ
1945 3651 2040 3694 eod.
2073 3651 2213 3694 Verba
2235 3653 2304 3692 τοῦ
2331 3649 2471 3701 αὑτοῦ,
2492 3650 2570 3692 nisi
2600 3664 2651 3693 ex
2672 3655 2747 3693 τοῦ
2772 3648 2775 3650 ’

1504 3714 1620 3768 ἄκρου
1642 3724 1837 3771 corrupta
1854 3723 1977 3766 sunt,
1997 3729 2048 3756 ex
2072 3714 2186 3756 sonte
2214 3713 2506 3762 fluxerunt‚‘in
2525 3726 2613 3769 quo
2629 3726 2747 3757 oom-

1503 3777 1640 3832 plnres
1656 3778 1779 3834 diapli
1799 3778 1852 3819 ab
1873 3777 2019 3820 eodem
2035 3779 2324 3834 promontorio
2345 3775 2396 3819 ad
2415 3774 2596 3818 diversas
2616 3774 2742 3819 urben

1504 3837 1802 3892 dirigebantur.
1826 3843 1842 3894 {l
1861 3865 1918 3872 —
1935 3855 1974 3896 ,α
1985 3838 2046 3896 τ’]
2068 3839 2191 3881 suerit
2207 3838 2282 3894 βτ’.
2309 3839 2435 3881 Linea
2454 3846 2565 3880 recta
2584 3845 2645 3880 est
2656 3845 2759 3881 sta-›-

1504 3900 1668 3942 ‹liomm
1692 3916 1815 3945 2100.
1840 3920 1890 3939 =
1922 3901 2064 3957 5317.
2087 3901 2284 3957 Κιτίου]
2310 3900 2440 3953 liviano
2467 3898 2621 3951 eodex;
2654 3911 2721 3942 em

1505 3963 1745 4007 Ῑ-ίοΙΤιιιοιιιι.
1777 3967 1793 4019 ΙΙ
1821 3988 1877 3998 -
1895 3979 1931 4021 ,γ
1942 3963 1978 4007 τ’
1999 3963 2123 4007 suerit
2147 3963 2234 4020 ,βτ’.
