2782 4348
149 203 218 262 (⁴2,
231 209 303 265 ⁴³·)

0 297 127 352 ‘'Phot.
143 324 260 369 φυροι
283 309 448 367 πνέουσι
471 313 770 372 παμμεγέθεις,
794 319 971 380 ἀκρίδων
992 324 1146 380 πλῆθος
1165 329 1372 387 ἀμύθητον

141 377 187 420 ἐκ
209 380 280 432 τῆς
302 378 564 440 ’ἀνιστορήτου
585 382 690 441 μετὰ
705 387 786 429 τῶν
809 387 970 446 ἀνέμων
989 394 1264 454 παραγίνεται
1279 401 1372 461 χώ-

141 462 235 506 ρας,
257 450 308 508 τῇ
329 445 401 503 μὲν
425 447 595 507 δυνάμει
621 454 693 506 τ’ῆς
714 452 905 507 πτήσεως
929 460 1010 503 τῶν
1034 461 1200 522 ὀρνίθων
1221 468 1368 529 μικρὸν

137 514 438 575 παραλλάττον,
477 517 637 578 μακρὸν
675 519 717 565 δὲ
757 525 816 584 τῷ
843 523 1021 585 σώματι.
1095 530 1199 578 Ἀπὸ.
1224 536 1368 594 τούτου

95 602 115 631 5
137 586 207 627 τοῦ
224 581 331 644 ’ζῴου
352 582 570 646 τρέφονται
594 587 729 634 πάντα
754 590 824 635 τὸν
853 593 1015 656 χρόνον,
1042 598 1176 653 ἄλλως
1196 621 1240 648 τε
1269 605 1368 650 τού-

133 667 215 699 τοις
230 650 299 695 καὶ
316 655 670 715 τεταριχευμένοις
687 659 910 722 χρώμενοι.
981 668 1142 731 Καπνῷ
1155 668 1198 716 δὲ
1215 674 1367 727 ταύτας

132 720 324 778 θηρῶσιν,
349 722 395 765 ἐκ
413 726 484 767 τοῦ
509 723 623 786 ἀέρος
653 726 720 771 ἐπὶ
744 732 821 789 γῆν
854 733 1168 797 καταφέροντες.
1237 735 1365 788 Οῧτοι

130 790 272 848 κοῦφοι
297 786 371 846 μὲν
394 782 498 835 εῖναι
517 791 706 853 λέγονται
722 797 793 842 καὶ
810 806 897 851 τοῖς
910 802 1031 848 ποσὶν
1051 804 1244 870 ὀξύτεροι,
1265 812 1364 864 ζῶσι

94 885 98 887 -
129 853 172 899 δὲ
206 857 250 900 οὐ
284 858 423 904 πλεῖον
453 863 761 924 τεσσαράκοντα
786 868 905 928 ἐτῶν,
934 870 1056 934 ξηρᾶς
1075 883 1364 934 κοινωνοῦντες

67 937 107 967 10
129 923 290 977 τελείως
319 932 484 991 τροφῆς.
555 933 790 980 Τελευτῶσι
818 937 861 982 δὲ
889 945 959 984 τοῦ
992 944 1063 997 ζῆν
1095 946 1359 1011 ἀθλιώτερον·

126 992 214 1052 ἅμα
238 994 316 1057 γὰρ
341 997 446 1062 [τῷ]
472 1000 711 1056 πλησιάζειν
731 1007 777 1050 τὸ
796 1010 924 1069 γ’ῆρας
946 1011 1148 1072 ἐγγίνεται
1172 1018 1255 1069 τοῖς
1277 1019 1361 1064 σώ-

125 1080 251 1120 μασιν
280 1067 415 1112 αὐτῶν
455 1071 644 1133 πτερωτὰ
679 1073 774 1133 γένη
811 1081 999 1140 φθειρῶν,
1037 1082 1159 1142 ὅμοια
1194 1087 1267 1145 μὲν
1299 1092 1358 1153 τῷ

120 1131 243 1195 τύπῳ
284 1139 367 1188 τοῖς
400 1138 603 1201 κρότωσι,
634 1146 783 1204 βραχεῖ
815 1147 857 1191 δὲ
888 1150 1045 1195 ἐλάττω
1076 1157 1156 1198 τῶν
1197 1158 1237 1200 ἐν
1274 1166 1357 1212 τοῖς

628 1235 1834 1273 KR

0 1268 103 1308 Diod.
119 1282 180 1308 σιν
206 1267 251 1310 ἐκ
273 1271 345 1323 τῆς
375 1269 528 1331 ἐρήμου
553 1273 705 1329 πλῆθος
726 1276 902 1337 ἀκρίδων
938 1281 1164 1341 ἀμύθητον,
1198 1291 1281 1339 τοῖς
1303 1308 1346 1334 τε

54 1348 92 1378 15
119 1336 304 1393 μεγέθεσι
324 1337 567 1386 διαλλάττον
596 1341 666 1387 καὶ
689 1347 738 1403 τῇ
762 1347 869 1409 χρόᾳ
901 1353 972 1393 τοῦ
998 1351 1266 1414 πτερώματος
1290 1360 1346 1402 εἰ·

117 1402 255 1462 δεχθὲς
291 1405 361 1450 καὶ
397 1409 592 1470 ῥυπαρόν.
675 1411 752 1458 Ἐκ
796 1419 939 1482 τούτου
979 1421 1162 1483 δαψιλεῖς
1198 1427 1347 1490 τροφὰς

114 1470 276 1532 ἔχουσιν
298 1473 461 1522 ἅπαντα
483 1478 550 1523 τὸν
574 1479 673 1540 βίον,
698 1483 935 1545 ἰδιοτρόπως
955 1490 1088 1535 αὐτῶν
1111 1495 1345 1553 ποιούμενοι

110 1541 184 1595 τὴν
205 1543 348 1606 θήραν.
419 1546 544 1608 Παρὰ
564 1549 643 1610 γὰρ
667 1550 740 1607 τὴν
765 1553 908 1616 χώραν
929 1559 1060 1604 αὐτῶν
1081 1561 1148 1607 ε’πὶ
1171 1565 1344 1618 πολλοὺς

111 1612 297 1664 σταδίους
333 1615 512 1676 παρήκει
544 1619 736 1682 χαράδρα
766 1622 887 1683 βάθος
910 1625 1064 1687 ἔχουσα
1089 1630 1160 1675 καὶ
1188 1635 1343 1689 πλάτος

46 1691 86 1721 20
110 1676 333 1740 ἀξιόλογον·
351 1682 504 1740 ταύτην
524 1687 748 1749 πληροῦσιν
773 1692 918 1754 ἀγρίας
937 1694 1051 1758 ὕλης,
1073 1698 1196 1756 οὔσης
1216 1704 1341 1766 ἀφθό-

108 1764 176 1791 νου
206 1748 313 1794 κατὰ
342 1750 415 1806 τὴν
451 1752 614 1815 χώραν·
648 1754 774 1803 ἔπειθ’
795 1760 892 1807 ὅταν
916 1766 996 1809 τῶν
1032 1772 1339 1832 προειρημένων

107 1814 266 1875 ἀνέμων
293 1819 495 1866 πνεόντων
522 1826 804 1889 προσφέρηται
835 1830 887 1875 τὰ
916 1832 1017 1897 νέφη
1040 1840 1121 1882 τῶν
1144 1841 1335 1903 ἀκρίδων,

102 1887 436 1948 καταδιελόμενοι
452 1892 588 1939 πάντα
603 1894 669 1940 τὸν
689 1900 760 1952 τῆς
776 1899 990 1966 χαράδρας
1007 1905 1143 1964 τόπον,
1161 1916 1337 1973 πυροῦσι

101 1952 167 1997 τὸν
196 1957 236 1999 ἐν
267 1959 371 2021 αὐτῇ
400 1960 563 2024 χόρτον.
632 1964 921 2028 Ἐγειρομένου
955 1971 998 2017 δὲ
1035 1981 1194 2022 καπνοῦ
1233 1982 1337 2025 πολ-

31 2035 72 2065 25
99 2021 171 2067 λοῦ
202 2024 272 2069 καὶ
310 2028 499 2089 δριμέος,
525 2034 566 2076 αἱ
607 2033 679 2089 μὲν
713 2037 873 2099 ἀκρίδες
903 2043 1231 2105 ὑπερπετόμεναι
1259 2049 1333 2105 τὴν

97 2092 330 2156 χαράδραν,
348 2097 418 2141 καὶ
439 2099 505 2143 διὰ
522 2099 597 2156 τὴν
619 2108 689 2148 τοῦ
712 2113 869 2152 καπνοῦ
889 2111 1119 2171 δριμύτητα
1137 2117 1332 2178 πνιγόμε-

96 2178 183 2217 ναι,
207 2165 534 2213 καταπίπτουσιν
557 2171 624 2215 ἐπὶ
646 2172 721 2228 τὴν
751 2179 846 2234 γῆν,
881 2180 1015 2239 ὀλίγον
1044 2184 1332 2231 διαπετασθεῖ-

95 2245 165 2274 σαι
186 2230 330 2277 τόπον·
354 2237 426 2290 τῆς
448 2237 490 2280 δὲ
514 2237 666 2284 τούτων
690 2243 898 2295 ἀπωλείας
922 2248 989 2292 ἐπὶ
1010 2250 1198 2304 πλείονας
1219 2257 1329 2315 ἡμέ-

96 2316 167 2358 ρας
193 2300 430 2360 γινομένης,
463 2307 636 2367 μεγάλοι
670 2310 948 2359 διανίστανται
983 2318 1130 2379 σωροί·
1153 2321 1223 2366 καὶ
1259 2327 1330 2379 τῆς

29 2382 71 2412 30
91 2366 230 2427 χώρας
250 2370 425 2430 ἐχούσης
444 2374 650 2437 ἁλμυρίδα
670 2378 844 2436 πολλὴν,
877 2382 1030 2436 πάντες
1051 2389 1327 2452 προσφέρουσι

93 2433 247 2491 ταύτην
280 2438 438 2500 ἀθρόοις
470 2449 552 2493 τοῖς
572 2449 742 2507 σωροῖς,
777 2451 849 2494 καὶ
877 2452 1137 2508 διατήξαντες
1172 2459 1325 2513 οἰκείως

89 2509 251 2549 ποιοῦσι
270 2506 345 2562 τήν
368 2527 412 2553 τε
433 2515 570 2570 γεῦσιν
590 2514 823 2579 πρόσφορον
853 2520 924 2565 καὶ
943 2522 1010 2567 τὸν
1044 2527 1323 2592 ἀποθησαυρι-

88 2572 191 2630 σμὸν
214 2574 395 2630 ἄσηπτον
412 2580 481 2624 καὶ
500 2583 783 2646 πολυχρόνιον.
854 2588 907 2635 ‘H
928 2590 1001 2650 μὲν
1031 2586 1100 2639 οῦν
1120 2597 1320 2660 διατροφὴ

84 2642 239 2695 τούτοις
268 2652 530 2710 παραχρῆμα
559 2652 630 2696 καὶ
656 2653 725 2698 τὸν
754 2655 920 2720 ὕστερον
944 2661 1089 2721 χρόνον
1121 2666 1203 2710 ἀπὸ
1221 2669 1320 2712 τού-

22 2723 62 2754 35
84 2729 163 2755 των
184 2715 262 2758 τῶν
286 2713 398 2778 ζῴων
420 2718 612 2781 ὑπάρχει·
633 2722 724 2768 οὔτε
748 2725 828 2786 γὰρ
848 2737 1206 2794 κτηνοτροφοῦσιν,
1228 2737 1318 2783 οὔτε

83 2781 287 2837 θαλάττης
310 2784 428 2844 ἐγγὺς
455 2790 649 2848 οἰκοῦσιν,
674 2791 766 2838 οὔτε
801 2795 930 2851 ἄλλης
949 2800 1184 2862 ἐπικουρίας
1205 2807 1317 2852 οὔδε-

83 2855 177 2906 μιᾶς
200 2853 463 2914 τυγχάνουσι.
532 2861 632 2910 Τοῖς
663 2862 704 2906 δὲ
733 2863 922 2924 σώμασιν
950 2868 1060 2922 ὄντες
1085 2878 1227 2936 κοῦφοι
1247 2877 1316 2922 καὶ

82 2922 165 2970 τοῖς
186 2922 302 2966 ποσὶν
323 2923 531 2986 ὀξύτατοι,
557 2930 777 2991 βραχύὸιοι
806 2938 1018 2990 παντελῶς
1051 2942 1168 2998 εἰσιν,
1192 2947 1246 2996 ὡς
1265 2945 1312 2990 ἂν

79 2991 157 3032 τῶν
178 2992 570 3054 πολυχρονιωτάτων
603 3004 701 3061 παρ’
723 3003 859 3056 αὐτοῖς
874 3007 951 3067 οὐχ
967 3009 1311 3070 ὑπερὸαλλόντων

0 3071 54 3101 ,40
79 3056 147 3112 ἔτη
164 3061 484 3123 τετταράκοντα.
552 3068 611 3114 Τὸ
630 3069 672 3114 δὲ
692 3076 762 3115 τοῦ
786 3073 874 3134 βίου
893 3076 1007 3135 τέλος
1025 3080 1070 3123 οὐ
1089 3080 1212 3138 μόνον
1229 3102 1309 3128 πα·-

74 3124 242 3186 ράδοξον
256 3128 434 3193 ἔχουσιν,
456 3135 563 3180 ἀλλὰ
575 3137 645 3183 καὶ
657 3139 823 3186 πάντων
836 3144 1132 3205 ἀκληρότατον.
1173 3148 1306 3197 “Oi-av

76 3193 155 3256 γὰρ
175 3198 387 3262 πλησιάσῃ
411 3202 457 3247 τὸ
479 3208 630 3268 γῆρας,
654 3210 879 3273 ἐμφύονται
901 3216 983 3266 τοῖς
1015 3215 1181 3276 σώμασι
1205 3239 1306 3267 πτε-

77 3263 198 3323 ρωτοὶ
224 3271 378 3329 φθεῖρες
400 3273 444 3316 οὐ
463 3273 585 3332 μόνον
607 3277 791 3341 διάφοροι
814 3286 895 3334 τοῖς
925 3283 1087 3343 εἴδεσιν,
1109 3289 1215 3334 ἀλλὰ
1234 3291 1305 3336 καὶ

73 3332 161 3383 ταῖς
180 3334 304 3386 ἰδέαις
325 3337 457 3401 ἄγριοι
472 3342 542 3387 καὶ
559 3349 766 3401 παντελῶς
786 3353 990 3413 εἰδεχθεῖς.
1059 3355 1302 3418 Ἀρξάμενον

33 3416 50 3443 5
73 3398 113 3442 δὲ
138 3399 183 3444 τὸ
207 3403 332 3449 κακὸν
360 3407 442 3453 ἀπὸ
471 3414 543 3467 τῆς
575 3416 751 3478 γαστρὸς
772 3419 842 3463 καὶ
865 3425 935 3466 τοῦ
971 3424 1178 3486 θώρακος,
1213 3429 1301 3473 ἐπι-

71 3467 238 3526 νέμεται
278 3472 412 3520 πάντα
447 3476 513 3523 τὸν
554 3481 673 3541 ὄγκον
713 3487 753 3529 ἐν
787 3488 913 3552 ὀλίγῳ
942 3492 1093 3555 χρόνῳ.
1162 3494 1214 3542 Ὁ
1257 3497 1298 3542 δὲ

69 3535 244 3597 πάσχων
269 3539 314 3584 τὸ
341 3541 414 3600 μὲν
433 3549 594 3606 πρῶτον
622 3553 676 3603 ὣς
705 3554 782 3598 ὑπὸ
818 3557 960 3619 ψώρας
985 3562 1090 3614 τινὸς
1114 3565 1297 3626 ἐρεθιζό-

69 3622 188 3662 μενος
224 3608 397 3668 μετρίως
434 3614 656 3668 ὀδαξᾶσθαι
694 3624 990 3684 φιλοτιμεῖται,
1034 3634 1295 3692 μεμιγμένην

68 3672 226 3733 ἔχοντες
244 3680 315 3720 τοῦ
336 3679 488 3733 πάθους
508 3685 704 3744 ἀλγηδόσι
722 3690 794 3745 τὴν
808 3695 960 3755 χαράν·
983 3699 1086 3756 μετὰ
1108 3700 1292 3749 δὲταῦτα

1073 224 1153 270 DE
1186 203 1342 277 MAm
1379 234 1746 291 ERYTflRAEo.

2579 293 2662 331 149

1445 359 1514 387 eos
1535 349 1633 391 flant
1653 354 1930 409 vehementer,
1954 360 2223 408 inenarrabile
2243 370 2489 420 locustarum
2509 398 2666 438 agmen,

1444 428 1493 453 ex
1514 419 1633 457 terris
1654 422 1841 463 nondum
1861 430 2141 483 pervestigatis
2163 449 2245 476 una
2278 455 2372 481 cum
2399 450 2527 489 ventis
2545 454 2667 495 advo-

1442 480 1510 531 lat,
1538 499 1629 538 quae
1651 489 1690 528 vi
1711 490 1879 543 quidem
1908 495 2066 538 volatus
2084 499 2136 539 ab
2154 503 2296 544 avibus
2317 522 2462 561 parum
2486 521 2665 573 variant,

1440 550 1511 590 sed
1532 567 1706 608 corpore
1723 561 1991 612 permultum.
2051 568 2115 607 Ex
2137 569 2217 611 hoc
2235 573 2376 618 insecti
2399 594 2544 632 genere
2566 603 2667 642 quo-

1440 617 1500 656 vis
1519 627 1705 676 tempore
1722 626 1903 680 aluntur,
1925 646 2055 686 quum
2073 635 2160 676 aliis
2183 640 2317 681 modis
2332 675 2342 693 ‚
2368 653 2456 688 tum
2480 653 2600 696 etiam
2626 659 2665 698 in

1438 686 1604 730 salitura
1636 705 1880 748 praeparato.
1940 702 2157 746 Venantur
2179 723 2245 748 eas
2283 711 2397 755 sumo
2427 733 2477 759 ex
2501 736 2592 763 aere
2614 728 2665 768 ad

1436 763 1587 797 terram
1605 758 1856 813 degravatas.
1915 769 2051 822 Agiles
2073 787 2158 813 esse
2176 778 2456 835 perhibentur,
2481 797 2522 829 et
2553 793 2664 846 pecli-

1434 822 1512 863 bus
1531 825 1769 880 celeriores;
1805 846 1950 875 verum
1985 838 2092 880 ultra
2124 844 2390 900 quadraginta
2419 869 2548 898 annos
2578 875 2662 903 non

1435 891 1603 944 vivunt,
1625 895 1734 937 sicco
1755 901 1928 942 omnino
1950 912 2110 947 utentes
2131 909 2338 957 alimento.

1432 960 1482 999 iis
1515 971 1575 1002 est
1594 964 1677 1005 vita
1696 968 1900 1012 miserior.

2399 921 2509 964 Finis
2525 937 2660 970 autem

1959 975 2124 1017 Etenim
2145 980 2313 1024 simulac
2345 991 2503 1034 senium
2523 996 2659 1038 immi-

1431 1037 1527 1079 net,
1555 1031 1596 1071 in
1620 1036 1863 1088 corporibus
1887 1039 2071 1094 ipsorum
2106 1047 2265 1090 volatile
2290 1054 2571 1107 pediculorum
2591 1080 2658 1118 ge-

1430 1110 1508 1136 nus
1531 1098 1770 1143 innascitur.
1830 1107 1985 1148 Ricinis
2007 1110 2049 1150 hi
2073 1126 2156 1153 non
2178 1115 2411 1174 dissimiles,
2437 1128 2507 1168 sed
2535 1134 2658 1185 paulo

1429 1164 1609 1207 minores
1631 1179 1727 1210 sunt
1747 1175 1922 1225 muscis,
1949 1191 2040 1231 quae
2058 1180 2100 1220 in
2124 1185 2291 1227 canibus
2320 1203 2529 1246 apparent.
2564 1230 2567 1233 -

1421 1300 1614 1359 inusitata
1639 1311 1923 1361 magnitudine
1948 1322 1988 1355 et
2008 1316 2164 1360 alarum
2187 1325 2322 1367 colore
2342 1333 2451 1386 turpi
2471 1349 2517 1375 ac
2536 1352 2654 1392 squa-

1419 1371 1524 1424 lido,
1557 1379 1779 1432 expellunt.
1841 1385 1952 1426 Hinc
1985 1391 2198 1444 copiosum
2219 1398 2276 1436 eis
2305 1413 2379 1454 per
2397 1411 2529 1446 totum
2564 1412 2654 1451 vitae

1418 1455 1579 1502 tempus
1599 1452 1840 1497 alimentum
1864 1468 1939 1500 est.
1998 1465 2198 1508 Peculiari
2218 1479 2356 1513 autem
2387 1478 2545 1519 ratione
2568 1482 2651 1522 illas

1415 1532 1688 1576 aucupantur.
1748 1530 1913 1572 Etenim
1929 1536 2085 1588 regioni
2103 1539 2287 1594 ipsorum
2310 1544 2362 1586 ad
2379 1549 2506 1590 multa
2525 1553 2651 1595 stadia

1416 1596 1526 1636 vallis
1545 1601 1700 1654 oppido
1717 1605 1924 1657 profunda
1943 1618 1983 1649 et
1999 1611 2076 1652 lata
2092 1614 2346 1661 obtenditur.
2405 1624 2522 1665 Hanc
2538 1642 2651 1681 agre-

1413 1669 1462 1707 sti
1498 1674 1690 1722 materie‚
1713 1676 1868 1732 ubique
1891 1681 1970 1722 illic
2003 1685 2149 1737 obvia,
2185 1692 2407 1746 complent.
2469 1701 2648 1750 Quando

1411 1741 1537 1794 igitur
1559 1755 1778 1789 ventorum
1813 1752 1976 1795 flatibus
2007 1761 2202 1814 propulsa
2238 1763 2486 1809 locustarum
2514 1773 2642 1813 nubes

1409 1831 1458 1855 eo
1481 1817 1678 1871 defertur,
1705 1823 1928 1880 dispertitis
1949 1830 2055 1872 inter
2072 1849 2114 1873 se
2134 1835 2232 1877 locis
2252 1838 2408 1881 foenum
2432 1844 2473 1883 in
2495 1848 2642 1887 cavita-

1408 1901 1490 1934 tem
1510 1896 1618 1938 illam
1637 1900 1867 1955 projectum
1889 1909 2161 1953 succendunt.
2221 1915 2330 1956 Hinc
2346 1932 2518 1973 magnus
2534 1937 2644 1964 acer-

1407 1969 1565 2027 busque
1589 1990 1716 2031 vapor
1737 1981 1935 2022 excitatus
1955 1988 2260 2040 supervolantes
2291 1992 2465 2037 locustas
2488 2001 2643 2040 acerbi-

1405 2054 1488 2088 tate
1524 2050 1628 2091 sumi
1666 2053 1883 2108 praefocat,
1920 2068 1966 2100 ut
2003 2076 2088 2102 non
2123 2066 2299 2109 multum
2337 2085 2558 2126 progressae
2588 2078 2639 2117 ad

1403 2131 1553 2166 terram
1583 2129 1867 2181 prolabantur.
1927 2138 2015 2177 IIac
2043 2139 2094 2179 ad
2113 2142 2313 2195 plurimos
2346 2147 2432 2189 dies
2460 2151 2637 2193 interne-

1402 2200 1519 2240 cione
1535 2205 1786 2256 continuata,
1808 2212 1944 2264 magni
1962 2226 2188 2269 exsurgunt
2203 2223 2352 2264 acervi.
2416 2228 2636 2282 Quumque

1400 2283 1551 2317 tractus
1571 2279 1636 2320 ille
1665 2282 1866 2337 salsugine
1891 2288 2096 2341 abundet,
2126 2295 2318 2336 consertis
2345 2299 2450 2340 hane
2481 2307 2632 2344 acervis

1398 2353 1760 2407 superaffundunt,
1780 2359 2000 2417 debitaque
2021 2371 2294 2411 maceratione
2310 2374 2508 2426 efficiunt,
2528 2387 2573 2418 ut
2589 2390 2629 2420 et

1396 2441 1517 2481 sapor
1532 2434 1824 2474 accommodus
1845 2438 1896 2477 sit
1915 2447 1955 2478 et
1976 2441 2077 2481 citra
2095 2445 2436 2496 putrefactionem
2456 2452 2507 2492 ad
2524 2454 2627 2495 bene

1394 2502 1563 2557 longum
1580 2515 1740 2563 tempus
1759 2510 1838 2551 hoc
1861 2513 2147 2558 salsamentum
2166 2519 2302 2563 duret.
2362 2526 2506 2568 Facilis
2529 2544 2626 2584 ergo

1393 2581 1523 2621 victus
1555 2583 1677 2624 etiam
1713 2586 1870 2642 reliquo
1903 2591 1999 2644 ipsis
2032 2601 2216 2649 tempore
2238 2598 2289 2638 ab
2323 2601 2487 2643 insectis
2514 2605 2624 2647 hisce

1391 2658 1561 2699 exsistit.
1620 2661 1706 2702 Nec
1733 2664 1844 2704 enim
1872 2670 2071 2720 pecuariae
2102 2686 2179 2712 nec
2200 2675 2427 2728 piscatoriae
2453 2682 2534 2731 rei,
2556 2692 2621 2724 ut-

1388 2742 1485 2786 pote
1506 2734 1666 2789 longius
1681 2752 1704 2778 a
1722 2739 1863 2794 pelago
1879 2743 2074 2795 submoti,
2097 2747 2197 2789 dant
2212 2765 2395 2805 operam,
2420 2770 2496 2797 nec
2510 2758 2620 2800 aliud

1388 2810 1479 2850 vitae
1495 2811 1725 2855 subsidium
1743 2816 1910 2859 habent.
1971 2822 2154 2877 Corpore
2177 2835 2272 2867 sunt
2291 2828 2368 2870 levi
2384 2839 2424 2871 et
2445 2833 2618 2887 pedibus

1387 2885 1607 2929 celerrimis
1622 2921 1632 2939 ,
1668 2892 1739 2932 sed
1774 2894 1855 2935 vita
1887 2895 2114 2940 admodum
2153 2901 2289 2954 brevi3
2332 2906 2614 2962 longaevissimi

1384 2963 1495 3003 enim
1528 2965 1638 3019 apud
1661 2982 1730 3007 eos
1763 2970 2032 3025 quadraginta
2052 2990 2137 3016 non
2171 2980 2438 3032 egrediuntur
2467 3000 2610 3028 annos.

1381 3040 1581 3081 Mirabilis
1607 3043 1729 3084 etiam
1749 3046 1841 3087 vitae
1877 3049 2010 3090 exitus
2039 3061 2098 3092 est
2128 3057 2396 3112 omniumque
2431 3063 2610 3104 miseni·

1381 3131 1487 3157 mus,
1548 3121 1769 3173 Ingruente
1792 3124 1902 3164 enim
1918 3127 2031 3167 senio
2050 3129 2227 3182 pediculi
2248 3135 2487 3188 corporibus
2503 3139 2609 3192 ipso-

1377 3205 1472 3232 rum
1494 3192 1587 3234 alati
1609 3194 1893 3248 innascuntur,
1919 3214 2003 3240 non
2030 3202 2162 3243 solum
2184 3219 2330 3257 genere
2349 3208 2512 3261 diversi,
2535 3215 2604 3255 sed

1376 3266 1498 3307 etiam
1527 3268 1661 3322 specie
1695 3268 1852 3310 horridi
1886 3280 1927 3312 et
1959 3273 2172 3327 insigniter
2198 3276 2416 3321 deformes.
2476 3286 2603 3326 Pestis

1374 3337 1461 3379 haec
1500 3354 1524 3380 a
1553 3349 1693 3380 ventre
1723 3350 1763 3382 et
1790 3344 2026 3396 praecordiis
2063 3361 2205 3389 exorsa
2241 3354 2461 3406 perexiguo
2498 3364 2600 3398 tem-

1371 3424 1472 3465 pore
1494 3427 1643 3467 corpus
1665 3422 1797 3454 totum
1829 3416 1979 3458 exedit.
2039 3420 2188 3460 Morbo
2207 3421 2287 3463 hoc
2315 3424 2489 3467 afflictus
2515 3432 2600 3483 pri-

1370 3499 1486 3525 mum
1503 3486 1610 3527 velut
1621 3486 1767 3527 scabiei
1783 3490 1994 3542 prurigine
2008 3491 2188 3534 irritatus
2203 3494 2282 3536 leni
2300 3498 2597 3543 mordicatione

1371 3559 1574 3610 titillatur,
1596 3560 1895 3603 oblectamento
1917 3565 2070 3606 scilicet
2092 3581 2186 3628 cum
2212 3568 2354 3611 dolore
2373 3577 2593 3627 permixto.

1367 3634 1524 3675 Verum
1546 3643 1811 3690 posteaquam
1831 3637 2009 3681 bestiolae
2032 3641 2253 3684 intercutes
2275 3645 2450 3688 subinde
2469 3652 2594 3703 magis

1364 3705 1417 3746 ad
1456 3707 1713 3761 superficiem
1754 3710 1983 3761 enituntur,
2019 3727 2165 3767 magna
2203 3718 2336 3757 tenuis
2373 3720 2496 3759 saniei
2536 3722 2591 3760 vis

72 3786 2237 3835 &mx

70 3838 84 3889 Η
110 3861 166 3867 -
184 3852 221 3879 1.
247 3842 442 3884 πνέουσι
468 3853 828 3911 παμμεγέθεις]
852 3858 909 3898 sic
926 3860 1056 3903 codex
1081 3866 1113 3905 C
1131 3875 1171 3907 et
1193 3870 1294 3909 Dio-

63 3898 205 3950 dorus,
225 3910 266 3942 et
279 3904 467 3958 similiter
480 3911 769 3954 Artemidorus
781 3931 848 3972 ap.
863 3920 1015 3964 Strab.:
1035 3923 1176 3981 ἐαρινοὶ
1190 3929 1294 3980 λίὸες

62 3961 127 4001 καὶ
147 3963 487 4018 ζέφυροιπνέοντες
503 3973 682 4027 μεγάλοι.
703 3978 858 4021 Contra
877 3983 999 4027 Phot.
1017 3988 1140 4030 codd.
1161 3994 1231 4033 AB
1251 4003 1292 4034 et

62 4023 197 4066 editt.:
228 4029 395 4082 πνέουσι,
417 4037 674 4090 παμμεγέθων
696 4037 874 4095 ἀκρίδων.
897 4047 1041 4099 11—-4,
1064 4050 1103 4091 δὲ
1132 4067 1199 4094 om
1239 4058 1286 4097 C.

1372 3872 1387 3923 ΙΙ
1417 3886 1529 3925 -7.
1562 3873 1736 3927 ταύΙτας
1754 3875 1769 3929 ]
1788 3878 1906 3916 ταῦτα
1930 3880 1981 3917 Α.
2004 3881 2021 3931 Η
2038 3902 2094 3908 —
2122 3895 2162 3932 9.
2185 3880 2380 3935 πλεῖον]
2402 3881 2519 3921 πλείω
2536 3885 2581 3923 C.

1368 3934 1385 3987 Η
1420 3957 1476 3964 —-
1511 3947 1575 3974 11.
1605 3940 1659 3993 τῷ
1691 3937 1858 3978 inserui.
1892 3941 1954 3979 De
1986 3940 2132 3980 morbo
2170 3942 2246 3981 isto
2292 3942 2342 3982 cf.
2385 3943 2583 3990 Ludolsus

1363 4005 1626 4038 commentat.
1659 3998 1755 4039 hist.
1786 3999 1968 4055 AEthiop.
1993 4016 2036 4055 p.
2080 4003 2171 4051 183,
2198 4001 2387 4043 laudante
2412 4005 2582 4047 Wesse-

1360 4058 1500 4112 lingio.
1523 4062 1613 4112 11-
1636 4062 1700 4101 13.
1729 4062 1939 4118 βραχεῖ’]
1963 4066 2016 4114 C·;
2045 4065 2228 4118 βραχεῖαν
2262 4079 2353 4118 vgo.
