2808 4342
0 0 12 232 Ι

12 856 53 887 10
75 840 388 901 ἔμὸάλλουσιν’
370 859 409 891 ες
430 838 498 885 τὸν
521 838 663 885 Ἰνδόν.

1077 121 1364 186 msromA
1398 96 1619 174 1chA.

83 214 206 268 οἷτὸν
230 222 405 284 Σίναρον
431 222 473 267 ἐν
493 219 745 282 Ἀρίσπαισιν
767 222 804 271 ἐς
833 219 901 264 τὸν
929 220 1137 276 Ἀκεσίνην
1161 224 1314 269 ἐκδιδοῖ

85 290 156 336 καὶ
179 284 306 342 οῧτος.
375 288 445 351 (10)
463 287 516 334 ‘0
538 286 580 332 δὲ
599 287 803 343 Ἀκεσίνης
823 289 864 333 ἓν
891 290 1102 334 Μαλλοῖσι
1123 289 1310 350 ξυμὸάλ-

83 344 146 404 λει
177 362 234 422 τῷ
264 358 397 419 Ἰνδῷ·
429 356 499 401 καὶ
518 355 734 407 Τούταπος
754 355 795 401 δὲ
817 356 946 418 μέγας
972 359 1156 418 ποταμὸς
1176 362 1216 411 ἐς
1238 360 1306 405 τὸν

81 428 285 482 Ἀκεσίνην
317 426 481 470 ἐκδιδοῖ.
551 425 719 470 Τούτων
759 428 781 470 ὁ
821 425 1027 482 Ἀκεσίνης
1059 429 1309 515 ἐμπλησθεὶς

36 496 153 542 snat
170 498 221 556 τῇ
242 493 470 549 ἐπικλήσι’
452 493 669 549 εκνικήσας
698 494 817 545 αὐτὸς
839 497 897 539 τῶ
921 498 1073 541 ἑωυτοῦ
1097 497 1177 553 ἤδη
1196 498 1310 543 οὐνό-

82 582 181 624 ματι
206 561 434 608 ἕσὸοίλλει’
417 581 454 613 ες
476 562 543 607 τὸν
567 562 711 609 Ἰνδόν.
742 562 811 625 (ιι)
841 564 994 626 Κωφὴν
1019 564 1060 610 δὲ
1084 568 1124 610 ἐν
1152 569 1310 613 Πευκε-

78 631 263 688 λαήτιδι,
290 629 378 691 ἅμα
395 623 474 676 οἶν
448 649 556 691 αγων
577 630 860 691 Μαλάμαντόν
877 651 920 677 τε
940 633 1009 678 καὶ
1027 626 1214 681 Σόαστον
1237 636 1308 681 καὶ

75 701 282 762 Γαροίαν,
322 701 472 745 ἐκδιδοῖ
505 702 542 752 ἐς
573 699 640 746 τὸν
669 699 813 747 Ἰνδόν.
882 701 951 762 (12)
988 702 1231 767 Κατύπερθε
1265 705 1307 750 δὲ

76 769 248 816 τουτέων
283 770 468 831 Πάρενος
499 769 570 814 καὶ
600 769 842 831 Σάπαρνος,
865 773 910 816 οὐ
945 772 1049 818 πολὺ
1085 773 1306 835 διέχοντες,

730 839 885 892 Σόανος
904 841 946 886 δὲ
959 844 1043 901 ,ἐκ
1058 862 1128 897 της
1152 847 1307 907 ὀρεινῆς

74 929 147 965 της
167 908 436 972 Ἀὅισαρέων,
454 909 602 972 ἔρημος
619 909 744 956 ἄλλου
767 929 977 971 ποταμου,
1003 913 1195 958 ἐκδιδοῖ’
1177 933 1215 966 ες
1236 918 1308 959 αὐ-

73 979 158 1026 τόν.
228 978 312 1025 Καὶ
348 978 522 1025 τουτέων
545 979 638 1030 τους
675 980 850 1032 πολλοὺς
888 982 1186 1042 Μεγασθένης
1175 983 1305 1045 Λέγει,

74 1047 137 1094 ὅτι
170 1047 324 1093 πλωτοί
354 1050 472 1096 εἰσιν.
543 1049 612 1110 (13)
654 1047 815 1095 Οὔκουν
849 1051 1043 1106 ἀπιστίην
1080 1051 1218 1113 χρὴ”
1198 1072 1304 1115 εχειν

77 1117 182 1190 υπέρ
203 1135 244 1162 τε
266 1136 336 1162 του
363 1117 492 1165 Ἰνδου
520 1118 591 1163 καὶ
609 1137 678 1163 του
703 1119 899 1178 Γάγγεω,
922 1120 1024 1180 μηδὲ
1046 1122 1306 1181 συμὸλητοὺς

12 1200 50 1229 15
79 1191 183 1232 εἶναι
203 1189 359 1231 αυτοῒσι
384 1187 450 1232 τόν
473 1206 517 1232 τε
543 1187 705 1249 Ἴστρον
728 1189 798 1234 καὶ
831 1194 900 1234 τοῦ
927 1190 1075 1237 Νείλου
1100 1210 1145 1236 το
1174 1191 1300 1254 ὕδωρ.

73 1256 142 1316 (14)
167 1255 238 1307 Ἐς
269 1257 405 1314 μέντοι
424 1255 491 1300 τὸν
523 1257 675 1303 Νεῖλον
702 1256 843 1302 οὐδένα
876 1258 1061 1317 ποταμὸν
1087 1261 1297 1305 ἐκδιδόντα

70 1323 211 1384 ἴδμεν,
235 1326 324 1369 ἀλλ’
350 1324 420 1368 ἀπ’
441 1327 565 1370 αὐτοῦ
593 1326 797 1388 διώρυχας
818 1328 1080 1388 τετμημένας
1099 1329 1208 1375 κατὰ
1229 1329 1302 1386 τὴν

70 1392 212 1454 χώρην
245 1392 318 1447 τὴν
340 1393 586 1452 Αἰγυπτίην.
659 1395 728 1455 (15)
756 1394 809 1441 ‘O
833 1394 877 1440 δέ
907 1415 952 1458 γε
980 1395 1140 1459 Ἴστρος
1173 1397 1305 1457 ὀλίγος

76 1459 151 1521 μὲν
170 1459 328 1522 ἀνίσχει
347 1460 431 1504 ἀπὸ
461 1464 540 1505 τῶν
561 1462 749 1522 πηγέων,
771 1463 932 1509 δέκεται
956 1465 997 1510 δὲ
1023 1466 1198 1518 πολλοὺς
1223 1486 1305 1511 πο-

11 1546 53 1576 20
72 1548 251 1588 ταμους,
274 1530 364 1573 ἀλλ’
384 1527 475 1574 οὔτε
495 1530 678 1584 πλήθεὶ”
665 1549 773 1582 ισους
795 1538 922 1577 τοῖσιν
939 1533 1079 1578 Ἰνδῶν
1100 1543 1304 1594 ποταμοῖ-

70 1617 152 1658 σιν,
170 1597 208 1643 οι
229 1600 268 1649 ἐς
287 1597 354 1642 τὸν
375 1597 502 1643 Ἰνδὸν
524 1617 595 1643 και
614 1598 681 1643 τὸν
699 1599 866 1661 Γάγγεα
879 1603 1093 1647 ἐκδιδουσι·
1117 1603 1304 1656 πλωτοὺς

74 1667 118 1712 δὲ
138 1666 187 1722 δὴ
208 1666 278 1711 καὶ
298 1667 430 1728 κάρτα
454 1666 679 1728 ὀλίγους,
656 1686 711 1711 ων
727 1670 820 1719 τοὺς
835 1668 885 1728 μὲ
890 1687 908 1712 ν
934 1669 1052 1721 αὐτὸς
1075 1670 1170 1715 ἰδων
1189 1664 1304 1728 οἰδα,

67 1755 136 1782 τον
154 1736 279 1783 Ἔνον
302 1754 345 1781 τε
371 1736 440 1781 καὶ
466 1737 534 1782 τὸν
569 1736 697 1783 Σάον.
768 1739 820 1797 (16
802 1741 834 1798 6)
862 1735 990 1790 Ἔνος
1014 1739 1064 1799 μὲ
1047 1758 1088 1783 ν
1115 1742 1154 1784 ἐν
1180 1745 1303 1799 μεθο-

66 1900 162 1954 Byz.
187 1913 220 1939 s.
246 1913 304 1951 v.;
321 1899 483 1954 Σκόδροι
501 1901 585 1941 sive
605 1901 767 1956 Σκύδροι
782 1903 983 1957 Dionysio
998 1904 1156 1957 Perieg.
1179 1908 1299 1953 1142.

66 1960 192 2016 Apud
223 1961 456 2002 Diodorum
481 1964 619 2013 XVII,
645 1966 714 2017 98,
737 1978 755 2004 1
781 1964 943 2006 codices
976 1975 1170 2021 corrupte
1193 1967 1307 2007 exhi-

66 2023 166 2064 bent
186 2023 426 2079 Συρακούσας
441 2057 452 2076 ,
475 2025 589 2079 quod
611 2026 656 2066 in
677 2026 870 2081 Συδράκας
887 2029 1037 2081 corrig.
1059 2028 1236 2069 videtur.
1256 2031 1305 2069 In

71 2087 236 2127 Justino
262 2088 365 2127 VIII
379 2118 390 2137 ,
417 2103 457 2141 9,
484 2089 508 2128 3
533 2097 726 2142 corrupte
746 2089 845 2130 item
862 2099 1063 2130 vocantur
1077 2091 1303 2144 Sygambri.

84 2149 102 2200 ΙΙ
133 2172 188 2179 —
210 2162 251 2189 2.
277 2149 318 2189 M
331 2149 424 2189 αλλ
437 2150 484 2189 οὶ
502 2151 516 2204 ]
540 2151 734 2190 sanserite
749 2152 945 2199 Malavoe,
972 2160 1018 2191 ut
1035 2153 1186 2192 rectius
1209 2154 1305 2192 scri-

65 2208 189 2251 batur
215 2211 350 2251 Μαλοί
378 2211 488 2266 apud
510 2213 765 2267 Stephanum
784 2228 834 2253 ex
856 2214 1044 2268 Dionysii
1068 2215 1300 2264 Bassaricis,

67 2278 141 2319 ubi
171 2294 222 2320 ne
252 2294 346 2320 cum
380 2280 592 2321 codicibus
624 2281 832 2322 nonnullis
851 2282 1012 2323 Μαλλοὶ
1040 2282 1304 2323 scribendum

67 2349 186 2394 putes
201 2372 212 2391 ,
244 2342 307 2382 vel
323 2342 427 2382 ordo
441 2342 652 2383 literarum
676 2343 863 2398 impedit.
891 2346 1050 2384 Mentio
1070 2345 1202 2397 gentis
1224 2344 1303 2384 fre-

68 2404 350 2456 quentissima.
378 2404 392 2456 1]
409 2428 466 2434 --
485 2405 525 2445 3.
543 2404 636 2444 Τού
650 2406 825 2459 ταπος]
847 2406 933 2452 4Ηίυ
951 2406 1101 2446 fluvius
1132 2419 1303 2458 magnus

68 2466 137 2504 vix
154 2466 256 2506 alius
278 2480 363 2506 esse
381 2475 515 2520 potest
531 2480 657 2520 quam
671 2466 842 2508 inferior
856 2482 950 2522 pars
973 2467 1154 2522 §atudru
1169 2468 1300 2518 fluvii,

67 2540 158 2580 quae
179 2542 290 2568 nunc
309 2536 478 2567 vocatur
511 2529 689 2569 Glzarra.
716 2530 780 2569 Ex
802 2544 851 2569 eo
878 2530 1007 2570 fluvio
1026 2529 1131 2569 duos
1164 2528 1304 2569 secisse

66 2590 267 2629 Arrianus
298 2589 475 2639 videtur,
512 2591 569 2631 ita
593 2599 640 2631 ut
662 2592 850 2645 superior
872 2590 959 2645 ejus
987 2606 1082 2646 pars
1113 2595 1304 2643 Sarangae

66 2651 235 2691 nomine
256 2651 297 2690 in
322 2650 563 2705 Hydraoten
589 2652 805 2694 incideret.
830 2655 845 2706 Ι)
867 2678 924 2684 -
944 2653 983 2694 5.
1007 2653 1087 2694 ἐκν
1105 2652 1299 2708 ικήσας]

74 2712 229 2763 νικήσας
251 2712 382 2753 codex
410 2713 591 2754 Florent.
621 2717 636 2768 Ι]
660 2738 717 2746 -
738 2714 777 2756 5.
806 2715 931 2770 ὄνομα
950 2718 1010 2765 D;
1036 2714 1172 2770 οὔνομ.
1207 2724 1300 2756 cett.

70 2775 86 2827 ΙΙ
108 2798 164 2805 -
183 2780 223 2816 6.
256 2774 470 2830 Κωφὴν]
501 2776 601 2817 hod.
626 2777 790 2818 Caboul.
814 2778 923 2818 Vide
941 2792 1066 2833 supra
1085 2793 1122 2818 c.
1150 2792 1188 2819 1.
1214 2778 1228 2830 Η
1247 2802 1304 2810 -

67 2836 428 2889 Πευκελαήτιδι
449 2839 465 2893 ]
493 2838 556 2878 vel
575 2838 860 2880 Πευκελαείτιδι
896 2840 974 2894 leg.
1004 2839 1190 2888 videtum
1216 2856 1303 2881 πευ-

65 2899 277 2951 κελαιήτιδι
288 2900 382 2942 cod.
397 2902 429 2942 F
432 2900 508 2942 lor.
515 2915 527 2951 ;
544 2898 802 2943 πευκελαΐτιδι
820 2901 932 2943 ACD
947 2918 956 2952 ;
980 2901 1236 2943 πευκελατίιδι
1247 2904 1279 2942 Β
1287 2919 1299 2953 ;

66 2974 188 3017 supra
219 2964 389 3017 legimus
418 2964 582 3005 πευκέλα
605 2963 682 3014 ἔτι,
716 2965 790 3005 uhi
810 2964 918 3006 vide.
945 2965 960 3018 Ι]
979 2989 1035 2996 —-
1054 2980 1093 3018 7.
1122 2965 1302 3005 Μαλά-

69 3026 282 3081 μαντόν]
315 3026 559 3082 Μαλαματόν
586 3029 645 3077 D,
685 3027 896 3068 Μάλαντόν
933 3036 973 3068 et
992 3027 1087 3068 dein
1116 3027 1301 3082 Γαρροίαν

66 3085 160 3126 cod.
189 3087 298 3127 Flor.
317 3089 419 3129 Tres
445 3089 593 3129 fluvios
626 3090 670 3129 in
704 3089 944 3144 Cophenem
972 3089 1198 3130 incidentes
1223 3090 1303 3130 Pli-

66 3147 161 3186 nius
194 3163 380 3203 quoque,
423 3150 496 3191 sed
528 3151 615 3192 aliis
648 3151 889 3192 nominibus
923 3160 1107 3192 recenset
1140 3153 1217 3201 VI,
1249 3152 1300 3192 25

69 3210 91 3260 S
110 3212 194 3260 94:
216 3212 431 3263 Inflecunt
417 3227 458 3253 ιιι
469 3227 557 3253 eum
578 3213 592 3270 (
611 3214 817 3270 Cophetem
835 3214 849 3271 )
870 3214 1131 3267 navigabilia
1146 3216 1302 3257 Sadda-

71 3283 141 3309 rus
164 3269 177 3323 (
198 3271 631 3322 Sardarus,Sada1us
653 3290 740 3316 var.
761 3276 855 3318 lect.
880 3276 1143 3332 Μαλάμαντος
1161 3280 1301 3320 Arria-

69 3330 186 3383 ni?)‚
210 3335 418 3390 Parospus
434 3336 449 3388 (
468 3335 627 3390 Γαροίας
643 3338 832 3378 Airiani?
848 3337 881 3393 ),
899 3338 1082 3380 Sodanus
1101 3339 1114 3395 (
1135 3340 1304 3388 Σόαστος

69 3395 166 3433 Ar1.
177 3393 245 3448 ?).
270 3397 320 3435 In
337 3396 559 3438 fluviorum
581 3399 760 3452 catalago
787 3400 1061 3442 Mahabaratae
1105 3404 1182 3454 VI,
1219 3404 1299 3444 333

69 3453 261 3509 deinceps
291 3468 610 3510 enumerantur,
642 3464 837 3510 Savasta,
874 3462 1028 3510 Gauri,
1075 3466 1296 3520 Campana,

69 3531 172 3572 quos
207 3519 355 3559 nostris
393 3521 523 3562 tribus
557 3522 805 3578 respondere
849 3524 1114 3578 probabiliter
1160 3530 1302 3568 statuit

69 3580 424 3623 Schwanbeckius.
449 3584 641 3625 Ceterum
676 3584 728 3626 de
755 3585 1005 3628 Malamanto
1028 3587 1192 3629 aliunde
1213 3603 1301 3631 non

70 3652 243 3683 constat.
265 3644 452 3685 Soastum
472 3645 713 3688 Ptolemaeus
731 3649 829 3699 VH,
856 3662 874 3690 1
895 3649 1089 3691 Σοῦαστον
1108 3652 1150 3691 in
1174 3651 1297 3693 Σουα-

70 3708 192 3760 στηνῇ
210 3706 377 3759 regione
395 3705 509 3755 dicit,
533 3716 681 3762 praeter
702 3709 816 3750 hunc
844 3711 1009 3752 nonnisi
1027 3711 1137 3752 Κῶαν
1157 3712 1170 3767 (
1193 3712 1296 3765 Χόην

67 3781 134 3821 ap.
160 3768 325 3808 Arrian.
347 3767 477 3809 Anab.
494 3770 571 3820 IV,
594 3771 644 3810 25
663 3778 705 3811 et
725 3771 823 3813 Itin.
838 3771 955 3813 Alex.
977 3773 1052 3814 105
1073 3775 1106 3827 ),
1133 3773 1299 3816 hodier-

67 3843 169 3868 num
186 3829 354 3878 Kamelz,
373 3837 568 3885 tanquam
581 3831 786 3886 Cophenis
798 3831 1031 3875 affluentem
1047 3850 1294 3878 memorans,

67 3892 235 3932 Curtius
257 3900 296 3932 et
314 3891 474 3942 Strabo,
491 3905 535 3947 p.
557 3895 636 3947 697
656 3894 845 3935 Soastum
876 3895 1079 3951 appellant
1095 3897 1292 3950 Χοάσπην.

20 3981 26 3987 -
68 3954 268 3995 Arrianus
289 3952 466 4010 denique
481 3954 525 3995 in
550 3955 655 4011 Exp.
681 3957 757 4006 IV,
787 3959 855 4008 24,
882 3971 899 3999 1
926 3957 1102 3999 eundem
1122 3960 1293 4002 fluvium

2518 158 2604 197 313

1382 235 1465 288 spis
1495 237 1619 278 etiam
1643 237 1685 278 in
1705 239 1920 280 Acesinem
1956 239 2100 281 fertur.
2163 244 2251 296 (lo)
2284 248 2472 290 Acesines
2498 256 2606 307 apud

1380 315 1524 356 Mallos
1542 331 1637 358 cum
1655 318 1762 359 Indo
1778 321 2052 361 committitur
2074 334 2083 361 ε
2105 323 2225 363 etiam
2243 326 2425 381 Tutapus
2441 345 2610 385 magnus

1381 394 1529 436 ssuvius
1547 397 1590 436 in
1613 399 1830 439 Acesinem
1858 401 1956 440 exit.
2018 401 2180 453 Quibus
2202 406 2389 447 amnibus
2419 412 2609 454 Acesines

1379 476 1576 528 grandior
1591 477 1719 519 factus
1737 494 1941 534 suumque
1956 481 2088 521 victor
2109 497 2261 524 nomen
2282 488 2459 528 retinens
2477 492 2517 530 in
2544 495 2610 532 In-

1378 554 1480 596 dum
1511 556 1654 598 fertur.
1718 560 1808 612 (11)
1848 561 2019 615 Cophen
2053 563 2095 602 in
2126 565 2415 617 Peucelaetite,
2458 570 2609 613 ducens

1378 650 1518 677 secum
1534 637 1829 679 Malamantum
1844 671 1855 690 ,
1874 642 2062 683 Soastum
2077 652 2116 684 et
2131 646 2321 689 Garoeam
2334 663 2486 701 amne5‚
2505 654 2611 694 Indo

1378 730 1420 757 se
1443 717 1601 758 miscet.
1665 717 1754 773 (12)
1774 720 1906 775 Supra
1923 721 1998 762 hos
2019 725 2199 766 Parenus
2217 735 2256 767 et
2274 729 2500 783 SaparnuS,
2526 747 2611 774 non

1378 797 1556 837 multum
1573 798 1681 839 inter
1696 813 1738 839 se
1757 799 1952 842 distantes
1966 834 1977 852 ‚
2000 803 2043 844 in
2062 805 2213 846 Indum
2242 809 2391 851 fluunt.
2452 813 2608 854 Soanus

1377 892 1428 918 ex
1459 880 1665 920 montanis
1698 880 2007 924 Abisarensium
2030 885 2182 940 absque
2214 888 2376 930 alterius
2410 892 2522 934 fluvii
2546 909 2611 935 so·

1377 960 1521 1000 cietate
1544 962 1586 1001 in
1609 961 1787 1003 eundem
1807 978 1848 1004 se
1868 965 2029 1018 ingerit.
2090 969 2248 1009 Horum
2269 985 2432 1026 quoque
2456 974 2608 1028 pleros-

2405 1053 2492 1108 (13)
2514 1056 2609 1096 Non

1376 1122 1501 1175 igitur
1516 1123 1756 1165 incredibile
1778 1139 1863 1166 esse
1882 1126 2018 1178 debet,
2045 1131 2195 1171 Istrum
2219 1140 2258 1172 et
2282 1133 2419 1174 Nilum
2447 1137 2606 1177 ratione

1377 1054 1457 1094 que
1478 1043 1765 1096 Megasthenes
1787 1045 2032 1098 navigabiles
2052 1062 2136 1089 esse
2152 1049 2339 1092 affirmat.

1376 1216 1574 1256 aquarum
1609 1219 1704 1245 cum
1733 1205 1840 1246 Indo
1863 1215 1903 1247 et
1935 1209 2076 1262 Gange
2109 1225 2160 1250 ne
2182 1215 2410 1266 comparari
2440 1216 2607 1269 quidem

1374 1296 1508 1337 posse.
1570 1284 1658 1340 (14)
1680 1286 1786 1326 Nam
1808 1287 1852 1326 in
1873 1287 2014 1329 Nilum
2047 1290 2206 1331 nullum
2230 1292 2383 1333 flumen
2403 1294 2510 1335 illabi
2535 1298 2613 1337 sci·

1376 1377 1483 1413 mus,
1504 1363 1575 1404 sed
1590 1379 1639 1405 ex
1659 1366 1748 1420 ipso
1765 1365 1889 1407 fossas
1901 1382 1975 1422 per
1989 1369 2209 1424 AEgyptum
2227 1370 2338 1412 duci.
2401 1373 2488 1428 (15)
2507 1377 2609 1416 Ister

1376 1453 1474 1479 vero
1493 1441 1665 1494 exiguus
1686 1456 1710 1482 a
1728 1442 1910 1483 fontibus
1931 1446 2063 1485 oritur
2083 1459 2092 1485 :
2115 1455 2154 1486 et
2176 1447 2326 1488 multos
2346 1449 2511 1503 quidem
2532 1451 2610 1491 flu-

1376 1516 1463 1554 vios
1488 1516 1531 1555 in
1560 1530 1602 1556 se
1634 1518 1802 1572 recipit,
1835 1519 1906 1559 sed
1937 1528 1976 1560 ct
2005 1521 2269 1563 multitudine
2297 1524 2448 1565 Indicis
2474 1527 2610 1567 flumi-

1376 1591 1518 1640 nibus,
1554 1607 1644 1646 quae
1677 1594 1720 1633 in
1740 1594 1893 1634 Indum
1926 1604 1967 1636 et
1989 1598 2174 1650 Gangem
2197 1598 2399 1650 feruntur,
2425 1616 2508 1641 non
2539 1617 2610 1657 pa-

1379 1681 1443 1706 res
1472 1675 1513 1707 et
1540 1669 1786 1721 navigabiles
1815 1671 1942 1711 modo
1971 1686 2224 1727 perpaucos,
2259 1689 2309 1715 ex
2343 1677 2492 1730 quibus
2522 1678 2609 1732 ipse

1375 1743 1514 1782 Enum
1547 1743 1632 1784 vidi
1664 1759 1711 1785 ac
1734 1747 1872 1786 Saum.
1932 1748 2021 1801 (16)
2054 1752 2188 1803 Atque
2217 1752 2330 1791 Enus
2366 1752 2532 1806 quidem
2562 1755 2605 1794 in

1379 1908 1582 1962 appellare
1597 1908 1760 1949 videtur
1782 1908 1981 1960 Εὔασπλα,
2006 1919 2051 1951 ut
2071 1912 2339 1966 probabiliter
2354 1923 2489 1954 censet
2513 1917 2610 1956 Las-

1380 1981 1453 2009 sen
1473 1974 1510 2009 Z
1514 1985 1563 2010 m·
1584 1971 1726 2011 Gesclz.
1754 1971 1797 2012 d.
1820 1972 1982 2023 Koenige
2000 1987 2080 2012 von
2098 1973 2292 2013 Balstrien
2310 1989 2352 2028 p.
2376 1976 2468 2028 137.
2492 1977 2613 2017 Certe

1378 2033 1555 2086 Euaspla
1570 2048 1594 2072 a
1608 2033 1721 2073 Choe
1739 2042 1779 2073 et
1799 2035 1949 2074 Guraeo
1962 2035 2003 2074 in
2020 2036 2197 2076 Arriano
2223 2035 2503 2090 distinguitur,
2523 2053 2607 2079 rne-

1379 2093 1557 2148 diusque
1573 2095 1678 2134 inter
1693 2109 1762 2135 eos
1784 2097 1969 2150 ponitur.
1990 2098 2232 2138 Mannertus
2245 2099 2300 2147 V,
2322 2112 2359 2148 1,
2378 2113 2420 2153 p.
2443 2101 2494 2152 39
2511 2102 2609 2142 Sua-

1377 2164 1487 2195 stum
1508 2171 1531 2196 a
1546 2157 1694 2196 Garoea
1709 2158 1792 2197 sive
1809 2159 1960 2197 Guraeo
1973 2159 2048 2209 (sic
2059 2167 2206 2212 praetcr
2220 2162 2316 2199 Arr.
2335 2161 2468 2200 Anah.
2488 2164 2609 2203 etiam

1375 2218 1474 2256 Itin.
1494 2217 1610 2258 Alex.
1625 2232 1661 2257 c.
1686 2217 1792 2273 106)
1816 2232 1900 2258 non
1919 2218 2127 2259 diversum
2150 2219 2271 2260 fuisse
2288 2223 2460 2275 putavit,
2479 2237 2608 2276 quum

1376 2279 1444 2318 Str
1446 2279 1524 2318 abo
1554 2280 1783 2333 Choaspem
1823 2281 1967 2334 Goryn
2006 2282 2151 2321 urbem
2174 2283 2448 2342 praeterfluere
2480 2284 2603 2336 dicat,

1376 2355 1453 2380 nec
1468 2356 1552 2381 non
1571 2341 1812 2381 Ptolemaeus
1826 2343 2007 2396 Goryam
2026 2343 2172 2382 u1bem
2187 2342 2239 2382 ad
2258 2345 2446 2384 Suastum
2462 2356 2603 2399 ponat.

1375 2402 1516 2442 Fuerit
1538 2403 1674 2456 potius
1696 2403 1862 2442 Suastus
1881 2402 2106 2443 hodiernus
2139 2403 2298 2452 Sewad,
2331 2406 2392 2444 uti
2421 2413 2606 2448 statuunt

1376 2465 1544 2504 Lassen.
1570 2464 1597 2504 l.
1631 2464 1658 2504 l.
1694 2472 1734 2504 et
1762 2464 1859 2505 Incl.
1884 2464 1976 2505 Alt.
2012 2467 2046 2512 Ι,
2072 2479 2115 2518 p.
2155 2479 2234 2519 29;
2263 2467 2438 2507 Guraeus
2468 2478 2605 2511 autem

1374 2525 1607 2576 Pangkora.
1653 2528 1750 2577 Quo
1799 2540 1991 2566 concesso
2023 2526 2296 2567 Malamantus
2341 2529 2608 2583 probabiliter

1373 2586 1486 2626 idem
1504 2596 1564 2628 est
1582 2602 1677 2628 cum
1699 2588 1812 2628 Choc
1823 2590 1907 2628 sive
1925 2589 2008 2628 Coe
2030 2590 2113 2629 sive
2133 2589 2336 2630 hodierno
2362 2592 2502 2632 Cameli
2527 2592 2541 2648 (
2563 2602 2607 2634 ut

1376 2650 1622 2690 recentiores
1645 2650 1844 2704 appellare
1866 2650 1995 2690 solent
2019 2665 2042 2691 a
2060 2652 2150 2691 vico
2172 2650 2224 2692 ad
2247 2652 2397 2693 ostium
2415 2654 2492 2693 sito
2514 2652 2527 2709 )
2547 2656 2608 2696 vel

1374 2712 1541 2760 rectius,
1562 2720 1610 2752 ut
1633 2711 1809 2762 videtur,
1836 2712 2003 2753 Khonar
2024 2712 2036 2768 (
2063 2728 2314 2768 quamquam
2345 2729 2404 2758 ne.
2419 2715 2498 2755 hoc
2516 2718 2610 2770 qui·-

1374 2772 1471 2813 dem
1494 2782 1651 2814 certum
1673 2783 1747 2814 est.
1768 2773 1877 2814 Vide
1898 2776 2064 2815 Lassen.
2081 2775 2109 2815 l.
2126 2775 2153 2815 l.
2178 2777 2213 2826 Ι,
2231 2790 2274 2830 p.
2297 2775 2348 2816 25
2361 2785 2449 2817 not.
2474 2779 2507 2831 ),
2529 2779 2627 2819 ssu-'

1376 2835 1539 2875 viorum
1553 2837 1595 2875 in
1611 2836 1849 2890 Cophenem
1861 2838 2103 2876 exeuntium
2120 2838 2316 2878 maximo.
2339 2840 2356 2889 ΙΙ
2373 2855 2478 2893 -9.
2497 2856 2546 2881 το
2558 2856 2578 2880 υ
2590 2865 2608 2872 -

1373 2898 1465 2938 τέω
1479 2912 1497 2937 ν
1518 2899 1533 2952 ]
1558 2898 1616 2938 sic
1638 2897 1780 2947 codd.;
1803 2912 1927 2952 quam
1950 2898 2126 2938 formam
2155 2900 2198 2938 in
2220 2899 2433 2941 Herodoto
2453 2901 2607 2956 ubique

1372 2961 1418 3002 in
1451 2960 1596 3001 τούτων
1633 2961 1806 3002 mutavit
1833 2959 2090 3011 Dindoffius,
2115 2959 2306 3002 dubitans
2336 2970 2471 3002 tamen
2506 2978 2604 3004 num

1373 3023 1474 3064 item
1489 3023 1734 3064 tentandum
1750 3025 1802 3064 sit
1817 3025 1860 3064 in
1879 3025 2043 3065 serioris
2058 3025 2131 3064 aevi
2150 3024 2264 3064 libris
2280 3025 2413 3064 ionice
2428 3026 2602 3078 scriptis.

1391 3087 1410 3136 ΙΙ
1426 3109 1483 3116 -
1508 3085 1763 3142 Πάρενος]
1800 3086 1928 3136 Flor.;
1953 3087 2136 3141 πάρεννος
2172 3089 2231 3136 Α’;
2267 3086 2448 3140 πτάρενος
2478 3087 2601 3128 BCD.

1374 3146 1489 3198 Quid
1506 3156 1668 3202 praestet
1691 3148 1908 3187 nescimus.
1930 3148 2096 3188 Fluvius
2124 3162 2209 3187 esse
2226 3146 2388 3187 videtur
2405 3147 2503 3187 hod.
2522 3151 2602 3188 Bu-

1373 3208 1511 3250 rindu.
1539 3211 1554 3263 ΙΙ
1573 3234 1630 3241 -
1649 3210 1842 3264 Σάπαρν
1856 3225 1876 3249 0
1890 3211 1938 3264 ς]
1964 3210 2153 3264 Σαπίρνης
2175 3211 2247 3259 D.;
2269 3208 2368 3249 hod.
2390 3209 2600 3259 Abbasin,

1376 3280 1420 3312 ut
1442 3272 1527 3312 vid.
1566 3277 1578 3320 ll
1602 3296 1657 3303 —
1682 3285 1747 3313 10.
1784 3272 1995 3326 Σόανος]
2014 3272 2164 3326 Σόαμος
2186 3275 2235 3312 Α.
2261 3271 2414 3325 Σόαμον
2438 3273 2511 3320 Ι).;
2543 3281 2604 3313 est

1373 3335 1615 3375 sanseritum
1628 3349 1779 3375 nomen
1793 3348 1981 3382 suvana;
2001 3333 2101 3374 hod.
2118 3338 2234 3374 Swan
2254 3335 2269 3387 ΙΙ
2287 3357 2343 3364 —-
2368 3337 2423 3385 τῆ
2438 3350 2454 3381 ς
2481 3332 2555 3374 ἈΕ
2571 3350 2601 3374 ι-

1374 3397 1531 3451 σάρεω
1546 3398 1581 3451 ν]
1600 3399 1666 3448 τῆς
1691 3396 1835 3436 Baetem
1846 3395 1937 3451 ῥέων
1955 3397 2003 3446 C,
2028 3398 2094 3447 τῆς
2116 3395 2285 3435 Σαὸίσσα
2299 3395 2391 3450 ῥέων
2411 3398 2514 3445 ΑΒ.;
2535 3399 2603 3448 τῆς

1373 3459 1640 3514 σαδησσαρεων
1664 3461 1717 3508 D,
1735 3461 1801 3509 τῆς
1819 3459 2044 3513 Βησσαρέων
2071 3458 2199 3508 Flor.;
2214 3460 2407 3498 sanserite
2425 3459 2603 3512 populus

1371 3521 1570 3563 Abisara.
1589 3521 1652 3562 Cf.
1674 3520 1865 3576 Ὰὸισάρης
1879 3536 1950 3561 rex
1973 3536 2039 3576 ap.
2055 3522 2220 3562 Arrian.
2239 3522 2345 3575 Exp.
2358 3522 2434 3571 IV,
2454 3534 2522 3574 27.
2550 3522 2599 3572 V,

1372 3598 1440 3625 20.
1465 3598 1533 3637 29.
1560 3584 1633 3634 323
1651 3583 1763 3638 quod
1784 3597 1934 3623 nomen
1957 3583 2081 3624 habes
2097 3591 2338 3638 corruptum
2359 3596 2426 3637 ap.
2445 3582 2602 3624 Diodo-

1370 3662 1465 3688 rum
1476 3648 1612 3697 XVII,
1627 3648 1694 3702 87,
1710 3659 1734 3686 2
1751 3645 2017 3703 (Ἐμὲίσαρος)
2039 3655 2080 3688 et
2092 3646 2240 3689 AElian.
2254 3647 2307 3688 N.
2321 3649 2401 3688 An.
2415 3647 2531 3695 XVI,
2548 3648 2598 3699 39

1371 3711 1387 3762 (
1411 3708 1650 3763 Ἀποσισάρης
1672 3708 1704 3764 ).
1727 3708 1789 3749 Cf.
1816 3709 1961 3750 Ritter.
1981 3711 2066 3759 III,
2093 3724 2137 3765 p.
2167 3709 2291 3758 1085;
2331 3711 2480 3750 Lassen
2500 3708 2596 3748 sad.

1370 3773 1461 3813 Alt.
1482 3774 1516 3820 I,
1534 3787 1576 3826 p.
1596 3774 1665 3824 94.
1688 3771 1703 3823 ΙΙ
1730 3784 1850 3812 -12
1876 3771 1940 3812 καὶ
1961 3787 2046 3813 om.
2068 3775 2123 3813 D.
2160 3774 2174 3827 Ι)
2194 3795 2249 3803 —-
2272 3772 2336 3812 13.
2359 3771 2416 3810 ὅτι
2438 3769 2601 3810 τελωτοί

1370 3834 1476 3874 εἰσιν.
1493 3833 1639 3888 οὔνομα
1653 3834 1706 3874 D.
1722 3833 1737 3885 Ι)
1755 3858 1814 3864 -
1829 3833 1895 3874 15.
1913 3835 1964 3875 τό
1978 3849 1995 3875 ν
2019 3850 2041 3875 τ
2054 3850 2070 3875 ε
2098 3834 2252 3888 Ἴστρο
2265 3849 2282 3873 ν
2298 3834 2313 3887 ]
2330 3834 2395 3872 τοῦ
2407 3846 2446 3871 τε
2470 3829 2598 3884 ’ἴστρου

1368 3899 1468 3938 Cm.
1489 3910 1528 3936 2.
1560 3897 1574 3948 ΙΙ
1593 3920 1650 3926 —
1674 3900 1739 3937 16.
1760 3897 1958 3952 μέντοι]
1976 3898 2097 3952 μένγε
2114 3898 2204 3937 AD.
2236 3895 2251 3947 ΙΙ
2270 3919 2326 3926 —-
2345 3908 2408 3947 17.
2427 3891 2471 3932 ὶ’δ
2486 3893 2594 3947 μεν]

1367 3959 1475 4015 ἴσμεν
1500 3956 1736 4010 codd.;em.
1761 3958 1903 4000 Dfihn.
1944 3959 1959 4012 Ι]
1986 3983 2040 3990 -
2065 3960 2128 3999 18.
2155 3973 2199 4013 γε
2222 3971 2305 3998 om.
2329 3955 2485 3997 ABCD.
2507 3956 2526 4008 ΙΙ
2542 3977 2598 3986 —-
