<?xml version="1.0" encoding="UTF-8"?>
<!DOCTYPE html PUBLIC "-//W3C//DTD XHTML 1.0 Transitional//EN"
    "http://www.w3.org/TR/xhtml1/DTD/xhtml1-transitional.dtd">
<html xmlns="http://www.w3.org/1999/xhtml" xml:lang="en" lang="en">
 <head>
  <title>
</title>
<meta http-equiv="Content-Type" content="text/html;charset=utf-8" />
  <meta name='ocr-system' content='tesseract 3.04.00' />
  <meta name='ocr-capabilities' content='ocr_page ocr_carea ocr_par ocr_line ocrx_word'/>
</head>
<body>
  <div class='ocr_page' id='page_1' title='image "./geographigraeci00mueluoft_0228.png"; bbox 0 0 2782 4348; ppageno 0'>
   <div class='ocr_carea' id='block_1_1' title="bbox 165 219 563 271">
    <p class='ocr_par' dir='ltr' id='par_1_1' title="bbox 165 219 563 271">
     <span class='ocr_line' id='line_1_1' title="bbox 165 219 563 271; baseline 0 0"><span class='ocrx_word' id='word_1_1' title='bbox 165 230 227 271; x_wconf 77' lang='lat' dir='ltr'><em>w</em></span> <span class='ocrx_word' id='word_1_2' title='bbox 517 219 563 264; x_wconf 69' lang='grc' dir='ltr'>Ο</span> 
     </span>
    </p>
   </div>
   <div class='ocr_carea' id='block_1_2' title="bbox 161 321 1401 1284">
    <p class='ocr_par' dir='ltr' id='par_1_2' title="bbox 163 321 1398 731">
     <span class='ocr_line' id='line_1_2' title="bbox 222 321 1396 380; baseline -0.006 -4"><span class='ocrx_word' id='word_1_3' title='bbox 222 345 284 378; x_wconf 64' lang='grc' dir='ltr'><strong>τι.</strong></span> <span class='ocrx_word' id='word_1_4' title='bbox 304 330 516 377; x_wconf 66' lang='lat' dir='ltr'><strong>Annos.</strong></span> <span class='ocrx_word' id='word_1_5' title='bbox 534 325 658 375; x_wconf 78' lang='grc' dir='ltr'><strong>Κατὰ</strong></span> <span class='ocrx_word' id='word_1_6' title='bbox 673 325 805 372; x_wconf 72' lang='grc' dir='ltr'><strong>ταῦτα</strong></span> <span class='ocrx_word' id='word_1_7' title='bbox 825 326 914 370; x_wconf 65' lang='grc' dir='ltr'><strong>ἔστι</strong></span> <span class='ocrx_word' id='word_1_8' title='bbox 929 325 1053 378; x_wconf 73' lang='grc' dir='ltr'><strong>νῆσος</strong></span> <span class='ocrx_word' id='word_1_9' title='bbox 1069 321 1212 375; x_wconf 72' lang='grc' dir='ltr'><strong>Αἰολὶς</strong></span> <span class='ocrx_word' id='word_1_10' title='bbox 1225 321 1396 380; x_wconf 71' lang='grc' dir='ltr'><strong>Λίσὸος,</strong></span> 
     </span>
     <span class='ocr_line' id='line_1_3' title="bbox 163 387 1393 460; baseline -0.005 -16"><span class='ocrx_word' id='word_1_11' title='bbox 163 396 197 444; x_wconf 73' lang='grc' dir='ltr'><strong>ι’</strong></span> <span class='ocrx_word' id='word_1_12' title='bbox 219 396 360 449; x_wconf 80' lang='grc' dir='ltr'><strong>πόλιις</strong></span> <span class='ocrx_word' id='word_1_13' title='bbox 390 397 545 460; x_wconf 75' lang='grc' dir='ltr'><strong>ἔχουσα</strong></span> <span class='ocrx_word' id='word_1_14' title='bbox 572 397 614 442; x_wconf 69' lang='grc' dir='ltr'><strong>ἐν</strong></span> <span class='ocrx_word' id='word_1_15' title='bbox 649 396 751 455; x_wconf 77' lang='grc' dir='ltr'><strong>αὑτῇ</strong></span> <span class='ocrx_word' id='word_1_16' title='bbox 773 391 920 443; x_wconf 71' lang='grc' dir='ltr'><strong>τάςδι·</strong></span> <span class='ocrx_word' id='word_1_17' title='bbox 948 390 1204 452; x_wconf 80' lang='grc' dir='ltr'><strong>Μήθυμναν,</strong></span> <span class='ocrx_word' id='word_1_18' title='bbox 1225 387 1393 440; x_wconf 75' lang='grc' dir='ltr'><strong>Ἀντισ-</strong></span> 
     </span>
     <span class='ocr_line' id='line_1_4' title="bbox 163 458 1397 530; baseline -0.002 -21"><span class='ocrx_word' id='word_1_19' title='bbox 163 483 258 523; x_wconf 83' lang='grc' dir='ltr'><strong>σαν,</strong></span> <span class='ocrx_word' id='word_1_20' title='bbox 279 465 467 530; x_wconf 72' lang='grc' dir='ltr'><strong>Ἕρισὸν,</strong></span> <span class='ocrx_word' id='word_1_21' title='bbox 483 463 658 525; x_wconf 82' lang='grc' dir='ltr'>Πύρραν</span> <span class='ocrx_word' id='word_1_22' title='bbox 676 460 747 507; x_wconf 78' lang='grc' dir='ltr'><strong>καὶ</strong></span> <span class='ocrx_word' id='word_1_23' title='bbox 770 458 945 519; x_wconf 70' lang='grc' dir='ltr'><strong>λιμένα,</strong></span> <span class='ocrx_word' id='word_1_24' title='bbox 966 458 1209 518; x_wconf 76' lang='grc' dir='ltr'><strong>Μιτυλήνην</strong></span> <span class='ocrx_word' id='word_1_25' title='bbox 1226 459 1397 521; x_wconf 61' lang='grc' dir='ltr'><strong>λιμένας</strong></span> 
     </span>
     <span class='ocr_line' id='line_1_5' title="bbox 165 527 1396 599; baseline -0.004 -18"><span class='ocrx_word' id='word_1_26' title='bbox 165 534 344 599; x_wconf 71' lang='grc' dir='ltr'><strong>ἔχουσαν</strong></span> <span class='ocrx_word' id='word_1_27' title='bbox 361 534 450 582; x_wconf 82' lang='grc' dir='ltr'><strong>δύο.</strong></span> <span class='ocrx_word' id='word_1_28' title='bbox 518 528 642 579; x_wconf 80' lang='grc' dir='ltr'><strong>Κατὰ</strong></span> <span class='ocrx_word' id='word_1_29' title='bbox 658 528 702 575; x_wconf 74' lang='grc' dir='ltr'><strong>δὲ</strong></span> <span class='ocrx_word' id='word_1_30' title='bbox 722 528 879 585; x_wconf 80' lang='grc' dir='ltr'><strong>ταύτην</strong></span> <span class='ocrx_word' id='word_1_31' title='bbox 906 527 1030 584; x_wconf 75' lang='grc' dir='ltr'><strong>νῆσός</strong></span> <span class='ocrx_word' id='word_1_32' title='bbox 1049 531 1138 576; x_wconf 67' lang='grc' dir='ltr'><strong>ἐστι</strong></span> <span class='ocrx_word' id='word_1_33' title='bbox 1169 529 1242 576; x_wconf 78' lang='grc' dir='ltr'><strong>καὶ</strong></span> <span class='ocrx_word' id='word_1_34' title='bbox 1256 530 1396 584; x_wconf 80' lang='grc' dir='ltr'><strong>πόλις·</strong></span> 
     </span>
     <span class='ocr_line' id='line_1_6' title="bbox 164 596 1398 664; baseline -0.004 -13"><span class='ocrx_word' id='word_1_35' title='bbox 164 602 295 664; x_wconf 80' lang='grc' dir='ltr'><strong>ὄνομα</strong></span> <span class='ocrx_word' id='word_1_36' title='bbox 319 602 363 649; x_wconf 75' lang='grc' dir='ltr'><strong>δὲ</strong></span> <span class='ocrx_word' id='word_1_37' title='bbox 394 600 547 655; x_wconf 80' lang='grc' dir='ltr'>ταύτης</span> <span class='ocrx_word' id='word_1_38' title='bbox 570 596 884 659; x_wconf 81' lang='grc' dir='ltr'><strong>Πορδοσελήνη.</strong></span> <span class='ocrx_word' id='word_1_39' title='bbox 949 596 1175 660; x_wconf 77' lang='grc' dir='ltr'><strong>Ἐπᾶνιιμι</strong></span> <span class='ocrx_word' id='word_1_40' title='bbox 1205 598 1249 646; x_wconf 60' lang='grc' dir='ltr'><strong>δὲ</strong></span> <span class='ocrx_word' id='word_1_41' title='bbox 1269 598 1398 647; x_wconf 72' lang='grc' dir='ltr'><strong>πάλιν</strong></span> 
     </span>
     <span class='ocr_line' id='line_1_7' title="bbox 166 664 1332 731; baseline -0.003 -13"><span class='ocrx_word' id='word_1_42' title='bbox 166 670 237 718; x_wconf 74' lang='grc' dir='ltr'><strong>ἐπὶ</strong></span> <span class='ocrx_word' id='word_1_43' title='bbox 259 669 335 727; x_wconf 70' lang='grc' dir='ltr'><strong>τὴν</strong></span> <span class='ocrx_word' id='word_1_44' title='bbox 360 669 546 731; x_wconf 76' lang='grc' dir='ltr'><strong>ἤπειρον,</strong></span> <span class='ocrx_word' id='word_1_45' title='bbox 572 665 662 712; x_wconf 77' lang='grc' dir='ltr'><strong>ὅθεν</strong></span> <span class='ocrx_word' id='word_1_46' title='bbox 682 664 968 728; x_wconf 77' lang='grc' dir='ltr'><strong>ἕξετραπόμην</strong></span> <span class='ocrx_word' id='word_1_47' title='bbox 987 666 1057 713; x_wconf 69' lang='grc' dir='ltr'><strong>ἐπὶ</strong></span> <span class='ocrx_word' id='word_1_48' title='bbox 1076 666 1151 721; x_wconf 69' lang='grc' dir='ltr'><strong>τὰς</strong></span> <span class='ocrx_word' id='word_1_49' title='bbox 1166 668 1332 725; x_wconf 75' lang='grc' dir='ltr'><strong>νήσους.</strong></span> 
     </span>
    </p>

    <p class='ocr_par' dir='ltr' id='par_1_3' title="bbox 161 732 1401 1284">
     <span class='ocr_line' id='line_1_8' title="bbox 225 732 1400 797; baseline -0.002 -11"><span class='ocrx_word' id='word_1_50' title='bbox 225 756 285 786; x_wconf 73' lang='lat' dir='ltr'><strong>aa.</strong></span> <span class='ocrx_word' id='word_1_51' title='bbox 308 741 480 784; x_wconf 70' lang='lat' dir='ltr'><strong>Arm.</strong></span> <span class='ocrx_word' id='word_1_52' title='bbox 519 732 622 781; x_wconf 78' lang='grc' dir='ltr'><strong>Ἀπὸ</strong></span> <span class='ocrx_word' id='word_1_53' title='bbox 650 733 893 797; x_wconf 82' lang='grc' dir='ltr'><strong>Ἀντᾶνδρου</strong></span> <span class='ocrx_word' id='word_1_54' title='bbox 926 734 998 782; x_wconf 78' lang='grc' dir='ltr'><strong>καὶ</strong></span> <span class='ocrx_word' id='word_1_55' title='bbox 1030 739 1104 792; x_wconf 74' lang='grc' dir='ltr'><strong>τῆς</strong></span> <span class='ocrx_word' id='word_1_56' title='bbox 1135 739 1333 794; x_wconf 68' lang='grc' dir='ltr'><strong>Αἰολικῆς</strong></span> <span class='ocrx_word' id='word_1_57' title='bbox 1352 738 1400 784; x_wconf 81' lang='grc' dir='ltr'><strong>τὸ</strong></span> 
     </span>
     <span class='ocr_line' id='line_1_9' title="bbox 163 799 1400 873; baseline -0.001 -20"><span class='ocrx_word' id='word_1_58' title='bbox 163 808 278 854; x_wconf 80' lang='grc' dir='ltr'><strong>κάτω</strong></span> <span class='ocrx_word' id='word_1_59' title='bbox 310 799 360 862; x_wconf 72' lang='grc' dir='ltr'><strong>ἦν</strong></span> <span class='ocrx_word' id='word_1_60' title='bbox 389 804 588 873; x_wconf 67' lang='grc' dir='ltr'><strong>πρότερον</strong></span> <span class='ocrx_word' id='word_1_61' title='bbox 607 803 683 864; x_wconf 75' lang='grc' dir='ltr'><strong>μὲν</strong></span> <span class='ocrx_word' id='word_1_62' title='bbox 706 802 757 848; x_wconf 87' lang='grc' dir='ltr'><strong>δι’</strong></span> <span class='ocrx_word' id='word_1_63' title='bbox 778 802 1082 869; x_wconf 77' lang='grc' dir='ltr'><strong>αὖτὴνὴχώρα</strong></span> <span class='ocrx_word' id='word_1_64' title='bbox 1105 805 1253 853; x_wconf 83' lang='grc' dir='ltr'><strong>Μυσία</strong></span> <span class='ocrx_word' id='word_1_65' title='bbox 1275 805 1400 870; x_wconf 71' lang='grc' dir='ltr'><strong>μέχρι</strong></span> 
     </span>
     <span class='ocr_line' id='line_1_10' title="bbox 163 872 1401 936; baseline -0.002 -13"><span class='ocrx_word' id='word_1_66' title='bbox 163 874 434 936; x_wconf 74' lang='grc' dir='ltr'><strong>Τευθρανίας,</strong></span> <span class='ocrx_word' id='word_1_67' title='bbox 449 878 520 920; x_wconf 78' lang='grc' dir='ltr'><strong>νῦν</strong></span> <span class='ocrx_word' id='word_1_68' title='bbox 541 872 584 919; x_wconf 89' lang='grc' dir='ltr'><strong>δὲ</strong></span> <span class='ocrx_word' id='word_1_69' title='bbox 605 872 756 920; x_wconf 85' lang='grc' dir='ltr'><strong>Λυδία.</strong></span> <span class='ocrx_word' id='word_1_70' title='bbox 826 874 966 920; x_wconf 81' lang='grc' dir='ltr'><strong>Μυσοὶ</strong></span> <span class='ocrx_word' id='word_1_71' title='bbox 984 876 1021 920; x_wconf 82' lang='grc' dir='ltr'><strong>δ’</strong></span> <span class='ocrx_word' id='word_1_72' title='bbox 1044 873 1321 931; x_wconf 77' lang='grc' dir='ltr'><strong>ἐξανέστησαν</strong></span> <span class='ocrx_word' id='word_1_73' title='bbox 1344 877 1401 928; x_wconf 75' lang='grc' dir='ltr'><strong>εἷς</strong></span> 
     </span>
     <span class='ocr_line' id='line_1_11' title="bbox 162 942 1401 1008; baseline 0.002 -20"><span class='ocrx_word' id='word_1_74' title='bbox 162 944 237 1001; x_wconf 79' lang='grc' dir='ltr'><strong>τὴν</strong></span> <span class='ocrx_word' id='word_1_75' title='bbox 252 944 422 1008; x_wconf 79' lang='grc' dir='ltr'><strong>ἤπειρον</strong></span> <span class='ocrx_word' id='word_1_76' title='bbox 442 942 545 989; x_wconf 82' lang='grc' dir='ltr'><strong>ἄνω.</strong></span> <span class='ocrx_word' id='word_1_77' title='bbox 616 942 715 990; x_wconf 78' lang='grc' dir='ltr'><strong>Εἰσὶ</strong></span> <span class='ocrx_word' id='word_1_78' title='bbox 738 942 781 988; x_wconf 85' lang='grc' dir='ltr'><strong>δὲ</strong></span> <span class='ocrx_word' id='word_1_79' title='bbox 797 943 1005 995; x_wconf 80' lang='grc' dir='ltr'><strong>πόλεις-ἐν</strong></span> <span class='ocrx_word' id='word_1_80' title='bbox 1030 945 1136 1003; x_wconf 78' lang='grc' dir='ltr'><strong>αὐτῇ</strong></span> <span class='ocrx_word' id='word_1_81' title='bbox 1159 943 1401 1000; x_wconf 77' lang='grc' dir='ltr'><strong>Ἑλληνίδες</strong></span> 
     </span>
     <span class='ocr_line' id='line_1_12' title="bbox 162 1004 1400 1076; baseline -0.001 -16"><span class='ocrx_word' id='word_1_82' title='bbox 162 1013 291 1060; x_wconf 82' lang='grc' dir='ltr'><strong>καὶέν</strong></span> <span class='ocrx_word' id='word_1_83' title='bbox 309 1016 362 1076; x_wconf 80' lang='grc' dir='ltr'><strong>τῇ</strong></span> <span class='ocrx_word' id='word_1_84' title='bbox 382 1013 520 1076; x_wconf 70' lang='grc' dir='ltr'><strong>Λυδία</strong></span> <span class='ocrx_word' id='word_1_85' title='bbox 542 1010 654 1057; x_wconf 75' lang='grc' dir='ltr'><strong>αἵδε·</strong></span> <span class='ocrx_word' id='word_1_86' title='bbox 677 1007 883 1073; x_wconf 77' lang='grc' dir='ltr'><strong>Ἄστυρα,</strong></span> <span class='ocrx_word' id='word_1_87' title='bbox 903 1004 950 1059; x_wconf 72' lang='grc' dir='ltr'><strong>οὗ</strong></span> <span class='ocrx_word' id='word_1_88' title='bbox 976 1011 1023 1059; x_wconf 85' lang='grc' dir='ltr'><strong>τὸ</strong></span> <span class='ocrx_word' id='word_1_89' title='bbox 1052 1011 1160 1076; x_wconf 80' lang='grc' dir='ltr'><strong>ἱερὸν</strong></span> <span class='ocrx_word' id='word_1_90' title='bbox 1179 1012 1400 1076; x_wconf 78' lang='grc' dir='ltr'><strong>[Ἀρτέμι-</strong></span> 
     </span>
     <span class='ocr_line' id='line_1_13' title="bbox 162 1079 1401 1147; baseline -0.001 -18"><span class='ocrx_word' id='word_1_91' title='bbox 162 1084 242 1140; x_wconf 86' lang='grc' dir='ltr'><strong>δος,</strong></span> <span class='ocrx_word' id='word_1_92' title='bbox 281 1083 353 1129; x_wconf 79' lang='grc' dir='ltr'><strong>καὶ</strong></span> <span class='ocrx_word' id='word_1_93' title='bbox 383 1083 401 1146; x_wconf 95' lang='grc'><strong>]</strong></span> <span class='ocrx_word' id='word_1_94' title='bbox 434 1080 746 1146; x_wconf 73' lang='grc' dir='ltr'><strong>Ἀδραμύττιον.</strong></span> <span class='ocrx_word' id='word_1_95' title='bbox 811 1080 865 1130; x_wconf 83' lang='grc' dir='ltr'><strong>Ἦ</strong></span> <span class='ocrx_word' id='word_1_96' title='bbox 906 1079 949 1128; x_wconf 79' lang='grc' dir='ltr'><strong>δὲ</strong></span> <span class='ocrx_word' id='word_1_97' title='bbox 978 1081 1098 1147; x_wconf 82' lang='grc' dir='ltr'><strong>χώρα</strong></span> <span class='ocrx_word' id='word_1_98' title='bbox 1129 1082 1306 1130; x_wconf 77' lang='grc' dir='ltr'><strong>Λεσὸία·</strong></span> <span class='ocrx_word' id='word_1_99' title='bbox 1329 1082 1401 1129; x_wconf 81' lang='grc' dir='ltr'><strong>καὶ</strong></span> 
     </span>
     <span class='ocr_line' id='line_1_14' title="bbox 161 1151 1401 1217; baseline 0.001 -20"><span class='ocrx_word' id='word_1_100' title='bbox 161 1152 264 1215; x_wconf 79' lang='grc' dir='ltr'><strong>ὑπὲρ</strong></span> <span class='ocrx_word' id='word_1_101' title='bbox 286 1152 439 1210; x_wconf 83' lang='grc' dir='ltr'><strong>ταύτης</strong></span> <span class='ocrx_word' id='word_1_102' title='bbox 466 1155 494 1209; x_wconf 80' lang='grc' dir='ltr'>ἡ</span> <span class='ocrx_word' id='word_1_103' title='bbox 535 1152 652 1200; x_wconf 84' lang='grc' dir='ltr'><strong>Χίων</strong></span> <span class='ocrx_word' id='word_1_104' title='bbox 671 1151 789 1215; x_wconf 84' lang='grc' dir='ltr'><strong>χώρα</strong></span> <span class='ocrx_word' id='word_1_105' title='bbox 815 1151 888 1198; x_wconf 74' lang='grc' dir='ltr'><strong>καὶ</strong></span> <span class='ocrx_word' id='word_1_106' title='bbox 920 1151 1039 1206; x_wconf 82' lang='grc' dir='ltr'><strong>πόλις</strong></span> <span class='ocrx_word' id='word_1_107' title='bbox 1062 1151 1295 1217; x_wconf 80' lang='grc' dir='ltr'><strong>Ἀταρνεύς·</strong></span> <span class='ocrx_word' id='word_1_108' title='bbox 1322 1151 1401 1198; x_wconf 83' lang='grc' dir='ltr'><strong>ὑπὸ</strong></span> 
     </span>
     <span class='ocr_line' id='line_1_15' title="bbox 163 1220 1401 1284; baseline 0.002 -17"><span class='ocrx_word' id='word_1_109' title='bbox 163 1222 205 1267; x_wconf 85' lang='grc' dir='ltr'><strong>δὲ</strong></span> <span class='ocrx_word' id='word_1_110' title='bbox 230 1225 363 1268; x_wconf 75' lang='grc' dir='ltr'><strong>ταῦτα</strong></span> <span class='ocrx_word' id='word_1_111' title='bbox 399 1221 468 1269; x_wconf 75' lang='grc' dir='ltr'><strong>ἐπὶ</strong></span> <span class='ocrx_word' id='word_1_112' title='bbox 495 1222 707 1268; x_wconf 82' lang='grc' dir='ltr'><strong>θάλατταν</strong></span> <span class='ocrx_word' id='word_1_113' title='bbox 742 1220 870 1282; x_wconf 81' lang='grc' dir='ltr'><strong>λιμὴν</strong></span> <span class='ocrx_word' id='word_1_114' title='bbox 905 1222 1070 1280; x_wconf 80' lang='grc' dir='ltr'><strong>Πιτάνη</strong></span> <span class='ocrx_word' id='word_1_115' title='bbox 1107 1223 1178 1269; x_wconf 79' lang='grc' dir='ltr'><strong>καὶ</strong></span> <span class='ocrx_word' id='word_1_116' title='bbox 1215 1223 1401 1284; x_wconf 73' lang='grc' dir='ltr'><strong>ποταμὸς</strong></span> 
     </span>
    </p>
   </div>
   <div class='ocr_carea' id='block_1_3' title="bbox 138 1381 1414 4149">
    <p class='ocr_par' dir='ltr' id='par_1_4' title="bbox 163 1381 1408 1817">
     <span class='ocr_line' id='line_1_16' title="bbox 163 1381 1401 1440; baseline -0.002 -14"><span class='ocrx_word' id='word_1_117' title='bbox 163 1398 279 1427; x_wconf 75' lang='lat' dir='ltr'><strong>oram</strong></span> <span class='ocrx_word' id='word_1_118' title='bbox 310 1385 448 1425; x_wconf 87' lang='lat' dir='ltr'><strong>marit.</strong></span> <span class='ocrx_word' id='word_1_119' title='bbox 483 1391 777 1439; x_wconf 88' lang='lat' dir='ltr'><strong>transponunt.</strong></span> <span class='ocrx_word' id='word_1_120' title='bbox 803 1382 977 1424; x_wconf 80' lang='lat' dir='ltr'><strong>Meliora</strong></span> <span class='ocrx_word' id='word_1_121' title='bbox 1004 1381 1099 1424; x_wconf 83' lang='lat' dir='ltr'><strong>vide</strong></span> <span class='ocrx_word' id='word_1_122' title='bbox 1112 1397 1179 1440; x_wconf 86' lang='lat' dir='ltr'><strong>ap.</strong></span> <span class='ocrx_word' id='word_1_123' title='bbox 1202 1383 1337 1425; x_wconf 84' lang='lat' dir='ltr'><strong>Leake</strong></span> <span class='ocrx_word' id='word_1_124' title='bbox 1360 1384 1401 1424; x_wconf 91' lang='lat' dir='ltr'><strong>in</strong></span> 
     </span>
     <span class='ocr_line' id='line_1_17' title="bbox 163 1445 1403 1503; baseline 0 -15"><span class='ocrx_word' id='word_1_125' title='bbox 163 1447 261 1490; x_wconf 88' lang='lat' dir='ltr'><strong>Asia</strong></span> <span class='ocrx_word' id='word_1_126' title='bbox 284 1446 387 1487; x_wconf 82' lang='lat' dir='ltr'><strong>min.</strong></span> <span class='ocrx_word' id='word_1_127' title='bbox 411 1460 456 1503; x_wconf 88' lang='lat' dir='ltr'><strong>p.</strong></span> <span class='ocrx_word' id='word_1_128' title='bbox 481 1449 581 1501; x_wconf 73' lang='lat'><strong>274.</strong></span> <span class='ocrx_word' id='word_1_129' title='bbox 606 1447 801 1488; x_wconf 91' lang='lat' dir='ltr'><strong>Ceterum</strong></span> <span class='ocrx_word' id='word_1_130' title='bbox 834 1445 889 1487; x_wconf 91' lang='lat' dir='ltr'><strong>cf.</strong></span> <span class='ocrx_word' id='word_1_131' title='bbox 912 1446 1167 1503; x_wconf 86' lang='lat' dir='ltr'><strong>Xenophon.</strong></span> <span class='ocrx_word' id='word_1_132' title='bbox 1194 1446 1301 1488; x_wconf 76' lang='lat' dir='ltr'><strong>neu.</strong></span> <span class='ocrx_word' id='word_1_133' title='bbox 1324 1448 1403 1497; x_wconf 90' lang='lat'>111,</span> 
     </span>
     <span class='ocr_line' id='line_1_18' title="bbox 166 1508 1403 1565; baseline -0.001 -14"><span class='ocrx_word' id='word_1_134' title='bbox 166 1522 207 1561; x_wconf 84' lang='lat'>1,</span> <span class='ocrx_word' id='word_1_135' title='bbox 235 1513 283 1550; x_wconf 82' lang='lat'><strong>16</strong></span> <span class='ocrx_word' id='word_1_136' title='bbox 303 1510 386 1563; x_wconf 86' lang='lat' dir='ltr'><strong>(ex</strong></span> <span class='ocrx_word' id='word_1_137' title='bbox 408 1522 494 1565; x_wconf 91' lang='lat' dir='ltr'><strong>quo</strong></span> <span class='ocrx_word' id='word_1_138' title='bbox 521 1509 619 1550; x_wconf 88' lang='lat' dir='ltr'><strong>item</strong></span> <span class='ocrx_word' id='word_1_139' title='bbox 642 1508 808 1563; x_wconf 81' lang='lat' dir='ltr'><strong>colligas</strong></span> <span class='ocrx_word' id='word_1_140' title='bbox 826 1523 911 1551; x_wconf 91' lang='lat' dir='ltr'><strong>non</strong></span> <span class='ocrx_word' id='word_1_141' title='bbox 931 1508 1055 1551; x_wconf 86' lang='lat' dir='ltr'><strong>fuisse</strong></span> <span class='ocrx_word' id='word_1_142' title='bbox 1073 1508 1327 1551; x_wconf 90' lang='lat' dir='ltr'><strong>Neandriam</strong></span> <span class='ocrx_word' id='word_1_143' title='bbox 1354 1524 1403 1551; x_wconf 84' lang='lat' dir='ltr'><strong>ex</strong></span> 
     </span>
     <span class='ocr_line' id='line_1_19' title="bbox 164 1569 1404 1627; baseline 0 -14"><span class='ocrx_word' id='word_1_144' title='bbox 164 1573 383 1614; x_wconf 77' lang='lat' dir='ltr'>maritimis</span> <span class='ocrx_word' id='word_1_145' title='bbox 417 1571 619 1623; x_wconf 77' lang='lat' dir='ltr'>urbibus,</span> <span class='ocrx_word' id='word_1_146' title='bbox 662 1586 755 1627; x_wconf 87' lang='lat' dir='ltr'>quae</span> <span class='ocrx_word' id='word_1_147' title='bbox 787 1570 1020 1613; x_wconf 83' lang='lat' dir='ltr'><strong>Dercillidae</strong></span> <span class='ocrx_word' id='word_1_148' title='bbox 1051 1585 1095 1613; x_wconf 90' lang='lat' dir='ltr'><strong>se</strong></span> <span class='ocrx_word' id='word_1_149' title='bbox 1138 1569 1377 1626; x_wconf 91' lang='lat' dir='ltr'><strong>dederunt)</strong></span> <span class='ocrx_word' id='word_1_150' title='bbox 1391 1587 1404 1622; x_wconf 85' lang='lat'>;</span> 
     </span>
     <span class='ocr_line' id='line_1_20' title="bbox 163 1633 1408 1691; baseline -0.001 -15"><span class='ocrx_word' id='word_1_151' title='bbox 163 1634 427 1691; x_wconf 88' lang='lat' dir='ltr'><strong>Theopomp.</strong></span> <span class='ocrx_word' id='word_1_152' title='bbox 446 1633 500 1676; x_wconf 90' lang='lat' dir='ltr'><strong>fr.</strong></span> <span class='ocrx_word' id='word_1_153' title='bbox 519 1635 627 1685; x_wconf 87' lang='lat'><strong>310;</strong></span> <span class='ocrx_word' id='word_1_154' title='bbox 645 1635 807 1677; x_wconf 81' lang='lat' dir='ltr'>Charax</span> <span class='ocrx_word' id='word_1_155' title='bbox 828 1633 880 1675; x_wconf 89' lang='lat' dir='ltr'><strong>fr.</strong></span> <span class='ocrx_word' id='word_1_156' title='bbox 902 1637 954 1685; x_wconf 76' lang='lat'><strong>4;</strong></span> <span class='ocrx_word' id='word_1_157' title='bbox 975 1634 1132 1676; x_wconf 87' lang='lat' dir='ltr'>Plinius</span> <span class='ocrx_word' id='word_1_158' title='bbox 1149 1635 1207 1685; x_wconf 88' lang='lat' dir='ltr'><strong>V,</strong></span> <span class='ocrx_word' id='word_1_159' title='bbox 1226 1634 1293 1676; x_wconf 81' lang='lat'><strong>32.</strong></span> <span class='ocrx_word' id='word_1_160' title='bbox 1316 1636 1408 1688; x_wconf 82' lang='grc'><strong>11-</strong></span> 
     </span>
     <span class='ocr_line' id='line_1_21' title="bbox 163 1696 1408 1754; baseline 0.001 -17"><span class='ocrx_word' id='word_1_161' title='bbox 163 1696 199 1737; x_wconf 93' lang='lat'><strong>11</strong></span> <span class='ocrx_word' id='word_1_162' title='bbox 214 1697 339 1739; x_wconf 78' lang='grc' dir='ltr'><strong>ιτὺει</strong></span> <span class='ocrx_word' id='word_1_163' title='bbox 350 1698 406 1754; x_wconf 90' lang='grc' dir='ltr'><strong>α]</strong></span> <span class='ocrx_word' id='word_1_164' title='bbox 424 1697 573 1740; x_wconf 86' lang='grc' dir='ltr'><strong>πετίεια</strong></span> <span class='ocrx_word' id='word_1_165' title='bbox 589 1696 747 1748; x_wconf 84' lang='lat' dir='ltr'><strong>codex;</strong></span> <span class='ocrx_word' id='word_1_166' title='bbox 766 1712 847 1739; x_wconf 89' lang='lat' dir='ltr'><strong>em.</strong></span> <span class='ocrx_word' id='word_1_167' title='bbox 866 1698 1055 1749; x_wconf 78' lang='lat' dir='ltr'><strong>Vossius,</strong></span> <span class='ocrx_word' id='word_1_168' title='bbox 1070 1696 1173 1738; x_wconf 89' lang='lat' dir='ltr'><strong>nihil</strong></span> <span class='ocrx_word' id='word_1_169' title='bbox 1185 1705 1322 1738; x_wconf 90' lang='lat' dir='ltr'><strong>tamen</strong></span> <span class='ocrx_word' id='word_1_170' title='bbox 1335 1696 1408 1738; x_wconf 89' lang='lat' dir='ltr'><strong>ad·</strong></span> 
     </span>
     <span class='ocr_line' id='line_1_22' title="bbox 163 1758 1274 1817; baseline 0.001 -17"><span class='ocrx_word' id='word_1_171' title='bbox 163 1758 267 1801; x_wconf 90' lang='lat' dir='ltr'><strong>dens</strong></span> <span class='ocrx_word' id='word_1_172' title='bbox 282 1759 336 1801; x_wconf 89' lang='lat' dir='ltr'><strong>de</strong></span> <span class='ocrx_word' id='word_1_173' title='bbox 353 1760 434 1803; x_wconf 87' lang='lat' dir='ltr'><strong>hac</strong></span> <span class='ocrx_word' id='word_1_174' title='bbox 449 1760 582 1813; x_wconf 80' lang='lat' dir='ltr'><strong>urbe;</strong></span> <span class='ocrx_word' id='word_1_175' title='bbox 599 1775 733 1817; x_wconf 87' lang='lat' dir='ltr'><strong>neque</strong></span> <span class='ocrx_word' id='word_1_176' title='bbox 747 1775 824 1816; x_wconf 85' lang='lat' dir='ltr'><strong>ego</strong></span> <span class='ocrx_word' id='word_1_177' title='bbox 842 1759 896 1802; x_wconf 91' lang='lat' dir='ltr'><strong>de</strong></span> <span class='ocrx_word' id='word_1_178' title='bbox 910 1775 958 1802; x_wconf 90' lang='lat' dir='ltr'><strong>ea</strong></span> <span class='ocrx_word' id='word_1_179' title='bbox 972 1759 1111 1802; x_wconf 84' lang='lat' dir='ltr'><strong>dicere</strong></span> <span class='ocrx_word' id='word_1_180' title='bbox 1125 1759 1274 1802; x_wconf 87' lang='lat' dir='ltr'><strong>habeo.</strong></span> 
     </span>
    </p>

    <p class='ocr_par' dir='ltr' id='par_1_5' title="bbox 163 1822 1409 2244">
     <span class='ocr_line' id='line_1_23' title="bbox 220 1822 1409 1880; baseline -0.001 -15"><span class='ocrx_word' id='word_1_181' title='bbox 220 1826 244 1876; x_wconf 79' lang='lat' dir='ltr'><strong>S</strong></span> <span class='ocrx_word' id='word_1_182' title='bbox 266 1838 335 1879; x_wconf 88' lang='lat'><strong>97.</strong></span> <span class='ocrx_word' id='word_1_183' title='bbox 360 1823 663 1880; x_wconf 77' lang='grc' dir='ltr'><strong>Μήθυμναν]</strong></span> <span class='ocrx_word' id='word_1_184' title='bbox 689 1824 773 1880; x_wconf 84' lang='grc' dir='ltr'><strong>μέθ.</strong></span> <span class='ocrx_word' id='word_1_185' title='bbox 791 1822 1051 1873; x_wconf 81' lang='lat' dir='ltr'><strong>codex;em.</strong></span> <span class='ocrx_word' id='word_1_186' title='bbox 1069 1823 1295 1865; x_wconf 79' lang='lat' dir='ltr'>Fabricius.</span> <span class='ocrx_word' id='word_1_187' title='bbox 1317 1827 1335 1877; x_wconf 84' lang='grc' dir='ltr'><strong>ΙΙ</strong></span> <span class='ocrx_word' id='word_1_188' title='bbox 1351 1847 1409 1856; x_wconf 93' lang='lat'><strong>—-</strong></span> 
     </span>
     <span class='ocr_line' id='line_1_24' title="bbox 164 1885 1405 1943; baseline 0 -15"><span class='ocrx_word' id='word_1_189' title='bbox 164 1885 546 1943; x_wconf 75' lang='grc' dir='ltr'><strong>Πορδοσελήνη]</strong></span> <span class='ocrx_word' id='word_1_190' title='bbox 571 1887 723 1942; x_wconf 88' lang='grc' dir='ltr'><strong>πορδός·</strong></span> <span class='ocrx_word' id='word_1_191' title='bbox 744 1885 857 1939; x_wconf 79' lang='grc' dir='ltr'><strong>ἐλὲνη</strong></span> <span class='ocrx_word' id='word_1_192' title='bbox 877 1885 1024 1928; x_wconf 84' lang='lat' dir='ltr'><strong>codex.</strong></span> <span class='ocrx_word' id='word_1_193' title='bbox 1048 1887 1104 1927; x_wconf 84' lang='lat' dir='ltr'><strong>V.</strong></span> <span class='ocrx_word' id='word_1_194' title='bbox 1124 1885 1273 1928; x_wconf 88' lang='lat' dir='ltr'><strong>Strabo</strong></span> <span class='ocrx_word' id='word_1_195' title='bbox 1286 1887 1405 1938; x_wconf 87' lang='lat' dir='ltr'>XIII,</span> 
     </span>
     <span class='ocr_line' id='line_1_25' title="bbox 163 1948 1408 2005; baseline 0 -15"><span class='ocrx_word' id='word_1_196' title='bbox 163 1962 208 2005; x_wconf 90' lang='lat' dir='ltr'><strong>p.</strong></span> <span class='ocrx_word' id='word_1_197' title='bbox 247 1951 328 1992; x_wconf 83' lang='lat'><strong>618</strong></span> <span class='ocrx_word' id='word_1_198' title='bbox 341 1980 353 2001; x_wconf 94' lang='lat'>,</span> <span class='ocrx_word' id='word_1_199' title='bbox 389 1949 462 1991; x_wconf 91' lang='lat' dir='ltr'><strong>ubi</strong></span> <span class='ocrx_word' id='word_1_200' title='bbox 493 1949 716 1991; x_wconf 90' lang='lat' dir='ltr'><strong>nonnullos</strong></span> <span class='ocrx_word' id='word_1_201' title='bbox 749 1949 815 1998; x_wconf 79' lang='grc' dir='ltr'><strong>τὰς</strong></span> <span class='ocrx_word' id='word_1_202' title='bbox 846 1949 1061 2005; x_wconf 72' lang='grc' dir='ltr'><strong>δυσφημίας</strong></span> <span class='ocrx_word' id='word_1_203' title='bbox 1097 1953 1174 1991; x_wconf 85' lang='grc' dir='ltr'><strong>τῶν</strong></span> <span class='ocrx_word' id='word_1_204' title='bbox 1203 1948 1408 2004; x_wconf 80' lang='grc' dir='ltr'><strong>ὀνομάτων</strong></span> 
     </span>
     <span class='ocr_line' id='line_1_26' title="bbox 163 2010 1406 2068; baseline -0.002 -14"><span class='ocrx_word' id='word_1_205' title='bbox 163 2012 356 2068; x_wconf 78' lang='grc' dir='ltr'><strong>φυγόντας</strong></span> <span class='ocrx_word' id='word_1_206' title='bbox 377 2011 553 2054; x_wconf 86' lang='lat' dir='ltr'><strong>insulam</strong></span> <span class='ocrx_word' id='word_1_207' title='bbox 578 2026 743 2054; x_wconf 84' lang='lat' dir='ltr'><strong>vocasse</strong></span> <span class='ocrx_word' id='word_1_208' title='bbox 771 2012 828 2053; x_wconf 93' lang='lat' dir='ltr'><strong>ait</strong></span> <span class='ocrx_word' id='word_1_209' title='bbox 853 2010 1146 2067; x_wconf 80' lang='grc' dir='ltr'><strong>Ποροσελήνην.</strong></span> <span class='ocrx_word' id='word_1_210' title='bbox 1175 2010 1240 2053; x_wconf 85' lang='lat' dir='ltr'><strong>Cf.</strong></span> <span class='ocrx_word' id='word_1_211' title='bbox 1264 2011 1406 2067; x_wconf 88' lang='lat' dir='ltr'><strong>Steph.</strong></span> 
     </span>
     <span class='ocr_line' id='line_1_27' title="bbox 165 2074 1406 2131; baseline 0 -15"><span class='ocrx_word' id='word_1_212' title='bbox 165 2075 263 2131; x_wconf 70' lang='lat' dir='ltr'><strong>Byr..</strong></span> <span class='ocrx_word' id='word_1_213' title='bbox 286 2090 320 2117; x_wconf 84' lang='lat' dir='ltr'><strong>s.</strong></span> <span class='ocrx_word' id='word_1_214' title='bbox 342 2089 412 2127; x_wconf 83' lang='lat' dir='ltr'><strong>v.;</strong></span> <span class='ocrx_word' id='word_1_215' title='bbox 437 2075 672 2117; x_wconf 82' lang='lat' dir='ltr'><strong>Poroselene</strong></span> <span class='ocrx_word' id='word_1_216' title='bbox 689 2089 755 2131; x_wconf 89' lang='lat' dir='ltr'><strong>ap.</strong></span> <span class='ocrx_word' id='word_1_217' title='bbox 780 2074 962 2117; x_wconf 88' lang='lat' dir='ltr'>Plinium</span> <span class='ocrx_word' id='word_1_218' title='bbox 988 2075 1115 2125; x_wconf 86' lang='lat' dir='ltr'>vm,</span> <span class='ocrx_word' id='word_1_219' title='bbox 1140 2074 1209 2116; x_wconf 89' lang='grc'><strong>83.</strong></span> <span class='ocrx_word' id='word_1_220' title='bbox 1235 2075 1292 2125; x_wconf 87' lang='lat' dir='ltr'><strong>V,</strong></span> <span class='ocrx_word' id='word_1_221' title='bbox 1327 2075 1379 2116; x_wconf 84' lang='lat'><strong>38</strong></span> <span class='ocrx_word' id='word_1_222' title='bbox 1394 2090 1406 2125; x_wconf 69' lang='grc' dir='ltr'><strong>ς</strong></span> 
     </span>
     <span class='ocr_line' id='line_1_28' title="bbox 164 2136 1409 2192; baseline 0 -13"><span class='ocrx_word' id='word_1_223' title='bbox 164 2137 341 2180; x_wconf 86' lang='lat' dir='ltr'><strong>Ptolem.</strong></span> <span class='ocrx_word' id='word_1_224' title='bbox 357 2138 414 2191; x_wconf 78' lang='lat' dir='ltr'><strong>V,</strong></span> <span class='ocrx_word' id='word_1_225' title='bbox 436 2150 485 2190; x_wconf 81' lang='lat'><strong>23</strong></span> <span class='ocrx_word' id='word_1_226' title='bbox 504 2137 654 2180; x_wconf 79' lang='lat' dir='ltr'><strong>AElian.</strong></span> <span class='ocrx_word' id='word_1_227' title='bbox 674 2138 728 2179; x_wconf 90' lang='lat' dir='ltr'><strong>N.</strong></span> <span class='ocrx_word' id='word_1_228' title='bbox 754 2140 836 2180; x_wconf 90' lang='lat' dir='ltr'><strong>An.</strong></span> <span class='ocrx_word' id='word_1_229' title='bbox 856 2139 914 2189; x_wconf 92' lang='lat'>11,</span> <span class='ocrx_word' id='word_1_230' title='bbox 937 2141 988 2189; x_wconf 79' lang='lat'><strong>63</strong></span> <span class='ocrx_word' id='word_1_231' title='bbox 1012 2136 1241 2192; x_wconf 82' lang='grc' dir='ltr'><strong>Προσελήνη</strong></span> <span class='ocrx_word' id='word_1_232' title='bbox 1260 2137 1409 2179; x_wconf 80' lang='lat' dir='ltr'><strong>&#39;Hiero-</strong></span> 
     </span>
     <span class='ocr_line' id='line_1_29' title="bbox 165 2199 597 2244; baseline 0.005 -3"><span class='ocrx_word' id='word_1_233' title='bbox 165 2199 247 2243; x_wconf 86' lang='lat' dir='ltr'><strong>cles</strong></span> <span class='ocrx_word' id='word_1_234' title='bbox 298 2233 309 2243; x_wconf 95' lang='lat'><strong>.</strong></span> <span class='ocrx_word' id='word_1_235' title='bbox 330 2202 428 2244; x_wconf 88' lang='lat'><strong>686.</strong></span> <span class='ocrx_word' id='word_1_236' title='bbox 594 2199 597 2201; x_wconf 62' lang='grc'><strong>’</strong></span> 
     </span>
    </p>

    <p class='ocr_par' dir='ltr' id='par_1_6' title="bbox 138 2215 1412 3258">
     <span class='ocr_line' id='line_1_30' title="bbox 222 2215 1411 2319; baseline -0.001 -14"><span class='ocrx_word' id='word_1_237' title='bbox 222 2265 245 2316; x_wconf 74' lang='lat' dir='ltr'><strong>S</strong></span> <span class='ocrx_word' id='word_1_238' title='bbox 264 2215 332 2319; x_wconf 56' lang='lat'><strong>38.</strong></span> <span class='ocrx_word' id='word_1_239' title='bbox 368 2261 630 2319; x_wconf 78' lang='grc' dir='ltr'><strong>Αἰολικῆς]</strong></span> <span class='ocrx_word' id='word_1_240' title='bbox 663 2261 806 2315; x_wconf 81' lang='grc' dir='ltr'><strong>ἰνδίσης</strong></span> <span class='ocrx_word' id='word_1_241' title='bbox 819 2261 950 2303; x_wconf 80' lang='lat' dir='ltr'><strong>codex</strong></span> <span class='ocrx_word' id='word_1_242' title='bbox 967 2277 979 2313; x_wconf 93' lang='lat'>;</span> <span class='ocrx_word' id='word_1_243' title='bbox 1000 2261 1104 2314; x_wconf 84' lang='grc' dir='ltr'><strong>Ἴδης</strong></span> <span class='ocrx_word' id='word_1_244' title='bbox 1124 2260 1235 2316; x_wconf 86' lang='lat' dir='ltr'><strong>conj.</strong></span> <span class='ocrx_word' id='word_1_245' title='bbox 1254 2261 1411 2304; x_wconf 89' lang='lat' dir='ltr'><strong>Palme-</strong></span> 
     </span>
     <span class='ocr_line' id='line_1_31' title="bbox 164 2323 1409 2378; baseline -0.001 -11"><span class='ocrx_word' id='word_1_246' title='bbox 164 2325 274 2376; x_wconf 89' lang='lat' dir='ltr'><strong>rius,</strong></span> <span class='ocrx_word' id='word_1_247' title='bbox 308 2324 477 2378; x_wconf 84' lang='grc' dir='ltr'><strong>Ἰλιακῆς</strong></span> <span class='ocrx_word' id='word_1_248' title='bbox 490 2326 747 2368; x_wconf 88' lang='lat' dir='ltr'><strong>Clausenius.</strong></span> <span class='ocrx_word' id='word_1_249' title='bbox 779 2323 860 2367; x_wconf 90' lang='lat' dir='ltr'><strong>Sed</strong></span> <span class='ocrx_word' id='word_1_250' title='bbox 884 2323 1127 2367; x_wconf 87' lang='lat' dir='ltr'><strong>Antandrus</strong></span> <span class='ocrx_word' id='word_1_251' title='bbox 1149 2339 1235 2365; x_wconf 89' lang='lat' dir='ltr'><strong>non</strong></span> <span class='ocrx_word' id='word_1_252' title='bbox 1253 2324 1409 2366; x_wconf 89' lang='lat' dir='ltr'><strong>Troadi</strong></span> 
     </span>
     <span class='ocr_line' id='line_1_32' title="bbox 166 2386 1406 2445; baseline 0.001 -16"><span class='ocrx_word' id='word_1_253' title='bbox 166 2388 379 2440; x_wconf 80' lang='lat' dir='ltr'>tribuitur,</span> <span class='ocrx_word' id='word_1_254' title='bbox 394 2387 466 2432; x_wconf 83' lang='lat' dir='ltr'><strong>sed</strong></span> <span class='ocrx_word' id='word_1_255' title='bbox 477 2387 645 2440; x_wconf 81' lang='lat' dir='ltr'><strong>AEolidi,</strong></span> <span class='ocrx_word' id='word_1_256' title='bbox 663 2402 788 2445; x_wconf 90' lang='lat' dir='ltr'><strong>quam</strong></span> <span class='ocrx_word' id='word_1_257' title='bbox 803 2402 825 2429; x_wconf 88' lang='lat' dir='ltr'><strong>a</strong></span> <span class='ocrx_word' id='word_1_258' title='bbox 836 2386 1002 2430; x_wconf 84' lang='lat' dir='ltr'><strong>Troade</strong></span> <span class='ocrx_word' id='word_1_259' title='bbox 1013 2386 1232 2442; x_wconf 83' lang='lat' dir='ltr'>distinguit</span> <span class='ocrx_word' id='word_1_260' title='bbox 1246 2396 1406 2430; x_wconf 81' lang='lat' dir='ltr'>auctor.</span> 
     </span>
     <span class='ocr_line' id='line_1_33' title="bbox 165 2449 1410 2507; baseline -0.002 -14"><span class='ocrx_word' id='word_1_261' title='bbox 165 2453 310 2507; x_wconf 86' lang='lat' dir='ltr'><strong>Itaque</strong></span> <span class='ocrx_word' id='word_1_262' title='bbox 338 2450 520 2504; x_wconf 76' lang='grc' dir='ltr'><strong>Αἰολικῆς</strong></span> <span class='ocrx_word' id='word_1_263' title='bbox 549 2449 816 2492; x_wconf 87' lang='lat' dir='ltr'><strong>scribendum</strong></span> <span class='ocrx_word' id='word_1_264' title='bbox 839 2458 942 2492; x_wconf 91' lang='lat' dir='ltr'><strong>erat.</strong></span> <span class='ocrx_word' id='word_1_265' title='bbox 974 2449 1029 2491; x_wconf 77' lang='lat' dir='ltr'><strong>To</strong></span> <span class='ocrx_word' id='word_1_266' title='bbox 1056 2450 1161 2491; x_wconf 87' lang='grc' dir='ltr'><strong>κάτω</strong></span> <span class='ocrx_word' id='word_1_267' title='bbox 1190 2449 1339 2506; x_wconf 91' lang='lat' dir='ltr'><strong>(malis</strong></span> <span class='ocrx_word' id='word_1_268' title='bbox 1361 2449 1410 2492; x_wconf 81' lang='grc' dir='ltr'><strong>τὰ</strong></span> 
     </span>
     <span class='ocr_line' id='line_1_34' title="bbox 165 2510 1409 2570; baseline 0.002 -18"><span class='ocrx_word' id='word_1_269' title='bbox 165 2514 271 2554; x_wconf 77' lang='grc' dir='ltr'><strong>κάτω</strong></span> <span class='ocrx_word' id='word_1_270' title='bbox 288 2514 301 2570; x_wconf 93' lang='grc'>)</span> <span class='ocrx_word' id='word_1_271' title='bbox 322 2522 383 2556; x_wconf 68' lang='lat' dir='ltr'><strong>est</strong></span> <span class='ocrx_word' id='word_1_272' title='bbox 397 2529 471 2556; x_wconf 93' lang='lat' dir='ltr'><strong>ora</strong></span> <span class='ocrx_word' id='word_1_273' title='bbox 489 2514 712 2564; x_wconf 89' lang='lat' dir='ltr'><strong>maritima,</strong></span> <span class='ocrx_word' id='word_1_274' title='bbox 733 2512 778 2554; x_wconf 78' lang='grc' dir='ltr'><strong>τὸ</strong></span> <span class='ocrx_word' id='word_1_275' title='bbox 794 2512 875 2554; x_wconf 80' lang='grc' dir='ltr'><strong>ἅνω</strong></span> <span class='ocrx_word' id='word_1_276' title='bbox 887 2511 1008 2564; x_wconf 70' lang='lat' dir='ltr'><strong>sive-51</strong></span> <span class='ocrx_word' id='word_1_277' title='bbox 1029 2511 1110 2553; x_wconf 85' lang='grc' dir='ltr'><strong>ἅνω</strong></span> <span class='ocrx_word' id='word_1_278' title='bbox 1126 2510 1280 2568; x_wconf 77' lang='grc' dir='ltr'><strong>ἤπειρος</strong></span> <span class='ocrx_word' id='word_1_279' title='bbox 1295 2514 1409 2567; x_wconf 86' lang='lat' dir='ltr'><strong>regio</strong></span> 
     </span>
     <span class='ocr_line' id='line_1_35' title="bbox 167 2573 1409 2631; baseline 0.001 -15"><span class='ocrx_word' id='word_1_280' title='bbox 167 2575 482 2629; x_wconf 84' lang='lat' dir='ltr'><strong>mediterranea,</strong></span> <span class='ocrx_word' id='word_1_281' title='bbox 503 2578 564 2618; x_wconf 91' lang='lat' dir='ltr'><strong>uti</strong></span> <span class='ocrx_word' id='word_1_282' title='bbox 581 2584 757 2618; x_wconf 90' lang='lat' dir='ltr'><strong>constat.</strong></span> <span class='ocrx_word' id='word_1_283' title='bbox 780 2573 943 2617; x_wconf 89' lang='lat' dir='ltr'><strong>Deinde</strong></span> <span class='ocrx_word' id='word_1_284' title='bbox 975 2589 1053 2631; x_wconf 92' lang='lat' dir='ltr'><strong>pro</strong></span> <span class='ocrx_word' id='word_1_285' title='bbox 1073 2575 1122 2615; x_wconf 87' lang='grc' dir='ltr'><strong>δι’</strong></span> <span class='ocrx_word' id='word_1_286' title='bbox 1140 2573 1274 2627; x_wconf 70' lang='grc' dir='ltr'><strong>αὐτὴν,</strong></span> <span class='ocrx_word' id='word_1_287' title='bbox 1296 2575 1409 2631; x_wconf 89' lang='lat' dir='ltr'><strong>quod</strong></span> 
     </span>
     <span class='ocr_line' id='line_1_36' title="bbox 168 2636 1412 2695; baseline 0.001 -16"><span class='ocrx_word' id='word_1_288' title='bbox 168 2638 211 2679; x_wconf 93' lang='lat' dir='ltr'><strong>in</strong></span> <span class='ocrx_word' id='word_1_289' title='bbox 227 2638 369 2680; x_wconf 86' lang='lat' dir='ltr'><strong>codice</strong></span> <span class='ocrx_word' id='word_1_290' title='bbox 383 2639 533 2694; x_wconf 85' lang='lat' dir='ltr'><strong>legitur</strong></span> <span class='ocrx_word' id='word_1_291' title='bbox 546 2647 587 2680; x_wconf 93' lang='lat' dir='ltr'><strong>et</strong></span> <span class='ocrx_word' id='word_1_292' title='bbox 602 2640 661 2680; x_wconf 90' lang='lat' dir='ltr'><strong>sic</strong></span> <span class='ocrx_word' id='word_1_293' title='bbox 677 2638 794 2680; x_wconf 87' lang='lat' dir='ltr'><strong>nihili</strong></span> <span class='ocrx_word' id='word_1_294' title='bbox 805 2646 881 2689; x_wconf 91' lang='lat' dir='ltr'><strong>est,</strong></span> <span class='ocrx_word' id='word_1_295' title='bbox 902 2638 1045 2693; x_wconf 85' lang='lat' dir='ltr'>scripsi</span> <span class='ocrx_word' id='word_1_296' title='bbox 1065 2637 1114 2678; x_wconf 86' lang='grc' dir='ltr'><strong>δι’</strong></span> <span class='ocrx_word' id='word_1_297' title='bbox 1132 2636 1265 2689; x_wconf 68' lang='grc' dir='ltr'><strong>αὑτὴν,</strong></span> <span class='ocrx_word' id='word_1_298' title='bbox 1277 2653 1412 2695; x_wconf 82' lang='lat' dir='ltr'><strong>perse</strong></span> 
     </span>
     <span class='ocr_line' id='line_1_37' title="bbox 168 2698 1411 2757; baseline 0.002 -16"><span class='ocrx_word' id='word_1_299' title='bbox 168 2709 271 2751; x_wconf 88' lang='lat' dir='ltr'><strong>erat,</strong></span> <span class='ocrx_word' id='word_1_300' title='bbox 295 2703 357 2742; x_wconf 90' lang='lat' dir='ltr'><strong>sui</strong></span> <span class='ocrx_word' id='word_1_301' title='bbox 387 2701 494 2756; x_wconf 86' lang='lat' dir='ltr'><strong>juris</strong></span> <span class='ocrx_word' id='word_1_302' title='bbox 515 2710 618 2752; x_wconf 90' lang='lat' dir='ltr'><strong>erat,</strong></span> <span class='ocrx_word' id='word_1_303' title='bbox 641 2701 828 2742; x_wconf 90' lang='lat' dir='ltr'><strong>nondum</strong></span> <span class='ocrx_word' id='word_1_304' title='bbox 860 2714 955 2757; x_wconf 84' lang='lat' dir='ltr'><strong>pars</strong></span> <span class='ocrx_word' id='word_1_305' title='bbox 976 2698 1133 2756; x_wconf 64' lang='lat' dir='ltr'><strong>Lydiae.</strong></span> <span class='ocrx_word' id='word_1_306' title='bbox 1151 2701 1221 2742; x_wconf 92' lang='lat' dir='ltr'>Sin</span> <span class='ocrx_word' id='word_1_307' title='bbox 1242 2700 1411 2743; x_wconf 89' lang='lat' dir='ltr'><strong>traditas</strong></span> 
     </span>
     <span class='ocr_line' id='line_1_38' title="bbox 168 2761 1410 2819; baseline 0 -16"><span class='ocrx_word' id='word_1_308' title='bbox 168 2761 304 2804; x_wconf 82' lang='lat' dir='ltr'>literas</span> <span class='ocrx_word' id='word_1_309' title='bbox 335 2765 473 2805; x_wconf 85' lang='lat' dir='ltr'><strong>minus</strong></span> <span class='ocrx_word' id='word_1_310' title='bbox 509 2778 655 2805; x_wconf 91' lang='lat' dir='ltr'><strong>curare</strong></span> <span class='ocrx_word' id='word_1_311' title='bbox 688 2763 854 2814; x_wconf 91' lang='lat' dir='ltr'><strong>liceret,</strong></span> <span class='ocrx_word' id='word_1_312' title='bbox 887 2776 1164 2819; x_wconf 83' lang='lat' dir='ltr'><strong>proponerem</strong></span> <span class='ocrx_word' id='word_1_313' title='bbox 1184 2775 1193 2803; x_wconf 77' lang='lat' dir='ltr'><strong><em>z</em></strong></span> <span class='ocrx_word' id='word_1_314' title='bbox 1234 2761 1279 2803; x_wconf 74' lang='grc' dir='ltr'><strong>τὸ</strong></span> <span class='ocrx_word' id='word_1_315' title='bbox 1306 2764 1410 2805; x_wconf 85' lang='grc' dir='ltr'><strong>κάτω</strong></span> 
     </span>
     <span class='ocr_line' id='line_1_39' title="bbox 168 2822 1412 2882; baseline 0.001 -16"><span class='ocrx_word' id='word_1_316' title='bbox 168 2825 352 2882; x_wconf 84' lang='grc' dir='ltr'><strong>πρότερον</strong></span> <span class='ocrx_word' id='word_1_317' title='bbox 383 2825 449 2881; x_wconf 79' lang='grc' dir='ltr'><strong>μὲν</strong></span> <span class='ocrx_word' id='word_1_318' title='bbox 472 2826 558 2867; x_wconf 73' lang='grc' dir='ltr'><strong>καὶ</strong></span> <span class='ocrx_word' id='word_1_319' title='bbox 587 2824 702 2866; x_wconf 79' lang='grc' dir='ltr'><strong>αὒτὶ)</strong></span> <span class='ocrx_word' id='word_1_320' title='bbox 732 2822 790 2877; x_wconf 86' lang='grc' dir='ltr'><strong>ἦν</strong></span> <span class='ocrx_word' id='word_1_321' title='bbox 820 2824 951 2866; x_wconf 81' lang='grc' dir='ltr'><strong>Μυσία</strong></span> <span class='ocrx_word' id='word_1_322' title='bbox 974 2825 1108 2879; x_wconf 80' lang='grc' dir='ltr'><strong>χώρα,</strong></span> <span class='ocrx_word' id='word_1_323' title='bbox 1127 2838 1221 2879; x_wconf 89' lang='lat' dir='ltr'><strong>pars</strong></span> <span class='ocrx_word' id='word_1_324' title='bbox 1241 2823 1412 2867; x_wconf 90' lang='lat' dir='ltr'><strong>inferior</strong></span> 
     </span>
     <span class='ocr_line' id='line_1_40' title="bbox 168 2887 1410 2945; baseline -0.001 -15"><span class='ocrx_word' id='word_1_325' title='bbox 168 2887 268 2930; x_wconf 90' lang='lat' dir='ltr'><strong>olim</strong></span> <span class='ocrx_word' id='word_1_326' title='bbox 292 2889 379 2945; x_wconf 84' lang='lat' dir='ltr'><strong>ipsa</strong></span> <span class='ocrx_word' id='word_1_327' title='bbox 402 2902 568 2945; x_wconf 90' lang='lat' dir='ltr'><strong>quoque</strong></span> <span class='ocrx_word' id='word_1_328' title='bbox 598 2889 730 2943; x_wconf 81' lang='lat' dir='ltr'><strong>Mysia</strong></span> <span class='ocrx_word' id='word_1_329' title='bbox 759 2889 872 2942; x_wconf 82' lang='lat' dir='ltr'><strong>regio</strong></span> <span class='ocrx_word' id='word_1_330' title='bbox 902 2895 1011 2938; x_wconf 91' lang='lat' dir='ltr'><strong>erat,</strong></span> <span class='ocrx_word' id='word_1_331' title='bbox 1043 2901 1101 2928; x_wconf 90' lang='lat' dir='ltr'><strong>sc.</strong></span> <span class='ocrx_word' id='word_1_332' title='bbox 1134 2887 1252 2928; x_wconf 82' lang='lat' dir='ltr'><strong>sicuti</strong></span> <span class='ocrx_word' id='word_1_333' title='bbox 1284 2887 1410 2930; x_wconf 90' lang='lat' dir='ltr'><strong>altera</strong></span> 
     </span>
     <span class='ocr_line' id='line_1_41' title="bbox 168 2949 1411 3007; baseline -0.002 -14"><span class='ocrx_word' id='word_1_334' title='bbox 168 2959 257 2993; x_wconf 84' lang='lat' dir='ltr'><strong>erat</strong></span> <span class='ocrx_word' id='word_1_335' title='bbox 272 2952 404 3007; x_wconf 82' lang='lat' dir='ltr'><strong>Mysia</strong></span> <span class='ocrx_word' id='word_1_336' title='bbox 422 2950 739 3007; x_wconf 82' lang='lat' dir='ltr'><strong>Hellespontica.</strong></span> <span class='ocrx_word' id='word_1_337' title='bbox 761 2955 780 3004; x_wconf 81' lang='grc'><strong>11</strong></span> <span class='ocrx_word' id='word_1_338' title='bbox 797 2975 853 2982; x_wconf 89' lang='grc'>-</span> <span class='ocrx_word' id='word_1_339' title='bbox 875 2950 907 2990; x_wconf 89' lang='grc' dir='ltr'><strong>Τ</strong></span> <span class='ocrx_word' id='word_1_340' title='bbox 919 2965 935 2990; x_wconf 85' lang='grc' dir='ltr'><strong>ε</strong></span> <span class='ocrx_word' id='word_1_341' title='bbox 948 2965 970 2989; x_wconf 90' lang='grc' dir='ltr'><strong>υ</strong></span> <span class='ocrx_word' id='word_1_342' title='bbox 983 2950 1003 2990; x_wconf 89' lang='grc'>0</span> <span class='ocrx_word' id='word_1_343' title='bbox 1017 2964 1037 3004; x_wconf 89' lang='grc' dir='ltr'><strong>ρ</strong></span> <span class='ocrx_word' id='word_1_344' title='bbox 1050 2964 1074 2989; x_wconf 91' lang='grc' dir='ltr'><strong>α</strong></span> <span class='ocrx_word' id='word_1_345' title='bbox 1087 2965 1106 2989; x_wconf 87' lang='grc' dir='ltr'><strong>ν</strong></span> <span class='ocrx_word' id='word_1_346' title='bbox 1117 2949 1128 2989; x_wconf 87' lang='grc' dir='ltr'><strong>ί</strong></span> <span class='ocrx_word' id='word_1_347' title='bbox 1140 2951 1193 3004; x_wconf 91' lang='grc' dir='ltr'><strong>α]</strong></span> <span class='ocrx_word' id='word_1_348' title='bbox 1219 2957 1305 2991; x_wconf 91' lang='lat' dir='ltr'><strong>erat</strong></span> <span class='ocrx_word' id='word_1_349' title='bbox 1322 2952 1411 3006; x_wconf 83' lang='lat' dir='ltr'><strong>My-</strong></span> 
     </span>
     <span class='ocr_line' id='line_1_42' title="bbox 138 3008 1411 3070; baseline -0.002 -14"><span class='ocrx_word' id='word_1_350' title='bbox 138 3008 145 3017; x_wconf 79' lang='grc'>’</span> <span class='ocrx_word' id='word_1_351' title='bbox 168 3013 239 3056; x_wconf 72' lang='lat' dir='ltr'><strong>siae</strong></span> <span class='ocrx_word' id='word_1_352' title='bbox 266 3028 361 3070; x_wconf 87' lang='lat' dir='ltr'><strong>pars</strong></span> <span class='ocrx_word' id='word_1_353' title='bbox 394 3013 675 3056; x_wconf 87' lang='lat' dir='ltr'><strong>meridionalis</strong></span> <span class='ocrx_word' id='word_1_354' title='bbox 698 3012 750 3054; x_wconf 90' lang='lat' dir='ltr'><strong>ad</strong></span> <span class='ocrx_word' id='word_1_355' title='bbox 782 3012 985 3054; x_wconf 56' lang='lat' dir='ltr'><strong>convalles</strong></span> <span class='ocrx_word' id='word_1_356' title='bbox 1005 3012 1114 3053; x_wconf 86' lang='lat' dir='ltr'><strong>Caici</strong></span> <span class='ocrx_word' id='word_1_357' title='bbox 1150 3011 1288 3061; x_wconf 84' lang='lat' dir='ltr'><strong>fluvii,</strong></span> <span class='ocrx_word' id='word_1_358' title='bbox 1320 3027 1411 3067; x_wconf 79' lang='lat' dir='ltr'><strong>qua:</strong></span> 
     </span>
     <span class='ocr_line' id='line_1_43' title="bbox 169 3073 1411 3131; baseline -0.002 -14"><span class='ocrx_word' id='word_1_359' title='bbox 169 3077 283 3131; x_wconf 80' lang='lat' dir='ltr'><strong>regio</strong></span> <span class='ocrx_word' id='word_1_360' title='bbox 299 3077 419 3119; x_wconf 69' lang='lat' dir='ltr'><strong>inter</strong></span> <span class='ocrx_word' id='word_1_361' title='bbox 443 3077 593 3119; x_wconf 70' lang='lat' dir='ltr'><strong>Elaeam</strong></span> <span class='ocrx_word' id='word_1_362' title='bbox 613 3085 654 3119; x_wconf 91' lang='lat' dir='ltr'><strong>et</strong></span> <span class='ocrx_word' id='word_1_363' title='bbox 681 3078 926 3131; x_wconf 78' lang='lat' dir='ltr'>Pergamum</span> <span class='ocrx_word' id='word_1_364' title='bbox 954 3074 1039 3116; x_wconf 91' lang='lat' dir='ltr'><strong>fere</strong></span> <span class='ocrx_word' id='word_1_365' title='bbox 1061 3088 1192 3130; x_wconf 82' lang='lat' dir='ltr'><strong>usque</strong></span> <span class='ocrx_word' id='word_1_366' title='bbox 1217 3073 1269 3115; x_wconf 88' lang='lat' dir='ltr'><strong>ad</strong></span> <span class='ocrx_word' id='word_1_367' title='bbox 1300 3090 1411 3116; x_wconf 84' lang='lat' dir='ltr'><strong>mare</strong></span> 
     </span>
     <span class='ocr_line' id='line_1_44' title="bbox 167 3135 1409 3196; baseline -0.002 -15"><span class='ocrx_word' id='word_1_368' title='bbox 167 3138 442 3196; x_wconf 75' lang='lat' dir='ltr'><strong>pertingebat,</strong></span> <span class='ocrx_word' id='word_1_369' title='bbox 459 3138 564 3182; x_wconf 89' lang='lat' dir='ltr'><strong>adeo</strong></span> <span class='ocrx_word' id='word_1_370' title='bbox 579 3147 626 3181; x_wconf 88' lang='lat' dir='ltr'><strong>ut</strong></span> <span class='ocrx_word' id='word_1_371' title='bbox 636 3153 688 3180; x_wconf 92' lang='lat' dir='ltr'><strong>ne</strong></span> <span class='ocrx_word' id='word_1_372' title='bbox 704 3153 759 3194; x_wconf 90' lang='lat'><strong>70</strong></span> <span class='ocrx_word' id='word_1_373' title='bbox 772 3137 942 3195; x_wconf 86' lang='lat' dir='ltr'><strong>quidem</strong></span> <span class='ocrx_word' id='word_1_374' title='bbox 958 3135 1087 3179; x_wconf 84' lang='lat' dir='ltr'><strong>stadia</strong></span> <span class='ocrx_word' id='word_1_375' title='bbox 1102 3136 1155 3178; x_wconf 88' lang='lat' dir='ltr'><strong>ab</strong></span> <span class='ocrx_word' id='word_1_376' title='bbox 1170 3136 1276 3178; x_wconf 69' lang='lat' dir='ltr'><strong>Elaea</strong></span> <span class='ocrx_word' id='word_1_377' title='bbox 1294 3138 1409 3179; x_wconf 81' lang='lat' dir='ltr'><strong>abes-</strong></span> 
     </span>
     <span class='ocr_line' id='line_1_45' title="bbox 169 3199 1407 3258; baseline -0.001 -15"><span class='ocrx_word' id='word_1_378' title='bbox 169 3210 245 3254; x_wconf 78' lang='lat' dir='ltr'><strong>set,</strong></span> <span class='ocrx_word' id='word_1_379' title='bbox 263 3210 365 3245; x_wconf 71' lang='lat' dir='ltr'><strong>toete</strong></span> <span class='ocrx_word' id='word_1_380' title='bbox 381 3202 583 3246; x_wconf 87' lang='lat' dir='ltr'><strong>Strabone</strong></span> <span class='ocrx_word' id='word_1_381' title='bbox 600 3203 719 3252; x_wconf 89' lang='lat' dir='ltr'>XIII,</span> <span class='ocrx_word' id='word_1_382' title='bbox 740 3216 782 3258; x_wconf 92' lang='lat' dir='ltr'><strong>p.</strong></span> <span class='ocrx_word' id='word_1_383' title='bbox 802 3202 898 3243; x_wconf 84' lang='lat'><strong>615.</strong></span> <span class='ocrx_word' id='word_1_384' title='bbox 918 3199 982 3242; x_wconf 93' lang='lat' dir='ltr'><strong>Cf.</strong></span> <span class='ocrx_word' id='word_1_385' title='bbox 1002 3199 1059 3241; x_wconf 92' lang='lat' dir='ltr'><strong>id.</strong></span> <span class='ocrx_word' id='word_1_386' title='bbox 1081 3213 1125 3256; x_wconf 87' lang='lat' dir='ltr'><strong>p.</strong></span> <span class='ocrx_word' id='word_1_387' title='bbox 1151 3200 1223 3255; x_wconf 84' lang='lat'><strong>57¹</strong></span> <span class='ocrx_word' id='word_1_388' title='bbox 1251 3208 1291 3241; x_wconf 91' lang='lat' dir='ltr'><strong>ct</strong></span> <span class='ocrx_word' id='word_1_389' title='bbox 1313 3202 1407 3242; x_wconf 86' lang='lat'><strong>551.</strong></span> 
     </span>
    </p>

    <p class='ocr_par' dir='ltr' id='par_1_7' title="bbox 168 3262 1414 4149">
     <span class='ocr_line' id='line_1_46' title="bbox 186 3262 1412 3323; baseline -0.002 -15"><span class='ocrx_word' id='word_1_390' title='bbox 186 3262 278 3318; x_wconf 65' lang='grc' dir='ltr'><strong>Μ’-</strong></span> <span class='ocrx_word' id='word_1_391' title='bbox 306 3264 353 3308; x_wconf 70' lang='lat' dir='ltr'><strong>lv</strong></span> <span class='ocrx_word' id='word_1_392' title='bbox 375 3263 493 3323; x_wconf 76' lang='grc' dir='ltr'><strong>αὖτῇ</strong></span> <span class='ocrx_word' id='word_1_393' title='bbox 521 3265 599 3308; x_wconf 70' lang='grc' dir='ltr'><strong>καὶ</strong></span> <span class='ocrx_word' id='word_1_394' title='bbox 628 3265 673 3307; x_wconf 80' lang='grc' dir='ltr'><strong>ἔν</strong></span> <span class='ocrx_word' id='word_1_395' title='bbox 703 3267 759 3321; x_wconf 81' lang='grc' dir='ltr'><strong>τῇ</strong></span> <span class='ocrx_word' id='word_1_396' title='bbox 788 3262 957 3319; x_wconf 78' lang='grc' dir='ltr'><strong>Λυδίᾳ]</strong></span> <span class='ocrx_word' id='word_1_397' title='bbox 982 3283 998 3299; x_wconf 84' lang='grc' dir='ltr'><strong>ι</strong></span> <span class='ocrx_word' id='word_1_398' title='bbox 1022 3262 1306 3317; x_wconf 80' lang='lat' dir='ltr'><strong>inearegione</strong></span> <span class='ocrx_word' id='word_1_399' title='bbox 1320 3277 1412 3319; x_wconf 83' lang='lat' dir='ltr'><strong>qua:</strong></span> 
     </span>
     <span class='ocr_line' id='line_1_47' title="bbox 168 3324 1408 3386; baseline -0.003 -16"><span class='ocrx_word' id='word_1_400' title='bbox 168 3329 338 3384; x_wconf 87' lang='lat' dir='ltr'><strong>proprie</strong></span> <span class='ocrx_word' id='word_1_401' title='bbox 356 3329 490 3386; x_wconf 84' lang='lat' dir='ltr'><strong>Mysia</strong></span> <span class='ocrx_word' id='word_1_402' title='bbox 508 3338 550 3371; x_wconf 93' lang='lat' dir='ltr'><strong>et</strong></span> <span class='ocrx_word' id='word_1_403' title='bbox 580 3329 622 3370; x_wconf 93' lang='lat' dir='ltr'><strong>in</strong></span> <span class='ocrx_word' id='word_1_404' title='bbox 642 3342 690 3370; x_wconf 86' lang='lat' dir='ltr'><strong>ea</strong></span> <span class='ocrx_word' id='word_1_405' title='bbox 712 3341 804 3384; x_wconf 66' lang='lat' dir='ltr'><strong>quae</strong></span> <span class='ocrx_word' id='word_1_406' title='bbox 825 3326 993 3384; x_wconf 88' lang='lat' dir='ltr'><strong>proprie</strong></span> <span class='ocrx_word' id='word_1_407' title='bbox 1016 3324 1148 3382; x_wconf 86' lang='lat' dir='ltr'><strong>Lydia</strong></span> <span class='ocrx_word' id='word_1_408' title='bbox 1166 3333 1308 3367; x_wconf 84' lang='lat' dir='ltr'><strong>vocata</strong></span> <span class='ocrx_word' id='word_1_409' title='bbox 1333 3334 1408 3367; x_wconf 85' lang='lat' dir='ltr'><strong>est.</strong></span> 
     </span>
     <span class='ocr_line' id='line_1_48' title="bbox 169 3387 1413 3449; baseline -0.002 -17"><span class='ocrx_word' id='word_1_410' title='bbox 169 3391 344 3447; x_wconf 86' lang='lat' dir='ltr'><strong>Scylacis</strong></span> <span class='ocrx_word' id='word_1_411' title='bbox 363 3399 549 3449; x_wconf 87' lang='lat' dir='ltr'><strong>tempore</strong></span> <span class='ocrx_word' id='word_1_412' title='bbox 570 3405 645 3448; x_wconf 90' lang='lat' dir='ltr'><strong>per</strong></span> <span class='ocrx_word' id='word_1_413' title='bbox 665 3399 886 3446; x_wconf 90' lang='lat' dir='ltr'><strong>utramque</strong></span> <span class='ocrx_word' id='word_1_414' title='bbox 903 3387 1136 3446; x_wconf 85' lang='lat' dir='ltr'><strong>pertinebat</strong></span> <span class='ocrx_word' id='word_1_415' title='bbox 1155 3402 1307 3430; x_wconf 91' lang='lat' dir='ltr'><strong>nomen</strong></span> <span class='ocrx_word' id='word_1_416' title='bbox 1333 3389 1413 3445; x_wconf 84' lang='lat' dir='ltr'><strong>Ly-</strong></span> 
     </span>
     <span class='ocr_line' id='line_1_49' title="bbox 170 3451 1408 3510; baseline 0 -18"><span class='ocrx_word' id='word_1_417' title='bbox 170 3451 262 3494; x_wconf 79' lang='lat' dir='ltr'><strong>diae.</strong></span> <span class='ocrx_word' id='word_1_418' title='bbox 286 3474 302 3489; x_wconf 76' lang='grc' dir='ltr'><strong>ι</strong></span> <span class='ocrx_word' id='word_1_419' title='bbox 334 3454 546 3496; x_wconf 58' lang='lat' dir='ltr'><strong>eumn.</strong></span> <span class='ocrx_word' id='word_1_420' title='bbox 582 3453 695 3495; x_wconf 89' lang='lat' dir='ltr'><strong>Infra</strong></span> <span class='ocrx_word' id='word_1_421' title='bbox 728 3466 896 3510; x_wconf 90' lang='lat' dir='ltr'><strong>quoque</strong></span> <span class='ocrx_word' id='word_1_422' title='bbox 925 3460 1144 3507; x_wconf 90' lang='lat' dir='ltr'><strong>utramque</strong></span> <span class='ocrx_word' id='word_1_423' title='bbox 1177 3459 1408 3493; x_wconf 86' lang='lat' dir='ltr'><strong>memorat:</strong></span> 
     </span>
     <span class='ocr_line' id='line_1_50' title="bbox 170 3512 1412 3570; baseline -0.001 -14"><span class='ocrx_word' id='word_1_424' title='bbox 170 3515 393 3570; x_wconf 75' lang='grc' dir='ltr'><strong>παράπλους</strong></span> <span class='ocrx_word' id='word_1_425' title='bbox 423 3517 463 3559; x_wconf 79' lang='grc' dir='ltr'><strong>δὲ</strong></span> <span class='ocrx_word' id='word_1_426' title='bbox 496 3517 644 3565; x_wconf 80' lang='grc' dir='ltr'><strong>Μυσίας</strong></span> <span class='ocrx_word' id='word_1_427' title='bbox 686 3516 751 3557; x_wconf 71' lang='grc' dir='ltr'><strong>καὶ</strong></span> <span class='ocrx_word' id='word_1_428' title='bbox 786 3515 923 3564; x_wconf 82' lang='grc' dir='ltr'><strong>Λυδίας</strong></span> <span class='ocrx_word' id='word_1_429' title='bbox 952 3513 1027 3557; x_wconf 74' lang='grc' dir='ltr'><strong>ἀπὸ</strong></span> <span class='ocrx_word' id='word_1_430' title='bbox 1078 3512 1262 3570; x_wconf 78' lang='grc' dir='ltr'><strong>’Δστῦρων</strong></span> <span class='ocrx_word' id='word_1_431' title='bbox 1298 3514 1412 3570; x_wconf 73' lang='grc' dir='ltr'><strong>μέχρι</strong></span> 
     </span>
     <span class='ocr_line' id='line_1_51' title="bbox 170 3576 1408 3635; baseline 0 -17"><span class='ocrx_word' id='word_1_432' title='bbox 170 3576 409 3633; x_wconf 78' lang='grc' dir='ltr'><strong>Μαιάνδρου.</strong></span> <span class='ocrx_word' id='word_1_433' title='bbox 430 3582 523 3631; x_wconf 73' lang='grc' dir='ltr'><strong>ΙΙ-</strong></span> <span class='ocrx_word' id='word_1_434' title='bbox 555 3579 797 3635; x_wconf 77' lang='grc' dir='ltr'><strong>Ἀστυρα]</strong></span> <span class='ocrx_word' id='word_1_435' title='bbox 828 3578 949 3634; x_wconf 79' lang='grc' dir='ltr'><strong>ἆσυρα</strong></span> <span class='ocrx_word' id='word_1_436' title='bbox 984 3576 1141 3628; x_wconf 86' lang='lat' dir='ltr'><strong>codex;</strong></span> <span class='ocrx_word' id='word_1_437' title='bbox 1168 3590 1249 3618; x_wconf 93' lang='lat' dir='ltr'><strong>em.</strong></span> <span class='ocrx_word' id='word_1_438' title='bbox 1284 3577 1408 3619; x_wconf 84' lang='lat' dir='ltr'><strong>Voss.</strong></span> 
     </span>
     <span class='ocr_line' id='line_1_52' title="bbox 168 3636 1411 3697; baseline -0.002 -14"><span class='ocrx_word' id='word_1_439' title='bbox 168 3636 319 3696; x_wconf 68' lang='lat' dir='ltr'><strong>Strabo</strong></span> <span class='ocrx_word' id='word_1_440' title='bbox 331 3641 451 3692; x_wconf 83' lang='lat' dir='ltr'>XIII,</span> <span class='ocrx_word' id='word_1_441' title='bbox 469 3655 511 3696; x_wconf 90' lang='lat' dir='ltr'><strong>p.</strong></span> <span class='ocrx_word' id='word_1_442' title='bbox 532 3642 611 3683; x_wconf 85' lang='lat'><strong>613</strong></span> <span class='ocrx_word' id='word_1_443' title='bbox 636 3655 646 3682; x_wconf 70' lang='grc' dir='ltr'><strong>ε</strong></span> <span class='ocrx_word' id='word_1_444' title='bbox 666 3642 794 3682; x_wconf 83' lang='grc' dir='ltr'><strong>Μυσία</strong></span> <span class='ocrx_word' id='word_1_445' title='bbox 811 3640 879 3697; x_wconf 82' lang='grc' dir='ltr'><strong>μὲν</strong></span> <span class='ocrx_word' id='word_1_446' title='bbox 896 3636 964 3681; x_wconf 70' lang='grc' dir='ltr'><strong>οὖν</strong></span> <span class='ocrx_word' id='word_1_447' title='bbox 982 3638 1100 3692; x_wconf 73' lang='grc' dir='ltr'><strong>ἔστι-ἡ</strong></span> <span class='ocrx_word' id='word_1_448' title='bbox 1117 3639 1203 3695; x_wconf 70' lang='grc' dir='ltr'><strong>περὶ</strong></span> <span class='ocrx_word' id='word_1_449' title='bbox 1217 3639 1261 3681; x_wconf 76' lang='grc' dir='ltr'><strong>τὸ</strong></span> <span class='ocrx_word' id='word_1_450' title='bbox 1282 3636 1411 3695; x_wconf 78' lang='grc' dir='ltr'><strong>Ἀδρα-</strong></span> 
     </span>
     <span class='ocr_line' id='line_1_53' title="bbox 174 3699 1413 3760; baseline -0.002 -15"><span class='ocrx_word' id='word_1_451' title='bbox 174 3700 352 3760; x_wconf 72' lang='grc' dir='ltr'><strong>μῦττιον·</strong></span> <span class='ocrx_word' id='word_1_452' title='bbox 375 3699 423 3757; x_wconf 75' lang='grc' dir='ltr'><strong>ἦν</strong></span> <span class='ocrx_word' id='word_1_453' title='bbox 456 3705 498 3746; x_wconf 79' lang='grc' dir='ltr'><strong>δέ</strong></span> <span class='ocrx_word' id='word_1_454' title='bbox 521 3719 613 3746; x_wconf 89' lang='grc' dir='ltr'><strong>ποτε</strong></span> <span class='ocrx_word' id='word_1_455' title='bbox 635 3704 709 3746; x_wconf 64' lang='grc' dir='ltr'><strong>ὑπὸ</strong></span> <span class='ocrx_word' id='word_1_456' title='bbox 745 3706 900 3752; x_wconf 80' lang='grc' dir='ltr'><strong>Λυδοῖς·</strong></span> <span class='ocrx_word' id='word_1_457' title='bbox 930 3704 994 3745; x_wconf 73' lang='grc' dir='ltr'><strong>καὶ</strong></span> <span class='ocrx_word' id='word_1_458' title='bbox 1026 3707 1092 3744; x_wconf 73' lang='grc' dir='ltr'><strong>νῦν</strong></span> <span class='ocrx_word' id='word_1_459' title='bbox 1127 3703 1252 3744; x_wconf 72' lang='grc' dir='ltr'><strong>Πύλαι</strong></span> <span class='ocrx_word' id='word_1_460' title='bbox 1280 3702 1413 3745; x_wconf 78' lang='grc' dir='ltr'><strong>Δῦδιαι</strong></span> 
     </span>
     <span class='ocr_line' id='line_1_54' title="bbox 168 3761 1411 3822; baseline 0 -14"><span class='ocrx_word' id='word_1_461' title='bbox 168 3761 384 3809; x_wconf 46' lang='grc' dir='ltr'><strong>νκαλοῦνται</strong></span> <span class='ocrx_word' id='word_1_462' title='bbox 415 3765 456 3809; x_wconf 67' lang='grc' dir='ltr'><strong>ἰν</strong></span> <span class='ocrx_word' id='word_1_463' title='bbox 494 3764 773 3822; x_wconf 79' lang='grc' dir='ltr'><strong>Ἀδραμυττίῳ·</strong></span> <span class='ocrx_word' id='word_1_464' title='bbox 800 3767 948 3814; x_wconf 80' lang='grc' dir='ltr'><strong>Μυσίας</strong></span> <span class='ocrx_word' id='word_1_465' title='bbox 970 3766 1010 3807; x_wconf 83' lang='grc' dir='ltr'><strong>δὲ</strong></span> <span class='ocrx_word' id='word_1_466' title='bbox 1030 3764 1190 3820; x_wconf 67' lang='grc' dir='ltr'><strong>Ἄστυρα</strong></span> <span class='ocrx_word' id='word_1_467' title='bbox 1221 3764 1291 3818; x_wconf 81' lang='grc' dir='ltr'><strong>τὴν</strong></span> <span class='ocrx_word' id='word_1_468' title='bbox 1310 3765 1411 3819; x_wconf 82' lang='grc' dir='ltr'><strong>πλη·</strong></span> 
     </span>
     <span class='ocr_line' id='line_1_55' title="bbox 174 3823 1414 3887; baseline 0 -17"><span class='ocrx_word' id='word_1_469' title='bbox 174 3828 258 3871; x_wconf 89' lang='grc' dir='ltr'><strong>σίον</strong></span> <span class='ocrx_word' id='word_1_470' title='bbox 291 3830 429 3887; x_wconf 82' lang='grc' dir='ltr'><strong>κώμην</strong></span> <span class='ocrx_word' id='word_1_471' title='bbox 464 3829 596 3886; x_wconf 77' lang='grc' dir='ltr'><strong>φασίν.</strong></span> <span class='ocrx_word' id='word_1_472' title='bbox 622 3829 701 3870; x_wconf 78' lang='grc' dir='ltr'><strong>Ἦν</strong></span> <span class='ocrx_word' id='word_1_473' title='bbox 737 3829 778 3871; x_wconf 82' lang='grc' dir='ltr'><strong>δὲ</strong></span> <span class='ocrx_word' id='word_1_474' title='bbox 804 3829 973 3884; x_wconf 71' lang='grc' dir='ltr'><strong>πολίχνη</strong></span> <span class='ocrx_word' id='word_1_475' title='bbox 1010 3828 1117 3877; x_wconf 82' lang='grc' dir='ltr'><strong>ποτὲ,</strong></span> <span class='ocrx_word' id='word_1_476' title='bbox 1144 3828 1182 3870; x_wconf 83' lang='grc' dir='ltr'><strong>ἐν</strong></span> <span class='ocrx_word' id='word_1_477' title='bbox 1217 3823 1241 3885; x_wconf 80' lang='grc' dir='ltr'>ᾖ</span> <span class='ocrx_word' id='word_1_478' title='bbox 1270 3828 1315 3870; x_wconf 75' lang='grc' dir='ltr'><strong>το</strong></span> <span class='ocrx_word' id='word_1_479' title='bbox 1346 3831 1414 3881; x_wconf 88' lang='grc' dir='ltr'><strong>τῆς</strong></span> 
     </span>
     <span class='ocr_line' id='line_1_56' title="bbox 178 3889 1412 3950; baseline -0.001 -16"><span class='ocrx_word' id='word_1_480' title='bbox 178 3889 406 3949; x_wconf 69' lang='grc' dir='ltr'><strong>Ἀστυρηνῆς</strong></span> <span class='ocrx_word' id='word_1_481' title='bbox 440 3890 654 3950; x_wconf 68' lang='grc' dir='ltr'><strong>Ἀρτέμιδος</strong></span> <span class='ocrx_word' id='word_1_482' title='bbox 684 3891 787 3947; x_wconf 74' lang='grc' dir='ltr'><strong>ἱερὸν</strong></span> <span class='ocrx_word' id='word_1_483' title='bbox 825 3891 864 3933; x_wconf 77' lang='grc' dir='ltr'><strong>ἐν</strong></span> <span class='ocrx_word' id='word_1_484' title='bbox 903 3891 1039 3941; x_wconf 79' lang='grc' dir='ltr'><strong>ἄλσει,</strong></span> <span class='ocrx_word' id='word_1_485' title='bbox 1078 3891 1412 3948; x_wconf 78' lang='grc' dir='ltr'><strong>προστατοῦμενον</strong></span> 
     </span>
     <span class='ocr_line' id='line_1_57' title="bbox 176 3953 1409 4012; baseline 0 -15"><span class='ocrx_word' id='word_1_486' title='bbox 176 3954 260 4010; x_wconf 82' lang='grc' dir='ltr'><strong>μεθ’</strong></span> <span class='ocrx_word' id='word_1_487' title='bbox 283 3954 478 4012; x_wconf 74' lang='grc' dir='ltr'><strong>ἁγιστείας</strong></span> <span class='ocrx_word' id='word_1_488' title='bbox 505 3954 568 3998; x_wconf 66' lang='grc' dir='ltr'><strong>ὕπ’</strong></span> <span class='ocrx_word' id='word_1_489' title='bbox 595 3953 863 4011; x_wconf 73' lang='grc' dir='ltr'><strong>Ἆντανδρίων,</strong></span> <span class='ocrx_word' id='word_1_490' title='bbox 900 3953 958 4002; x_wconf 88' lang='grc' dir='ltr'><strong>οἷς</strong></span> <span class='ocrx_word' id='word_1_491' title='bbox 982 3953 1135 4010; x_wconf 73' lang='grc' dir='ltr'><strong>μᾶλλον</strong></span> <span class='ocrx_word' id='word_1_492' title='bbox 1158 3956 1320 4011; x_wconf 76' lang='grc' dir='ltr'><strong>γειτνιᾷ.</strong></span> <span class='ocrx_word' id='word_1_493' title='bbox 1344 3953 1409 3997; x_wconf 92' lang='lat' dir='ltr'><strong>Cf.</strong></span> 
     </span>
     <span class='ocr_line' id='line_1_58' title="bbox 175 4014 1413 4074; baseline 0.001 -17"><span class='ocrx_word' id='word_1_494' title='bbox 175 4016 236 4059; x_wconf 89' lang='lat' dir='ltr'><strong>id.</strong></span> <span class='ocrx_word' id='word_1_495' title='bbox 259 4032 303 4074; x_wconf 85' lang='lat' dir='ltr'><strong>p.</strong></span> <span class='ocrx_word' id='word_1_496' title='bbox 325 4020 421 4061; x_wconf 86' lang='grc'><strong>605.</strong></span> <span class='ocrx_word' id='word_1_497' title='bbox 440 4021 537 4069; x_wconf 75' lang='grc'><strong>614.</strong></span> <span class='ocrx_word' id='word_1_498' title='bbox 557 4020 576 4072; x_wconf 85' lang='grc' dir='ltr'><strong>ΙΙ</strong></span> <span class='ocrx_word' id='word_1_499' title='bbox 592 4041 650 4051; x_wconf 82' lang='grc'><strong>-·</strong></span> <span class='ocrx_word' id='word_1_500' title='bbox 671 4015 956 4073; x_wconf 74' lang='grc' dir='ltr'><strong>Ἀρτέμιδος</strong></span> <span class='ocrx_word' id='word_1_501' title='bbox 988 4016 1098 4072; x_wconf 74' lang='grc' dir='ltr'><strong>καὶ]</strong></span> <span class='ocrx_word' id='word_1_502' title='bbox 1124 4014 1168 4057; x_wconf 76' lang='grc' dir='ltr'><strong>οὗ</strong></span> <span class='ocrx_word' id='word_1_503' title='bbox 1196 4018 1239 4058; x_wconf 82' lang='grc' dir='ltr'><strong>τὀ</strong></span> <span class='ocrx_word' id='word_1_504' title='bbox 1256 4016 1358 4072; x_wconf 72' lang='grc' dir='ltr'><strong>ἱερὸν</strong></span> <span class='ocrx_word' id='word_1_505' title='bbox 1374 4016 1413 4058; x_wconf 74' lang='grc' dir='ltr'><strong>οὶ</strong></span> 
     </span>
     <span class='ocr_line' id='line_1_59' title="bbox 181 4079 1407 4149; baseline -0.001 -29"><span class='ocrx_word' id='word_1_506' title='bbox 181 4079 271 4137; x_wconf 87' lang='lat' dir='ltr'><strong>(sic)</strong></span> <span class='ocrx_word' id='word_1_507' title='bbox 287 4079 556 4138; x_wconf 71' lang='grc' dir='ltr'><strong>Ἀδραμύττιον</strong></span> <span class='ocrx_word' id='word_1_508' title='bbox 568 4079 697 4123; x_wconf 82' lang='lat' dir='ltr'><strong>codex</strong></span> <span class='ocrx_word' id='word_1_509' title='bbox 714 4081 1004 4149; x_wconf 53' lang='lat' dir='ltr'><strong>3em.·Vossius</strong></span> <span class='ocrx_word' id='word_1_510' title='bbox 1018 4095 1040 4121; x_wconf 94' lang='lat' dir='ltr'><strong>e</strong></span> <span class='ocrx_word' id='word_1_511' title='bbox 1051 4079 1251 4121; x_wconf 81' lang='lat' dir='ltr'><strong>Strabone</strong></span> <span class='ocrx_word' id='word_1_512' title='bbox 1264 4079 1290 4120; x_wconf 89' lang='lat' dir='ltr'><strong>l.</strong></span> <span class='ocrx_word' id='word_1_513' title='bbox 1303 4079 1328 4122; x_wconf 94' lang='grc' dir='ltr'><strong>Ι.</strong></span> <span class='ocrx_word' id='word_1_514' title='bbox 1344 4079 1407 4121; x_wconf 78' lang='lat' dir='ltr'><strong>Cf.</strong></span> 
     </span>
    </p>
   </div>
   <div class='ocr_carea' id='block_1_4' title="bbox 1039 216 1831 267">
    <p class='ocr_par' dir='ltr' id='par_1_8' title="bbox 1039 216 1831 267">
     <span class='ocr_line' id='line_1_60' title="bbox 1039 216 1831 267; baseline 0.004 -3"><span class='ocrx_word' id='word_1_515' title='bbox 1039 216 1330 265; x_wconf 81' lang='lat' dir='ltr'>SCYLACIS</span> <span class='ocrx_word' id='word_1_516' title='bbox 1362 216 1831 267; x_wconf 79' lang='lat' dir='ltr'>CABYANDENSIS</span> 
     </span>
    </p>
   </div>
   <div class='ocr_carea' id='block_1_5' title="bbox 2549 219 2700 284">
    <p class='ocr_par' dir='ltr' id='par_1_9' title="bbox 2549 219 2700 284">
     <span class='ocr_line' id='line_1_61' title="bbox 2549 219 2700 284; baseline 0.007 -3"><span class='ocrx_word' id='word_1_517' title='bbox 2549 219 2618 284; x_wconf 65' lang='grc' dir='ltr'><strong>(υ.</strong></span> <span class='ocrx_word' id='word_1_518' title='bbox 2628 220 2700 283; x_wconf 60' lang='grc' dir='ltr'><strong>τι)</strong></span> 
     </span>
    </p>
   </div>
   <div class='ocr_carea' id='block_1_6' title="bbox 1464 330 2782 1279">
    <p class='ocr_par' dir='ltr' id='par_1_10' title="bbox 1464 330 2782 726">
     <span class='ocr_line' id='line_1_62' title="bbox 1523 330 2778 390; baseline 0.001 -14"><span class='ocrx_word' id='word_1_519' title='bbox 1523 346 1594 388; x_wconf 87' lang='lat'><strong>97.</strong></span> <span class='ocrx_word' id='word_1_520' title='bbox 1622 334 1802 376; x_wconf 68' lang='lat' dir='ltr'><strong>Las-us.</strong></span> <span class='ocrx_word' id='word_1_521' title='bbox 1818 332 1882 375; x_wconf 87' lang='lat' dir='ltr'><strong>Ibi</strong></span> <span class='ocrx_word' id='word_1_522' title='bbox 1902 345 1987 375; x_wconf 79' lang='lat' dir='ltr'><strong>orae</strong></span> <span class='ocrx_word' id='word_1_523' title='bbox 1999 330 2161 387; x_wconf 86' lang='lat' dir='ltr'><strong>objecta</strong></span> <span class='ocrx_word' id='word_1_524' title='bbox 2174 339 2236 374; x_wconf 75' lang='lat' dir='ltr'><strong>est</strong></span> <span class='ocrx_word' id='word_1_525' title='bbox 2253 330 2411 374; x_wconf 84' lang='lat' dir='ltr'><strong>Leshus</strong></span> <span class='ocrx_word' id='word_1_526' title='bbox 2429 330 2564 374; x_wconf 87' lang='lat' dir='ltr'><strong>insula</strong></span> <span class='ocrx_word' id='word_1_527' title='bbox 2575 331 2725 390; x_wconf 38' lang='lat' dir='ltr'><strong>AEotiffi</strong></span> <span class='ocrx_word' id='word_1_528' title='bbox 2774 342 2778 343; x_wconf 69' lang='grc'>’</span> 
     </span>
     <span class='ocr_line' id='line_1_63' title="bbox 1466 392 2782 460; baseline 0 -15"><span class='ocrx_word' id='word_1_529' title='bbox 1466 415 1541 454; x_wconf 75' lang='lat' dir='ltr'><strong>ea,</strong></span> <span class='ocrx_word' id='word_1_530' title='bbox 1575 402 1783 459; x_wconf 71' lang='lat' dir='ltr'><strong>urbe-que</strong></span> <span class='ocrx_word' id='word_1_531' title='bbox 1815 403 1859 444; x_wconf 93' lang='lat' dir='ltr'><strong>in</strong></span> <span class='ocrx_word' id='word_1_532' title='bbox 1883 417 1932 444; x_wconf 78' lang='lat' dir='ltr'><strong>ea</strong></span> <span class='ocrx_word' id='word_1_533' title='bbox 1962 401 2176 459; x_wconf 85' lang='lat' dir='ltr'><strong>quinque:</strong></span> <span class='ocrx_word' id='word_1_534' title='bbox 2210 401 2478 458; x_wconf 81' lang='lat' dir='ltr'><strong>Methymna,</strong></span> <span class='ocrx_word' id='word_1_535' title='bbox 2511 392 2782 460; x_wconf 44' lang='lat' dir='ltr'><strong>Anuuhst&#39;gi</strong></span> 
     </span>
     <span class='ocr_line' id='line_1_64' title="bbox 1466 463 2706 528; baseline 0.001 -16"><span class='ocrx_word' id='word_1_536' title='bbox 1466 470 1644 521; x_wconf 77' lang='lat' dir='ltr'><strong>Eresos,</strong></span> <span class='ocrx_word' id='word_1_537' title='bbox 1664 470 1823 528; x_wconf 74' lang='lat' dir='ltr'><strong>Pyrrha</strong></span> <span class='ocrx_word' id='word_1_538' title='bbox 1850 484 1946 512; x_wconf 86' lang='lat' dir='ltr'><strong>cum</strong></span> <span class='ocrx_word' id='word_1_539' title='bbox 1975 478 2123 527; x_wconf 88' lang='lat' dir='ltr'><strong>portu,</strong></span> <span class='ocrx_word' id='word_1_540' title='bbox 2145 469 2342 526; x_wconf 75' lang='lat' dir='ltr'><strong>Mitylene</strong></span> <span class='ocrx_word' id='word_1_541' title='bbox 2374 469 2483 510; x_wconf 88' lang='lat' dir='ltr'><strong>binis</strong></span> <span class='ocrx_word' id='word_1_542' title='bbox 2506 463 2706 513; x_wconf 59' lang='lat' dir='ltr'><strong>instructa</strong></span> 
     </span>
     <span class='ocr_line' id='line_1_65' title="bbox 1464 537 2738 595; baseline 0 -15"><span class='ocrx_word' id='word_1_543' title='bbox 1464 537 1684 594; x_wconf 80' lang='lat' dir='ltr'><strong>portubus.</strong></span> <span class='ocrx_word' id='word_1_544' title='bbox 1743 540 1780 581; x_wconf 86' lang='lat' dir='ltr'>E</span> <span class='ocrx_word' id='word_1_545' title='bbox 1798 539 1965 593; x_wconf 76' lang='lat' dir='ltr'><strong>regione</strong></span> <span class='ocrx_word' id='word_1_546' title='bbox 1991 538 2208 595; x_wconf 69' lang='lat' dir='ltr'><strong>Mitylene·</strong></span> <span class='ocrx_word' id='word_1_547' title='bbox 2237 539 2315 580; x_wconf 84' lang='lat' dir='ltr'><strong>sita</strong></span> <span class='ocrx_word' id='word_1_548' title='bbox 2350 546 2412 579; x_wconf 67' lang='lat' dir='ltr'><strong>est</strong></span> <span class='ocrx_word' id='word_1_549' title='bbox 2437 537 2570 579; x_wconf 81' lang='lat' dir='ltr'><strong>insula</strong></span> <span class='ocrx_word' id='word_1_550' title='bbox 2605 550 2703 580; x_wconf 85' lang='lat' dir='ltr'><strong>cum</strong></span> <span class='ocrx_word' id='word_1_551' title='bbox 2727 548 2738 570; x_wconf 58' lang='grc' dir='ltr'>θ</span> 
     </span>
     <span class='ocr_line' id='line_1_66' title="bbox 1466 598 2766 666; baseline 0.001 -19"><span class='ocrx_word' id='word_1_552' title='bbox 1466 605 1588 657; x_wconf 87' lang='lat' dir='ltr'><strong>urbe,</strong></span> <span class='ocrx_word' id='word_1_553' title='bbox 1607 606 1675 648; x_wconf 86' lang='lat' dir='ltr'><strong>eui</strong></span> <span class='ocrx_word' id='word_1_554' title='bbox 1697 604 1993 650; x_wconf 73' lang='lat' dir='ltr'><strong>Pordoselenes</strong></span> <span class='ocrx_word' id='word_1_555' title='bbox 2022 620 2191 648; x_wconf 87' lang='lat' dir='ltr'><strong>nomen.</strong></span> <span class='ocrx_word' id='word_1_556' title='bbox 2250 604 2331 648; x_wconf 90' lang='lat' dir='ltr'><strong>Sed</strong></span> <span class='ocrx_word' id='word_1_557' title='bbox 2347 605 2399 647; x_wconf 89' lang='lat' dir='ltr'><strong>ad</strong></span> <span class='ocrx_word' id='word_1_558' title='bbox 2421 607 2705 648; x_wconf 86' lang='lat' dir='ltr'><strong>coutinentem</strong></span> <span class='ocrx_word' id='word_1_559' title='bbox 2733 598 2766 666; x_wconf 36' lang='grc' dir='ltr'><strong>,ζ</strong></span> 
     </span>
     <span class='ocr_line' id='line_1_67' title="bbox 1466 662 2768 726; baseline -0.002 -10"><span class='ocrx_word' id='word_1_560' title='bbox 1466 673 1610 726; x_wconf 84' lang='lat' dir='ltr'><strong>redeo,</strong></span> <span class='ocrx_word' id='word_1_561' title='bbox 1629 672 1743 716; x_wconf 85' lang='lat' dir='ltr'><strong>unde</strong></span> <span class='ocrx_word' id='word_1_562' title='bbox 1763 673 1817 716; x_wconf 87' lang='lat' dir='ltr'><strong>ad</strong></span> <span class='ocrx_word' id='word_1_563' title='bbox 1831 674 1983 716; x_wconf 82' lang='lat' dir='ltr'><strong>insulas</strong></span> <span class='ocrx_word' id='word_1_564' title='bbox 2003 672 2274 715; x_wconf 79' lang='lat' dir='ltr'><strong>deverteram.</strong></span> <span class='ocrx_word' id='word_1_565' title='bbox 2763 662 2768 665; x_wconf 36' lang='lat'>⁵</span> 
     </span>
    </p>

    <p class='ocr_par' dir='ltr' id='par_1_11' title="bbox 1467 739 2782 1279">
     <span class='ocr_line' id='line_1_68' title="bbox 1525 741 2710 798; baseline -0.002 -15"><span class='ocrx_word' id='word_1_566' title='bbox 1525 744 1595 796; x_wconf 87' lang='lat'><strong>98.</strong></span> <span class='ocrx_word' id='word_1_567' title='bbox 1620 743 1781 784; x_wconf 71' lang='lat' dir='ltr'><strong>Lrnu.</strong></span> <span class='ocrx_word' id='word_1_568' title='bbox 1804 744 1909 796; x_wconf 80' lang='lat' dir='ltr'><strong>Quae</strong></span> <span class='ocrx_word' id='word_1_569' title='bbox 1922 750 2016 798; x_wconf 80' lang='lat' dir='ltr'><strong>post</strong></span> <span class='ocrx_word' id='word_1_570' title='bbox 2030 741 2295 784; x_wconf 78' lang='lat' dir='ltr'>Antandrum</span> <span class='ocrx_word' id='word_1_571' title='bbox 2313 750 2353 783; x_wconf 92' lang='lat' dir='ltr'><strong>et</strong></span> <span class='ocrx_word' id='word_1_572' title='bbox 2365 741 2561 783; x_wconf 78' lang='lat' dir='ltr'><strong>AEolicam</strong></span> <span class='ocrx_word' id='word_1_573' title='bbox 2577 742 2710 795; x_wconf 83' lang='lat' dir='ltr'><strong>regio-</strong></span> 
     </span>
     <span class='ocr_line' id='line_1_69' title="bbox 1468 810 2706 867; baseline 0 -15"><span class='ocrx_word' id='word_1_574' title='bbox 1468 824 1566 853; x_wconf 89' lang='lat' dir='ltr'><strong>nem</strong></span> <span class='ocrx_word' id='word_1_575' title='bbox 1579 811 1767 866; x_wconf 86' lang='lat' dir='ltr'><strong>sequitur</strong></span> <span class='ocrx_word' id='word_1_576' title='bbox 1781 825 1855 852; x_wconf 81' lang='lat' dir='ltr'><strong>ora</strong></span> <span class='ocrx_word' id='word_1_577' title='bbox 1872 811 2080 852; x_wconf 87' lang='lat' dir='ltr'><strong>maritima</strong></span> <span class='ocrx_word' id='word_1_578' title='bbox 2093 812 2209 867; x_wconf 87' lang='lat' dir='ltr'><strong>prius</strong></span> <span class='ocrx_word' id='word_1_579' title='bbox 2228 810 2396 867; x_wconf 85' lang='lat' dir='ltr'><strong>quidem</strong></span> <span class='ocrx_word' id='word_1_580' title='bbox 2417 812 2480 852; x_wconf 81' lang='lat' dir='ltr'><strong>sui</strong></span> <span class='ocrx_word' id='word_1_581' title='bbox 2494 810 2601 866; x_wconf 89' lang='lat' dir='ltr'><strong>juris</strong></span> <span class='ocrx_word' id='word_1_582' title='bbox 2618 819 2706 852; x_wconf 89' lang='lat' dir='ltr'><strong>erat</strong></span> 
     </span>
     <span class='ocr_line' id='line_1_70' title="bbox 1467 878 2782 935; baseline 0.001 -15"><span class='ocrx_word' id='word_1_583' title='bbox 1467 879 1602 935; x_wconf 83' lang='lat' dir='ltr'><strong>Mysia</strong></span> <span class='ocrx_word' id='word_1_584' title='bbox 1619 886 1730 920; x_wconf 87' lang='lat' dir='ltr'><strong>terra</strong></span> <span class='ocrx_word' id='word_1_585' title='bbox 1744 892 1876 934; x_wconf 83' lang='lat' dir='ltr'><strong>usque</strong></span> <span class='ocrx_word' id='word_1_586' title='bbox 1893 878 1947 920; x_wconf 86' lang='lat' dir='ltr'><strong>ad</strong></span> <span class='ocrx_word' id='word_1_587' title='bbox 1960 879 2275 932; x_wconf 79' lang='lat' dir='ltr'><strong>Teuthraniam,</strong></span> <span class='ocrx_word' id='word_1_588' title='bbox 2293 895 2405 923; x_wconf 91' lang='lat' dir='ltr'><strong>nunc</strong></span> <span class='ocrx_word' id='word_1_589' title='bbox 2428 895 2525 921; x_wconf 76' lang='lat' dir='ltr'><strong>vero</strong></span> <span class='ocrx_word' id='word_1_590' title='bbox 2542 888 2602 921; x_wconf 89' lang='lat' dir='ltr'><strong>cst</strong></span> <span class='ocrx_word' id='word_1_591' title='bbox 2624 881 2708 935; x_wconf 86' lang='lat' dir='ltr'><strong>Ly·</strong></span> <span class='ocrx_word' id='word_1_592' title='bbox 2779 914 2782 915; x_wconf 16' lang='grc' dir='ltr'><em>γ</em></span> 
     </span>
     <span class='ocr_line' id='line_1_71' title="bbox 1470 945 2782 1005; baseline 0.002 -17"><span class='ocrx_word' id='word_1_593' title='bbox 1470 946 1550 989; x_wconf 73' lang='lat' dir='ltr'><strong>‹11ae</strong></span> <span class='ocrx_word' id='word_1_594' title='bbox 1570 962 1682 1004; x_wconf 81' lang='lat' dir='ltr'><strong>pars,</strong></span> <span class='ocrx_word' id='word_1_595' title='bbox 1712 948 1841 1004; x_wconf 84' lang='lat' dir='ltr'><strong>Mysis</strong></span> <span class='ocrx_word' id='word_1_596' title='bbox 1872 948 1916 989; x_wconf 90' lang='lat' dir='ltr'><strong>in</strong></span> <span class='ocrx_word' id='word_1_597' title='bbox 1936 947 2239 991; x_wconf 80' lang='lat' dir='ltr'><strong>mediterranea</strong></span> <span class='ocrx_word' id='word_1_598' title='bbox 2265 949 2419 1005; x_wconf 81' lang='lat' dir='ltr'><strong>ejectis.</strong></span> <span class='ocrx_word' id='word_1_599' title='bbox 2443 950 2579 992; x_wconf 83' lang='lat' dir='ltr'><strong>Urbes</strong></span> <span class='ocrx_word' id='word_1_600' title='bbox 2607 962 2708 990; x_wconf 83' lang='lat' dir='ltr'><strong>vero</strong></span> <span class='ocrx_word' id='word_1_601' title='bbox 2779 945 2782 962; x_wconf 76' lang='lat'><em>³</em></span> 
     </span>
     <span class='ocr_line' id='line_1_72' title="bbox 1470 1014 2782 1074; baseline 0.002 -18"><span class='ocrx_word' id='word_1_602' title='bbox 1470 1016 1625 1057; x_wconf 83' lang='lat' dir='ltr'><strong>Graeeae</strong></span> <span class='ocrx_word' id='word_1_603' title='bbox 1636 1016 1679 1057; x_wconf 91' lang='lat' dir='ltr'><strong>in</strong></span> <span class='ocrx_word' id='word_1_604' title='bbox 1691 1024 1827 1057; x_wconf 75' lang='lat' dir='ltr'><strong>vetere</strong></span> <span class='ocrx_word' id='word_1_605' title='bbox 1836 1015 2053 1072; x_wconf 83' lang='lat' dir='ltr'><strong>hacMysia</strong></span> <span class='ocrx_word' id='word_1_606' title='bbox 2069 1016 2165 1057; x_wconf 89' lang='lat' dir='ltr'><strong>etin</strong></span> <span class='ocrx_word' id='word_1_607' title='bbox 2177 1015 2311 1073; x_wconf 82' lang='lat' dir='ltr'><strong>Lydia</strong></span> <span class='ocrx_word' id='word_1_608' title='bbox 2322 1017 2387 1060; x_wconf 79' lang='lat' dir='ltr'><strong>hae</strong></span> <span class='ocrx_word' id='word_1_609' title='bbox 2398 1027 2521 1060; x_wconf 85' lang='lat' dir='ltr'><strong>sunt:</strong></span> <span class='ocrx_word' id='word_1_610' title='bbox 2541 1022 2705 1074; x_wconf 79' lang='lat' dir='ltr'>Astyra,</span> <span class='ocrx_word' id='word_1_611' title='bbox 2778 1014 2782 1027; x_wconf 76' lang='lat'>⁸</span> 
     </span>
     <span class='ocr_line' id='line_1_73' title="bbox 1470 1083 2710 1143; baseline 0.002 -16"><span class='ocrx_word' id='word_1_612' title='bbox 1470 1085 1543 1127; x_wconf 91' lang='lat' dir='ltr'><strong>ubi</strong></span> <span class='ocrx_word' id='word_1_613' title='bbox 1566 1084 1710 1127; x_wconf 89' lang='lat' dir='ltr'><strong>fanum</strong></span> <span class='ocrx_word' id='word_1_614' title='bbox 1725 1093 1788 1126; x_wconf 88' lang='lat' dir='ltr'><strong>est</strong></span> <span class='ocrx_word' id='word_1_615' title='bbox 1808 1085 1967 1136; x_wconf 84' lang='lat' dir='ltr'><strong>Dianae,</strong></span> <span class='ocrx_word' id='word_1_616' title='bbox 1988 1092 2029 1127; x_wconf 92' lang='lat' dir='ltr'><strong>et</strong></span> <span class='ocrx_word' id='word_1_617' title='bbox 2050 1083 2374 1142; x_wconf 77' lang='lat' dir='ltr'>Adramyttium.</span> <span class='ocrx_word' id='word_1_618' title='bbox 2401 1087 2589 1143; x_wconf 78' lang='lat' dir='ltr'><strong>[Deinde</strong></span> <span class='ocrx_word' id='word_1_619' title='bbox 2608 1088 2622 1143; x_wconf 94' lang='grc'><strong>]</strong></span> <span class='ocrx_word' id='word_1_620' title='bbox 2649 1096 2710 1129; x_wconf 87' lang='lat' dir='ltr'><strong>est</strong></span> 
     </span>
     <span class='ocr_line' id='line_1_74' title="bbox 1471 1153 2711 1211; baseline 0.003 -16"><span class='ocrx_word' id='word_1_621' title='bbox 1471 1153 1576 1196; x_wconf 91' lang='lat' dir='ltr'><strong>ditio</strong></span> <span class='ocrx_word' id='word_1_622' title='bbox 1611 1154 1803 1206; x_wconf 69' lang='lat' dir='ltr'>Laebica,</span> <span class='ocrx_word' id='word_1_623' title='bbox 1835 1162 1877 1196; x_wconf 91' lang='lat' dir='ltr'><strong>et</strong></span> <span class='ocrx_word' id='word_1_624' title='bbox 1906 1153 2129 1211; x_wconf 88' lang='lat' dir='ltr'><strong>posthanc</strong></span> <span class='ocrx_word' id='word_1_625' title='bbox 2160 1154 2362 1196; x_wconf 90' lang='lat' dir='ltr'>Chiorum</span> <span class='ocrx_word' id='word_1_626' title='bbox 2394 1156 2647 1199; x_wconf 85' lang='lat' dir='ltr'><strong>territorium</strong></span> <span class='ocrx_word' id='word_1_627' title='bbox 2669 1165 2711 1198; x_wconf 90' lang='lat' dir='ltr'><strong>et</strong></span> 
     </span>
     <span class='ocr_line' id='line_1_75' title="bbox 1471 1221 2712 1279; baseline 0.002 -15"><span class='ocrx_word' id='word_1_628' title='bbox 1471 1224 1612 1264; x_wconf 84' lang='lat' dir='ltr'><strong>civitas</strong></span> <span class='ocrx_word' id='word_1_629' title='bbox 1642 1225 1861 1265; x_wconf 76' lang='lat' dir='ltr'><strong>Atarneus.</strong></span> <span class='ocrx_word' id='word_1_630' title='bbox 1902 1221 2017 1264; x_wconf 88' lang='lat' dir='ltr'><strong>Infra</strong></span> <span class='ocrx_word' id='word_1_631' title='bbox 2034 1222 2122 1263; x_wconf 82' lang='lat' dir='ltr'><strong>haec</strong></span> <span class='ocrx_word' id='word_1_632' title='bbox 2154 1221 2243 1263; x_wconf 89' lang='lat' dir='ltr'><strong>loca</strong></span> <span class='ocrx_word' id='word_1_633' title='bbox 2260 1221 2313 1263; x_wconf 89' lang='lat' dir='ltr'><strong>ad</strong></span> <span class='ocrx_word' id='word_1_634' title='bbox 2332 1236 2446 1264; x_wconf 88' lang='lat' dir='ltr'><strong>mare</strong></span> <span class='ocrx_word' id='word_1_635' title='bbox 2474 1231 2536 1265; x_wconf 69' lang='lat' dir='ltr'><strong>est</strong></span> <span class='ocrx_word' id='word_1_636' title='bbox 2565 1232 2712 1279; x_wconf 84' lang='lat' dir='ltr'><strong>portus</strong></span> 
     </span>
    </p>
   </div>
   <div class='ocr_carea' id='block_1_7' title="bbox 1472 1380 2782 4130">
    <p class='ocr_par' dir='ltr' id='par_1_12' title="bbox 1472 1380 2717 2133">
     <span class='ocr_line' id='line_1_76' title="bbox 1473 1380 2715 1439; baseline -0.001 -13"><span class='ocrx_word' id='word_1_637' title='bbox 1473 1383 1708 1439; x_wconf 86' lang='lat' dir='ltr'><strong>Xenophon</strong></span> <span class='ocrx_word' id='word_1_638' title='bbox 1736 1383 1843 1424; x_wconf 81' lang='lat' dir='ltr'><strong>Heli.</strong></span> <span class='ocrx_word' id='word_1_639' title='bbox 1868 1384 1945 1433; x_wconf 94' lang='lat' dir='ltr'><strong>IV,</strong></span> <span class='ocrx_word' id='word_1_640' title='bbox 1977 1395 2015 1434; x_wconf 87' lang='lat'>1,</span> <span class='ocrx_word' id='word_1_641' title='bbox 2050 1386 2099 1432; x_wconf 77' lang='lat'><strong>41</strong></span> <span class='ocrx_word' id='word_1_642' title='bbox 2125 1395 2136 1424; x_wconf 89' lang='lat'>:</span> <span class='ocrx_word' id='word_1_643' title='bbox 2172 1380 2415 1439; x_wconf 66' lang='grc' dir='ltr'><strong>Ἀφικόμενος</strong></span> <span class='ocrx_word' id='word_1_644' title='bbox 2435 1382 2475 1425; x_wconf 81' lang='grc' dir='ltr'><strong>δὲ</strong></span> <span class='ocrx_word' id='word_1_645' title='bbox 2499 1382 2550 1431; x_wconf 83' lang='grc' dir='ltr'><strong>εἷς</strong></span> <span class='ocrx_word' id='word_1_646' title='bbox 2583 1382 2715 1437; x_wconf 75' lang='grc' dir='ltr'><strong>Θήδης</strong></span> 
     </span>
     <span class='ocr_line' id='line_1_77' title="bbox 1472 1444 2713 1503; baseline 0.001 -15"><span class='ocrx_word' id='word_1_647' title='bbox 1472 1446 1602 1488; x_wconf 85' lang='grc' dir='ltr'><strong>πεδίον</strong></span> <span class='ocrx_word' id='word_1_648' title='bbox 1626 1445 2071 1501; x_wconf 78' lang='grc' dir='ltr'><strong>κατεστρατοπεδεύσατο</strong></span> <span class='ocrx_word' id='word_1_649' title='bbox 2090 1444 2176 1501; x_wconf 72' lang='grc' dir='ltr'><strong>περὶ</strong></span> <span class='ocrx_word' id='word_1_650' title='bbox 2196 1445 2242 1487; x_wconf 70' lang='lat' dir='ltr'><strong>rb</strong></span> <span class='ocrx_word' id='word_1_651' title='bbox 2260 1448 2328 1498; x_wconf 82' lang='grc' dir='ltr'><strong>τῆς</strong></span> <span class='ocrx_word' id='word_1_652' title='bbox 2350 1444 2573 1502; x_wconf 79' lang='grc' dir='ltr'><strong>Ἀστυρηνῆς</strong></span> <span class='ocrx_word' id='word_1_653' title='bbox 2591 1444 2713 1503; x_wconf 62' lang='lat' dir='ltr'><strong>‘Apti-</strong></span> 
     </span>
     <span class='ocr_line' id='line_1_78' title="bbox 1474 1507 2715 1565; baseline 0.003 -16"><span class='ocrx_word' id='word_1_654' title='bbox 1474 1510 1582 1565; x_wconf 84' lang='grc' dir='ltr'><strong>μιδος</strong></span> <span class='ocrx_word' id='word_1_655' title='bbox 1609 1508 1729 1564; x_wconf 74' lang='grc' dir='ltr'><strong>ἱερόν.</strong></span> <span class='ocrx_word' id='word_1_656' title='bbox 1755 1511 1787 1552; x_wconf 91' lang='lat' dir='ltr'><strong>A</strong></span> <span class='ocrx_word' id='word_1_657' title='bbox 1812 1508 1956 1550; x_wconf 89' lang='lat' dir='ltr'><strong>Thebe</strong></span> <span class='ocrx_word' id='word_1_658' title='bbox 1987 1507 2242 1565; x_wconf 87' lang='lat' dir='ltr'><strong>Hypoplacia</strong></span> <span class='ocrx_word' id='word_1_659' title='bbox 2262 1522 2318 1564; x_wconf 88' lang='lat'><strong>70</strong></span> <span class='ocrx_word' id='word_1_660' title='bbox 2350 1507 2482 1551; x_wconf 85' lang='lat' dir='ltr'><strong>stadia</strong></span> <span class='ocrx_word' id='word_1_661' title='bbox 2506 1507 2715 1553; x_wconf 83' lang='lat' dir='ltr'><strong>distabant</strong></span> 
     </span>
     <span class='ocr_line' id='line_1_79' title="bbox 1472 1566 2714 1628; baseline 0.002 -15"><span class='ocrx_word' id='word_1_662' title='bbox 1472 1575 1620 1628; x_wconf 83' lang='lat' dir='ltr'>Astyra</span> <span class='ocrx_word' id='word_1_663' title='bbox 1635 1603 1646 1622; x_wconf 94' lang='lat'>,</span> <span class='ocrx_word' id='word_1_664' title='bbox 1667 1586 1749 1613; x_wconf 90' lang='lat' dir='ltr'><strong>sec.</strong></span> <span class='ocrx_word' id='word_1_665' title='bbox 1774 1571 1967 1613; x_wconf 90' lang='lat' dir='ltr'><strong>Strabon.</strong></span> <span class='ocrx_word' id='word_1_666' title='bbox 1986 1585 2028 1627; x_wconf 92' lang='lat' dir='ltr'><strong>p.</strong></span> <span class='ocrx_word' id='word_1_667' title='bbox 2054 1572 2269 1627; x_wconf 75' lang='lat' dir='ltr'><strong>614.&#39;1pse</strong></span> <span class='ocrx_word' id='word_1_668' title='bbox 2289 1570 2403 1613; x_wconf 87' lang='lat' dir='ltr'><strong>locus</strong></span> <span class='ocrx_word' id='word_1_669' title='bbox 2420 1586 2446 1614; x_wconf 89' lang='lat' dir='ltr'><strong>a</strong></span> <span class='ocrx_word' id='word_1_670' title='bbox 2466 1571 2543 1614; x_wconf 82' lang='lat' dir='ltr'><strong>dea</strong></span> <span class='ocrx_word' id='word_1_671' title='bbox 2560 1566 2714 1615; x_wconf 79' lang='lat' dir='ltr'><strong>nomen</strong></span> 
     </span>
     <span class='ocr_line' id='line_1_80' title="bbox 1473 1633 2712 1690; baseline 0.002 -15"><span class='ocrx_word' id='word_1_672' title='bbox 1473 1642 1705 1690; x_wconf 90' lang='lat' dir='ltr'><strong>acceperat,</strong></span> <span class='ocrx_word' id='word_1_673' title='bbox 1727 1648 1819 1689; x_wconf 82' lang='lat' dir='ltr'><strong>quae</strong></span> <span class='ocrx_word' id='word_1_674' title='bbox 1836 1642 1924 1675; x_wconf 88' lang='lat' dir='ltr'><strong>erat</strong></span> <span class='ocrx_word' id='word_1_675' title='bbox 1937 1636 2071 1675; x_wconf 83' lang='lat' dir='ltr'><strong>Aseor</strong></span> <span class='ocrx_word' id='word_1_676' title='bbox 2086 1633 2149 1674; x_wconf 87' lang='lat' dir='ltr'><strong>vel</strong></span> <span class='ocrx_word' id='word_1_677' title='bbox 2170 1635 2358 1675; x_wconf 76' lang='lat' dir='ltr'><strong>Astarte.</strong></span> <span class='ocrx_word' id='word_1_678' title='bbox 2376 1633 2592 1676; x_wconf 69' lang='lat' dir='ltr'><strong>Phoenicoe</strong></span> <span class='ocrx_word' id='word_1_679' title='bbox 2613 1634 2712 1678; x_wconf 86' lang='lat' dir='ltr'><strong>olim</strong></span> 
     </span>
     <span class='ocr_line' id='line_1_81' title="bbox 1476 1694 2714 1755; baseline 0.002 -17"><span class='ocrx_word' id='word_1_680' title='bbox 1476 1696 1533 1738; x_wconf 91' lang='lat' dir='ltr'><strong>ibi</strong></span> <span class='ocrx_word' id='word_1_681' title='bbox 1557 1696 1790 1739; x_wconf 82' lang='lat' dir='ltr'><strong>consedisse</strong></span> <span class='ocrx_word' id='word_1_682' title='bbox 1818 1695 1916 1738; x_wconf 87' lang='lat' dir='ltr'><strong>inde</strong></span> <span class='ocrx_word' id='word_1_683' title='bbox 1939 1697 2062 1738; x_wconf 87' lang='lat' dir='ltr'><strong>etiam</strong></span> <span class='ocrx_word' id='word_1_684' title='bbox 2085 1695 2248 1751; x_wconf 84' lang='lat' dir='ltr'><strong>colligas</strong></span> <span class='ocrx_word' id='word_1_685' title='bbox 2276 1694 2391 1752; x_wconf 88' lang='lat' dir='ltr'><strong>quod</strong></span> <span class='ocrx_word' id='word_1_686' title='bbox 2419 1695 2545 1739; x_wconf 89' lang='lat' dir='ltr'><strong>altera</strong></span> <span class='ocrx_word' id='word_1_687' title='bbox 2566 1699 2714 1755; x_wconf 78' lang='lat' dir='ltr'>Astyra</span> 
     </span>
     <span class='ocr_line' id='line_1_82' title="bbox 1477 1758 2714 1815; baseline 0.002 -15"><span class='ocrx_word' id='word_1_688' title='bbox 1477 1759 1521 1800; x_wconf 92' lang='lat' dir='ltr'><strong>in</strong></span> <span class='ocrx_word' id='word_1_689' title='bbox 1550 1758 1811 1801; x_wconf 88' lang='lat' dir='ltr'><strong>Rhodiorum</strong></span> <span class='ocrx_word' id='word_1_690' title='bbox 1833 1761 1970 1802; x_wconf 80' lang='lat' dir='ltr'><strong>Peraea</strong></span> <span class='ocrx_word' id='word_1_691' title='bbox 2006 1773 2195 1815; x_wconf 87' lang='lat' dir='ltr'><strong>expresse</strong></span> <span class='ocrx_word' id='word_1_692' title='bbox 2230 1766 2442 1815; x_wconf 85' lang='lat' dir='ltr'>tamquam</span> <span class='ocrx_word' id='word_1_693' title='bbox 2469 1759 2714 1804; x_wconf 85' lang='lat' dir='ltr'><strong>Phoenicum</strong></span> 
     </span>
     <span class='ocr_line' id='line_1_83' title="bbox 1476 1821 2717 1879; baseline 0.001 -14"><span class='ocrx_word' id='word_1_694' title='bbox 1476 1822 1577 1865; x_wconf 85' lang='lat' dir='ltr'><strong>urbs</strong></span> <span class='ocrx_word' id='word_1_695' title='bbox 1612 1830 1977 1865; x_wconf 89' lang='lat' dir='ltr'><strong>commemoratur.</strong></span> <span class='ocrx_word' id='word_1_696' title='bbox 2001 1824 2056 1864; x_wconf 91' lang='lat' dir='ltr'><strong>V.</strong></span> <span class='ocrx_word' id='word_1_697' title='bbox 2082 1822 2314 1879; x_wconf 88' lang='lat' dir='ltr'><strong>Stephanus</strong></span> <span class='ocrx_word' id='word_1_698' title='bbox 2346 1835 2356 1864; x_wconf 91' lang='lat'><strong>:</strong></span> <span class='ocrx_word' id='word_1_699' title='bbox 2381 1821 2566 1878; x_wconf 77' lang='grc' dir='ltr'><strong>Ἄστυρα,</strong></span> <span class='ocrx_word' id='word_1_700' title='bbox 2604 1823 2717 1875; x_wconf 80' lang='grc' dir='ltr'><strong>πόλις</strong></span> 
     </span>
     <span class='ocr_line' id='line_1_84' title="bbox 1475 1883 2716 1942; baseline 0 -15"><span class='ocrx_word' id='word_1_701' title='bbox 1475 1885 1637 1937; x_wconf 86' lang='grc' dir='ltr'><strong>Μυσίας,</strong></span> <span class='ocrx_word' id='word_1_702' title='bbox 1662 1884 1890 1941; x_wconf 78' lang='grc' dir='ltr'><strong>οὖδετέρως,</strong></span> <span class='ocrx_word' id='word_1_703' title='bbox 1919 1884 2011 1941; x_wconf 77' lang='grc' dir='ltr'><strong>πρὸς</strong></span> <span class='ocrx_word' id='word_1_704' title='bbox 2039 1887 2088 1942; x_wconf 80' lang='grc' dir='ltr'><strong>τῇ</strong></span> <span class='ocrx_word' id='word_1_705' title='bbox 2109 1885 2281 1940; x_wconf 78' lang='grc' dir='ltr'><strong>Τρωάδι·</strong></span> <span class='ocrx_word' id='word_1_706' title='bbox 2306 1883 2463 1940; x_wconf 83' lang='grc' dir='ltr'><strong>λέγεται</strong></span> <span class='ocrx_word' id='word_1_707' title='bbox 2485 1884 2551 1927; x_wconf 71' lang='grc' dir='ltr'><strong>καὶ</strong></span> <span class='ocrx_word' id='word_1_708' title='bbox 2583 1885 2716 1937; x_wconf 74' lang='grc' dir='ltr'><strong>ἑνικῶς</strong></span> 
     </span>
     <span class='ocr_line' id='line_1_85' title="bbox 1476 1945 2716 2005; baseline 0.002 -15"><span class='ocrx_word' id='word_1_709' title='bbox 1476 1946 1670 2005; x_wconf 80' lang='grc' dir='ltr'><strong>Ἆστυρον.</strong></span> <span class='ocrx_word' id='word_1_710' title='bbox 1682 1947 1795 1990; x_wconf 77' lang='grc' dir='ltr'><strong>Ἐστι</strong></span> <span class='ocrx_word' id='word_1_711' title='bbox 1806 1948 1989 2004; x_wconf 72' lang='grc' dir='ltr'><strong>καὶκώμη</strong></span> <span class='ocrx_word' id='word_1_712' title='bbox 1999 1947 2163 2001; x_wconf 87' lang='grc' dir='ltr'><strong>πλησίον</strong></span> <span class='ocrx_word' id='word_1_713' title='bbox 2172 1950 2240 1989; x_wconf 79' lang='grc' dir='ltr'><strong>τοῦ</strong></span> <span class='ocrx_word' id='word_1_714' title='bbox 2254 1945 2519 2003; x_wconf 79' lang='grc' dir='ltr'><strong>Ἀδραμυττίου</strong></span> <span class='ocrx_word' id='word_1_715' title='bbox 2529 1946 2569 2004; x_wconf 90' lang='lat' dir='ltr'><strong>(a</strong></span> <span class='ocrx_word' id='word_1_716' title='bbox 2577 1950 2716 2005; x_wconf 75' lang='lat' dir='ltr'><strong>priore</strong></span> 
     </span>
     <span class='ocr_line' id='line_1_86' title="bbox 1475 2010 2714 2068; baseline 0.001 -14"><span class='ocrx_word' id='word_1_717' title='bbox 1475 2026 1561 2054; x_wconf 88' lang='lat' dir='ltr'><strong>non</strong></span> <span class='ocrx_word' id='word_1_718' title='bbox 1593 2012 1798 2067; x_wconf 83' lang='lat' dir='ltr'><strong>diversa),</strong></span> <span class='ocrx_word' id='word_1_719' title='bbox 1827 2011 1879 2060; x_wconf 82' lang='grc' dir='ltr'><strong>ὡς</strong></span> <span class='ocrx_word' id='word_1_720' title='bbox 1908 2011 2107 2068; x_wconf 79' lang='grc' dir='ltr'><strong>Στράὸων.</strong></span> <span class='ocrx_word' id='word_1_721' title='bbox 2138 2010 2251 2052; x_wconf 79' lang='grc' dir='ltr'><strong>Ἐστι</strong></span> <span class='ocrx_word' id='word_1_722' title='bbox 2279 2010 2344 2052; x_wconf 67' lang='grc' dir='ltr'><strong>καὶ</strong></span> <span class='ocrx_word' id='word_1_723' title='bbox 2371 2010 2482 2059; x_wconf 86' lang='grc' dir='ltr'><strong>πόλις</strong></span> <span class='ocrx_word' id='word_1_724' title='bbox 2516 2011 2714 2055; x_wconf 86' lang='grc' dir='ltr'><strong>Φοινίκων</strong></span> 
     </span>
     <span class='ocr_line' id='line_1_87' title="bbox 1477 2069 2716 2133; baseline 0.002 -17"><span class='ocrx_word' id='word_1_725' title='bbox 1477 2075 1690 2128; x_wconf 84' lang='grc' dir='ltr'><strong>(Φοινίκης</strong></span> <span class='ocrx_word' id='word_1_726' title='bbox 1703 2073 1847 2124; x_wconf 83' lang='lat' dir='ltr'><strong>codd.;</strong></span> <span class='ocrx_word' id='word_1_727' title='bbox 1864 2089 1946 2116; x_wconf 88' lang='lat' dir='ltr'><strong>em.</strong></span> <span class='ocrx_word' id='word_1_728' title='bbox 1961 2074 2150 2132; x_wconf 85' lang='lat' dir='ltr'><strong>Movers)</strong></span> <span class='ocrx_word' id='word_1_729' title='bbox 2168 2072 2266 2116; x_wconf 80' lang='grc' dir='ltr'><strong>κατὰ</strong></span> <span class='ocrx_word' id='word_1_730' title='bbox 2288 2072 2441 2125; x_wconf 81' lang='grc' dir='ltr'><strong>Ῥόδον,</strong></span> <span class='ocrx_word' id='word_1_731' title='bbox 2462 2073 2501 2116; x_wconf 78' lang='grc' dir='ltr'><strong>ἐν</strong></span> <span class='ocrx_word' id='word_1_732' title='bbox 2516 2069 2540 2131; x_wconf 78' lang='grc' dir='ltr'><strong>ᾗ</strong></span> <span class='ocrx_word' id='word_1_733' title='bbox 2557 2073 2716 2133; x_wconf 68' lang='grc' dir='ltr'><strong>ἐτιμᾶτο</strong></span> 
     </span>
    </p>

    <p class='ocr_par' dir='ltr' id='par_1_13' title="bbox 1475 2133 2782 4130">
     <span class='ocr_line' id='line_1_88' title="bbox 1475 2133 2716 2193; baseline 0.001 -14"><span class='ocrx_word' id='word_1_734' title='bbox 1475 2135 1500 2189; x_wconf 75' lang='grc' dir='ltr'>ἡ</span> <span class='ocrx_word' id='word_1_735' title='bbox 1525 2135 1664 2190; x_wconf 78' lang='grc' dir='ltr'><strong>Ἀθηνᾶ</strong></span> <span class='ocrx_word' id='word_1_736' title='bbox 1686 2136 1903 2193; x_wconf 86' lang='grc' dir='ltr'><strong>Ἀστυρίς...</strong></span> <span class='ocrx_word' id='word_1_737' title='bbox 1919 2136 1975 2178; x_wconf 77' lang='lat' dir='ltr'><strong>&#39;rb</strong></span> <span class='ocrx_word' id='word_1_738' title='bbox 2003 2136 2151 2179; x_wconf 74' lang='grc' dir='ltr'><strong>ἐθνικδν</strong></span> <span class='ocrx_word' id='word_1_739' title='bbox 2182 2134 2426 2191; x_wconf 84' lang='grc' dir='ltr'><strong>Ἀστυρηνός,</strong></span> <span class='ocrx_word' id='word_1_740' title='bbox 2446 2133 2508 2192; x_wconf 74' lang='grc' dir='ltr'><strong>ἀφ’</strong></span> <span class='ocrx_word' id='word_1_741' title='bbox 2527 2133 2574 2178; x_wconf 69' lang='grc' dir='ltr'><strong>οὗ</strong></span> <span class='ocrx_word' id='word_1_742' title='bbox 2591 2137 2656 2179; x_wconf 74' lang='grc' dir='ltr'><strong>καὶ</strong></span> <span class='ocrx_word' id='word_1_743' title='bbox 2670 2138 2716 2180; x_wconf 74' lang='grc' dir='ltr'><strong>τὸ</strong></span> 
     </span>
     <span class='ocr_line' id='line_1_89' title="bbox 1475 2199 2738 2257; baseline 0.001 -14"><span class='ocrx_word' id='word_1_744' title='bbox 1475 2202 1543 2253; x_wconf 82' lang='grc' dir='ltr'><strong>τῆς</strong></span> <span class='ocrx_word' id='word_1_745' title='bbox 1569 2200 1795 2256; x_wconf 72' lang='grc' dir='ltr'><strong>Ἀστυρηνῆς</strong></span> <span class='ocrx_word' id='word_1_746' title='bbox 1817 2199 2031 2257; x_wconf 82' lang='grc' dir='ltr'><strong>Ἀρτέμιδος</strong></span> <span class='ocrx_word' id='word_1_747' title='bbox 2050 2199 2167 2256; x_wconf 77' lang='grc' dir='ltr'><strong>ἱερόν.</strong></span> <span class='ocrx_word' id='word_1_748' title='bbox 2183 2199 2325 2241; x_wconf 85' lang='lat' dir='ltr'><strong>Tertia</strong></span> <span class='ocrx_word' id='word_1_749' title='bbox 2342 2201 2491 2255; x_wconf 78' lang='lat' dir='ltr'>Astyra</span> <span class='ocrx_word' id='word_1_750' title='bbox 2505 2213 2587 2242; x_wconf 76' lang='lat' dir='ltr'><strong>sec.</strong></span> <span class='ocrx_word' id='word_1_751' title='bbox 2605 2201 2717 2244; x_wconf 73' lang='lat' dir='ltr'><strong>stra·</strong></span> <span class='ocrx_word' id='word_1_752' title='bbox 2733 2223 2738 2228; x_wconf 92' lang='lat'><em>·</em></span> 
     </span>
     <span class='ocr_line' id='line_1_90' title="bbox 1476 2261 2715 2319; baseline 0.001 -15"><span class='ocrx_word' id='word_1_753' title='bbox 1476 2262 1577 2305; x_wconf 91' lang='lat' dir='ltr'><strong>bon.</strong></span> <span class='ocrx_word' id='word_1_754' title='bbox 1599 2264 1731 2315; x_wconf 89' lang='lat' dir='ltr'>XIII,</span> <span class='ocrx_word' id='word_1_755' title='bbox 1758 2276 1802 2319; x_wconf 87' lang='lat' dir='ltr'><strong>p.</strong></span> <span class='ocrx_word' id='word_1_756' title='bbox 1841 2262 1917 2318; x_wconf 85' lang='lat'><strong>591</strong></span> <span class='ocrx_word' id='word_1_757' title='bbox 1949 2261 2003 2304; x_wconf 89' lang='lat' dir='ltr'><strong>ad</strong></span> <span class='ocrx_word' id='word_1_758' title='bbox 2035 2261 2347 2318; x_wconf 69' lang='lat' dir='ltr'><strong>Hellespontum</strong></span> <span class='ocrx_word' id='word_1_759' title='bbox 2371 2274 2495 2318; x_wconf 83' lang='lat' dir='ltr'><strong>supra</strong></span> <span class='ocrx_word' id='word_1_760' title='bbox 2519 2261 2715 2319; x_wconf 81' lang='lat' dir='ltr'>Abydum</span> 
     </span>
     <span class='ocr_line' id='line_1_91' title="bbox 1476 2322 2715 2381; baseline 0.002 -15"><span class='ocrx_word' id='word_1_761' title='bbox 1476 2333 1594 2367; x_wconf 90' lang='lat' dir='ltr'><strong>erant</strong></span> <span class='ocrx_word' id='word_1_762' title='bbox 1608 2341 1619 2377; x_wconf 90' lang='lat'>;</span> <span class='ocrx_word' id='word_1_763' title='bbox 1638 2326 1746 2368; x_wconf 89' lang='lat' dir='ltr'><strong>hanc</strong></span> <span class='ocrx_word' id='word_1_764' title='bbox 1759 2338 1927 2381; x_wconf 89' lang='lat' dir='ltr'><strong>quoque</strong></span> <span class='ocrx_word' id='word_1_765' title='bbox 1942 2324 2189 2367; x_wconf 84' lang='lat' dir='ltr'><strong>Phoenicum</strong></span> <span class='ocrx_word' id='word_1_766' title='bbox 2205 2322 2329 2365; x_wconf 79' lang='lat' dir='ltr'><strong>fuisse</strong></span> <span class='ocrx_word' id='word_1_767' title='bbox 2340 2322 2543 2366; x_wconf 82' lang='lat' dir='ltr'><strong>coloniam</strong></span> <span class='ocrx_word' id='word_1_768' title='bbox 2560 2339 2611 2367; x_wconf 80' lang='lat' dir='ltr'><strong>ex</strong></span> <span class='ocrx_word' id='word_1_769' title='bbox 2626 2326 2715 2369; x_wconf 72' lang='lat' dir='ltr'><strong>aun*</strong></span> 
     </span>
     <span class='ocr_line' id='line_1_92' title="bbox 1477 2385 2718 2445; baseline 0.001 -15"><span class='ocrx_word' id='word_1_770' title='bbox 1477 2388 1630 2430; x_wconf 82' lang='lat' dir='ltr'><strong>fodinis</strong></span> <span class='ocrx_word' id='word_1_771' title='bbox 1644 2403 1737 2445; x_wconf 87' lang='lat' dir='ltr'><strong>quae</strong></span> <span class='ocrx_word' id='word_1_772' title='bbox 1754 2388 1811 2429; x_wconf 90' lang='lat' dir='ltr'><strong>ibi</strong></span> <span class='ocrx_word' id='word_1_773' title='bbox 1826 2387 1952 2432; x_wconf 88' lang='lat' dir='ltr'><strong>fuisse</strong></span> <span class='ocrx_word' id='word_1_774' title='bbox 1966 2387 2181 2439; x_wconf 88' lang='lat' dir='ltr'><strong>dicuntur,</strong></span> <span class='ocrx_word' id='word_1_775' title='bbox 2198 2394 2309 2429; x_wconf 87' lang='lat' dir='ltr'><strong>recte</strong></span> <span class='ocrx_word' id='word_1_776' title='bbox 2327 2385 2547 2442; x_wconf 78' lang='lat' dir='ltr'><strong>colligitur.</strong></span> <span class='ocrx_word' id='word_1_777' title='bbox 2557 2388 2612 2430; x_wconf 89' lang='lat' dir='ltr'><strong>V.</strong></span> <span class='ocrx_word' id='word_1_778' title='bbox 2625 2389 2718 2431; x_wconf 83' lang='lat' dir='ltr'><strong>Mo·</strong></span> 
     </span>
     <span class='ocr_line' id='line_1_93' title="bbox 1477 2450 2718 2507; baseline -0.003 -12"><span class='ocrx_word' id='word_1_779' title='bbox 1477 2468 1583 2495; x_wconf 68' lang='grc' dir='ltr'><strong>νοτε.</strong></span> <span class='ocrx_word' id='word_1_780' title='bbox 1610 2456 1666 2495; x_wconf 92' lang='lat' dir='ltr'><strong>D.</strong></span> <span class='ocrx_word' id='word_1_781' title='bbox 1689 2453 1829 2495; x_wconf 80' lang='lat' dir='ltr'><strong>Phaen.</strong></span> <span class='ocrx_word' id='word_1_782' title='bbox 1848 2451 2030 2494; x_wconf 75' lang='lat' dir='ltr'><strong>Alecrth.</strong></span> <span class='ocrx_word' id='word_1_783' title='bbox 2052 2453 2120 2503; x_wconf 90' lang='lat'>11,</span> <span class='ocrx_word' id='word_1_784' title='bbox 2145 2464 2194 2502; x_wconf 67' lang='grc' dir='ltr'><strong>α,</strong></span> <span class='ocrx_word' id='word_1_785' title='bbox 2214 2465 2257 2507; x_wconf 90' lang='lat' dir='ltr'><strong>p.</strong></span> <span class='ocrx_word' id='word_1_786' title='bbox 2282 2452 2379 2505; x_wconf 70' lang='lat'><strong>247.</strong></span> <span class='ocrx_word' id='word_1_787' title='bbox 2410 2450 2491 2505; x_wconf 80' lang='lat'><strong>295</strong></span> <span class='ocrx_word' id='word_1_788' title='bbox 2514 2464 2605 2507; x_wconf 84' lang='lat' dir='ltr'><strong>sqq.</strong></span> <span class='ocrx_word' id='word_1_789' title='bbox 2626 2454 2645 2505; x_wconf 80' lang='grc' dir='ltr'><strong>ΙΙ</strong></span> <span class='ocrx_word' id='word_1_790' title='bbox 2660 2476 2718 2486; x_wconf 74' lang='grc'><strong>.-</strong></span> 
     </span>
     <span class='ocr_line' id='line_1_94' title="bbox 1482 2510 2714 2571; baseline 0 -15"><span class='ocrx_word' id='word_1_791' title='bbox 1482 2514 1861 2571; x_wconf 79' lang='grc' dir='ltr'><strong>Ἀδραμὺττιον]</strong></span> <span class='ocrx_word' id='word_1_792' title='bbox 1898 2515 1957 2555; x_wconf 83' lang='lat' dir='ltr'><strong>sic.</strong></span> <span class='ocrx_word' id='word_1_793' title='bbox 1978 2512 2135 2565; x_wconf 85' lang='lat' dir='ltr'><strong>codex;</strong></span> <span class='ocrx_word' id='word_1_794' title='bbox 2168 2512 2266 2555; x_wconf 91' lang='lat' dir='ltr'><strong>olim</strong></span> <span class='ocrx_word' id='word_1_795' title='bbox 2302 2511 2421 2554; x_wconf 89' lang='lat' dir='ltr'><strong>editt.</strong></span> <span class='ocrx_word' id='word_1_796' title='bbox 2453 2510 2714 2570; x_wconf 77' lang='grc' dir='ltr'><strong>Ἆδραμῦτιον,</strong></span> 
     </span>
     <span class='ocr_line' id='line_1_95' title="bbox 1477 2573 2714 2633; baseline -0.001 -14"><span class='ocrx_word' id='word_1_797' title='bbox 1477 2578 1591 2633; x_wconf 89' lang='lat' dir='ltr'><strong>quod</strong></span> <span class='ocrx_word' id='word_1_798' title='bbox 1621 2590 1846 2619; x_wconf 83' lang='lat' dir='ltr'><strong>numerum</strong></span> <span class='ocrx_word' id='word_1_799' title='bbox 1883 2577 2125 2618; x_wconf 88' lang='lat' dir='ltr'><strong>auctoritate</strong></span> <span class='ocrx_word' id='word_1_800' title='bbox 2157 2573 2378 2617; x_wconf 80' lang='lat' dir='ltr'><strong>defendere</strong></span> <span class='ocrx_word' id='word_1_801' title='bbox 2404 2574 2566 2617; x_wconf 88' lang='lat' dir='ltr'><strong>licebat.</strong></span> <span class='ocrx_word' id='word_1_802' title='bbox 2598 2575 2714 2618; x_wconf 86' lang='lat' dir='ltr'><strong>Cete-</strong></span> 
     </span>
     <span class='ocr_line' id='line_1_96' title="bbox 1477 2634 2717 2695; baseline -0.004 -13"><span class='ocrx_word' id='word_1_803' title='bbox 1477 2655 1571 2682; x_wconf 92' lang='lat' dir='ltr'><strong>rum</strong></span> <span class='ocrx_word' id='word_1_804' title='bbox 1604 2640 1692 2682; x_wconf 83' lang='lat' dir='ltr'><strong>haec</strong></span> <span class='ocrx_word' id='word_1_805' title='bbox 1713 2652 1881 2695; x_wconf 90' lang='lat' dir='ltr'><strong>quoque</strong></span> <span class='ocrx_word' id='word_1_806' title='bbox 1902 2637 2003 2679; x_wconf 86' lang='lat' dir='ltr'><strong>urbs</strong></span> <span class='ocrx_word' id='word_1_807' title='bbox 2024 2638 2183 2691; x_wconf 79' lang='lat' dir='ltr'><strong>origine</strong></span> <span class='ocrx_word' id='word_1_808' title='bbox 2216 2651 2300 2678; x_wconf 93' lang='lat' dir='ltr'><strong>non</strong></span> <span class='ocrx_word' id='word_1_809' title='bbox 2331 2650 2461 2691; x_wconf 78' lang='lat' dir='ltr'><strong>graeea</strong></span> <span class='ocrx_word' id='word_1_810' title='bbox 2497 2634 2599 2687; x_wconf 90' lang='lat' dir='ltr'><strong>fuit,</strong></span> <span class='ocrx_word' id='word_1_811' title='bbox 2628 2638 2717 2694; x_wconf 83' lang='lat' dir='ltr'><strong>ipso</strong></span> 
     </span>
     <span class='ocr_line' id='line_1_97' title="bbox 1478 2697 2713 2754; baseline -0.001 -11"><span class='ocrx_word' id='word_1_812' title='bbox 1478 2709 1651 2743; x_wconf 87' lang='lat' dir='ltr'><strong>testante</strong></span> <span class='ocrx_word' id='word_1_813' title='bbox 1692 2701 1889 2751; x_wconf 87' lang='lat' dir='ltr'><strong>nomine;</strong></span> <span class='ocrx_word' id='word_1_814' title='bbox 1927 2698 1999 2741; x_wconf 84' lang='lat' dir='ltr'><strong>sed</strong></span> <span class='ocrx_word' id='word_1_815' title='bbox 2037 2699 2206 2740; x_wconf 89' lang='lat' dir='ltr'><strong>colonos</strong></span> <span class='ocrx_word' id='word_1_816' title='bbox 2240 2699 2397 2754; x_wconf 88' lang='lat' dir='ltr'><strong>accepit</strong></span> <span class='ocrx_word' id='word_1_817' title='bbox 2426 2697 2713 2742; x_wconf 69' lang='lat' dir='ltr'><strong>Athenienses.</strong></span> 
     </span>
     <span class='ocr_line' id='line_1_98' title="bbox 1477 2758 2718 2819; baseline -0.002 -13"><span class='ocrx_word' id='word_1_818' title='bbox 1477 2764 1623 2806; x_wconf 91' lang='lat' dir='ltr'><strong>Strabo</strong></span> <span class='ocrx_word' id='word_1_819' title='bbox 1653 2764 1779 2813; x_wconf 88' lang='lat' dir='ltr'>XIII,</span> <span class='ocrx_word' id='word_1_820' title='bbox 1803 2776 1846 2819; x_wconf 93' lang='lat' dir='ltr'><strong>p.</strong></span> <span class='ocrx_word' id='word_1_821' title='bbox 1874 2765 1984 2804; x_wconf 85' lang='lat'><strong>606:</strong></span> <span class='ocrx_word' id='word_1_822' title='bbox 2013 2759 2298 2816; x_wconf 69' lang='grc' dir='ltr'><strong>Ἀδραμύττιον,</strong></span> <span class='ocrx_word' id='word_1_823' title='bbox 2325 2758 2532 2813; x_wconf 82' lang='grc' dir='ltr'><strong>Ἀθηναίων</strong></span> <span class='ocrx_word' id='word_1_824' title='bbox 2561 2760 2718 2809; x_wconf 73' lang='grc' dir='ltr'><strong>ἄποικος</strong></span> 
     </span>
     <span class='ocr_line' id='line_1_99' title="bbox 1477 2821 2718 2880; baseline -0.002 -14"><span class='ocrx_word' id='word_1_825' title='bbox 1477 2825 1616 2876; x_wconf 83' lang='grc' dir='ltr'><strong>πόλις,</strong></span> <span class='ocrx_word' id='word_1_826' title='bbox 1637 2824 1783 2880; x_wconf 72' lang='grc' dir='ltr'><strong>ἔχουσα</strong></span> <span class='ocrx_word' id='word_1_827' title='bbox 1812 2822 1876 2864; x_wconf 71' lang='grc' dir='ltr'><strong>καὶ</strong></span> <span class='ocrx_word' id='word_1_828' title='bbox 1906 2821 2046 2878; x_wconf 79' lang='grc' dir='ltr'><strong>λιμένα</strong></span> <span class='ocrx_word' id='word_1_829' title='bbox 2073 2822 2138 2863; x_wconf 79' lang='grc' dir='ltr'><strong>καὶ</strong></span> <span class='ocrx_word' id='word_1_830' title='bbox 2171 2821 2429 2877; x_wconf 72' lang='grc' dir='ltr'><strong>ναύσταθμον.</strong></span> <span class='ocrx_word' id='word_1_831' title='bbox 2454 2823 2596 2876; x_wconf 83' lang='lat' dir='ltr'><strong>Quare</strong></span> <span class='ocrx_word' id='word_1_832' title='bbox 2627 2824 2718 2865; x_wconf 86' lang='lat' dir='ltr'><strong>Ari·</strong></span> 
     </span>
     <span class='ocr_line' id='line_1_100' title="bbox 1477 2883 2713 2941; baseline -0.002 -11"><span class='ocrx_word' id='word_1_833' title='bbox 1477 2887 1640 2930; x_wconf 85' lang='lat' dir='ltr'><strong>stoteles</strong></span> <span class='ocrx_word' id='word_1_834' title='bbox 1684 2887 1807 2928; x_wconf 89' lang='lat' dir='ltr'><strong>etiam</strong></span> <span class='ocrx_word' id='word_1_835' title='bbox 1859 2883 2172 2941; x_wconf 83' lang='lat' dir='ltr'><strong>Rempublicam</strong></span> <span class='ocrx_word' id='word_1_836' title='bbox 2215 2898 2360 2926; x_wconf 75' lang='lat' dir='ltr'><strong>corum</strong></span> <span class='ocrx_word' id='word_1_837' title='bbox 2405 2885 2568 2940; x_wconf 84' lang='lat' dir='ltr'><strong>scripsit</strong></span> <span class='ocrx_word' id='word_1_838' title='bbox 2605 2885 2619 2940; x_wconf 98' lang='lat'>(</span> <span class='ocrx_word' id='word_1_839' title='bbox 2644 2886 2713 2927; x_wconf 82' lang='lat' dir='ltr'><strong>Fr.</strong></span> 
     </span>
     <span class='ocr_line' id='line_1_101' title="bbox 1477 2946 2782 3006; baseline -0.003 -13"><span class='ocrx_word' id='word_1_840' title='bbox 1477 2952 1585 2993; x_wconf 86' lang='lat' dir='ltr'><strong>Hist.</strong></span> <span class='ocrx_word' id='word_1_841' title='bbox 1602 2952 1659 3001; x_wconf 90' lang='lat'>11,</span> <span class='ocrx_word' id='word_1_842' title='bbox 1675 2964 1718 3006; x_wconf 94' lang='lat' dir='ltr'><strong>p.</strong></span> <span class='ocrx_word' id='word_1_843' title='bbox 1738 2949 1830 2998; x_wconf 80' lang='lat'>163,</span> <span class='ocrx_word' id='word_1_844' title='bbox 1849 2948 1899 2990; x_wconf 91' lang='lat' dir='ltr'><strong>fr.</strong></span> <span class='ocrx_word' id='word_1_845' title='bbox 1923 2947 2044 3003; x_wconf 80' lang='lat'><strong>191).</strong></span> <span class='ocrx_word' id='word_1_846' title='bbox 2065 2946 2425 3002; x_wconf 75' lang='grc' dir='ltr'><strong>ΙΙ-ᾒδὲχώρα</strong></span> <span class='ocrx_word' id='word_1_847' title='bbox 2454 2947 2712 3004; x_wconf 78' lang='grc' dir='ltr'><strong>Δισδίων]</strong></span> <span class='ocrx_word' id='word_1_848' title='bbox 2781 3000 2782 3004; x_wconf 12' lang='lat'>¹</span> 
     </span>
     <span class='ocr_line' id='line_1_102' title="bbox 1478 3010 2715 3066; baseline -0.002 -11"><span class='ocrx_word' id='word_1_849' title='bbox 1478 3015 1576 3056; x_wconf 83' lang='lat' dir='ltr'><strong>Haec</strong></span> <span class='ocrx_word' id='word_1_850' title='bbox 1596 3027 1739 3054; x_wconf 81' lang='lat' dir='ltr'><strong>vereor</strong></span> <span class='ocrx_word' id='word_1_851' title='bbox 1759 3027 1810 3053; x_wconf 91' lang='lat' dir='ltr'><strong>ne</strong></span> <span class='ocrx_word' id='word_1_852' title='bbox 1828 3010 2067 3064; x_wconf 75' lang='lat' dir='ltr'><strong>negligentis</strong></span> <span class='ocrx_word' id='word_1_853' title='bbox 2089 3011 2170 3051; x_wconf 85' lang='lat' dir='ltr'><strong>sint</strong></span> <span class='ocrx_word' id='word_1_854' title='bbox 2199 3010 2465 3066; x_wconf 78' lang='lat' dir='ltr'><strong>excerptoris.</strong></span> <span class='ocrx_word' id='word_1_855' title='bbox 2491 3010 2585 3051; x_wconf 87' lang='lat' dir='ltr'><strong>Non</strong></span> <span class='ocrx_word' id='word_1_856' title='bbox 2604 3011 2715 3053; x_wconf 88' lang='lat' dir='ltr'><strong>enim</strong></span> 
     </span>
     <span class='ocr_line' id='line_1_103' title="bbox 1478 3073 2782 3133; baseline -0.003 -15"><span class='ocrx_word' id='word_1_857' title='bbox 1478 3076 1691 3133; x_wconf 85' lang='lat' dir='ltr'><strong>probabile</strong></span> <span class='ocrx_word' id='word_1_858' title='bbox 1712 3083 1773 3117; x_wconf 88' lang='lat' dir='ltr'><strong>est</strong></span> <span class='ocrx_word' id='word_1_859' title='bbox 1795 3074 2038 3117; x_wconf 83' lang='lat' dir='ltr'><strong>Lesbiorum</strong></span> <span class='ocrx_word' id='word_1_860' title='bbox 2066 3073 2190 3114; x_wconf 86' lang='lat' dir='ltr'><strong>fuisse</strong></span> <span class='ocrx_word' id='word_1_861' title='bbox 2220 3087 2364 3127; x_wconf 76' lang='lat' dir='ltr'><strong>agrum</strong></span> <span class='ocrx_word' id='word_1_862' title='bbox 2398 3073 2441 3114; x_wconf 89' lang='lat' dir='ltr'><strong>in</strong></span> <span class='ocrx_word' id='word_1_863' title='bbox 2463 3086 2548 3128; x_wconf 92' lang='lat' dir='ltr'><strong>quo</strong></span> <span class='ocrx_word' id='word_1_864' title='bbox 2570 3075 2718 3129; x_wconf 84' lang='lat' dir='ltr'><strong>Astyra</strong></span> <span class='ocrx_word' id='word_1_865' title='bbox 2778 3088 2782 3119; x_wconf 63' lang='grc' dir='ltr'><strong>ς</strong></span> 
     </span>
     <span class='ocr_line' id='line_1_104' title="bbox 1478 3134 2718 3192; baseline -0.003 -11"><span class='ocrx_word' id='word_1_866' title='bbox 1478 3148 1595 3181; x_wconf 89' lang='lat' dir='ltr'><strong>erant</strong></span> <span class='ocrx_word' id='word_1_867' title='bbox 1627 3146 1668 3180; x_wconf 90' lang='lat' dir='ltr'><strong>et</strong></span> <span class='ocrx_word' id='word_1_868' title='bbox 1703 3136 2036 3192; x_wconf 87' lang='lat' dir='ltr'><strong>Adramyttium,</strong></span> <span class='ocrx_word' id='word_1_869' title='bbox 2069 3134 2167 3176; x_wconf 80' lang='lat' dir='ltr'><strong>urbs</strong></span> <span class='ocrx_word' id='word_1_870' title='bbox 2197 3134 2320 3190; x_wconf 77' lang='lat' dir='ltr'><strong>hujus</strong></span> <span class='ocrx_word' id='word_1_871' title='bbox 2354 3142 2508 3176; x_wconf 80' lang='lat' dir='ltr'><strong>tractus</strong></span> <span class='ocrx_word' id='word_1_872' title='bbox 2538 3135 2718 3178; x_wconf 82' lang='lat' dir='ltr'><strong>maxima</strong></span> 
     </span>
     <span class='ocr_line' id='line_1_105' title="bbox 1478 3189 2782 3258; baseline -0.002 -15"><span class='ocrx_word' id='word_1_873' title='bbox 1478 3210 1685 3258; x_wconf 85' lang='lat' dir='ltr'><strong>portuque</strong></span> <span class='ocrx_word' id='word_1_874' title='bbox 1705 3208 1746 3240; x_wconf 90' lang='lat' dir='ltr'><strong>ct</strong></span> <span class='ocrx_word' id='word_1_875' title='bbox 1765 3198 2078 3242; x_wconf 86' lang='lat' dir='ltr'><strong>Atheniensium</strong></span> <span class='ocrx_word' id='word_1_876' title='bbox 2103 3197 2261 3239; x_wconf 88' lang='lat' dir='ltr'><strong>colonia</strong></span> <span class='ocrx_word' id='word_1_877' title='bbox 2282 3197 2452 3253; x_wconf 82' lang='lat' dir='ltr'><strong>pollens.</strong></span> <span class='ocrx_word' id='word_1_878' title='bbox 2474 3196 2623 3239; x_wconf 86' lang='lat' dir='ltr'><strong>Strabo</strong></span> <span class='ocrx_word' id='word_1_879' title='bbox 2640 3196 2669 3240; x_wconf 96' lang='lat' dir='ltr'><strong>l.</strong></span> <span class='ocrx_word' id='word_1_880' title='bbox 2686 3197 2714 3241; x_wconf 91' lang='lat' dir='ltr'><strong>l.</strong></span> <span class='ocrx_word' id='word_1_881' title='bbox 2776 3189 2782 3251; x_wconf 78' lang='lat' dir='ltr'><strong>‘j</strong></span> 
     </span>
     <span class='ocr_line' id='line_1_106' title="bbox 1479 3259 2782 3321; baseline -0.004 -16"><span class='ocrx_word' id='word_1_882' title='bbox 1479 3272 1571 3321; x_wconf 84' lang='lat' dir='ltr'><strong>post</strong></span> <span class='ocrx_word' id='word_1_883' title='bbox 1605 3262 1910 3318; x_wconf 84' lang='lat' dir='ltr'><strong>Adramyttium</strong></span> <span class='ocrx_word' id='word_1_884' title='bbox 1944 3269 1984 3302; x_wconf 85' lang='lat' dir='ltr'><strong>et</strong></span> <span class='ocrx_word' id='word_1_885' title='bbox 2020 3269 2133 3302; x_wconf 75' lang='lat' dir='ltr'><strong>extra</strong></span> <span class='ocrx_word' id='word_1_886' title='bbox 2167 3262 2303 3301; x_wconf 85' lang='lat' dir='ltr'><strong>sinum</strong></span> <span class='ocrx_word' id='word_1_887' title='bbox 2343 3259 2687 3316; x_wconf 86' lang='lat' dir='ltr'><strong>Adramyttenum</strong></span> <span class='ocrx_word' id='word_1_888' title='bbox 2701 3289 2716 3312; x_wconf 82' lang='lat'>,</span> <span class='ocrx_word' id='word_1_889' title='bbox 2776 3261 2782 3300; x_wconf 70' lang='grc' dir='ltr'>ἰ</span> 
     </span>
     <span class='ocr_line' id='line_1_107' title="bbox 1478 3320 2782 3382; baseline -0.002 -15"><span class='ocrx_word' id='word_1_890' title='bbox 1478 3340 1602 3382; x_wconf 87' lang='lat' dir='ltr'><strong>quem</strong></span> <span class='ocrx_word' id='word_1_891' title='bbox 1625 3324 1781 3381; x_wconf 85' lang='lat' dir='ltr'><strong>Pyrrha</strong></span> <span class='ocrx_word' id='word_1_892' title='bbox 1803 3323 2136 3380; x_wconf 89' lang='lat' dir='ltr'><strong>promontorium</strong></span> <span class='ocrx_word' id='word_1_893' title='bbox 2157 3321 2333 3372; x_wconf 87' lang='lat' dir='ltr'><strong>claudit,</strong></span> <span class='ocrx_word' id='word_1_894' title='bbox 2358 3323 2476 3364; x_wconf 86' lang='lat' dir='ltr'><strong>sitam</strong></span> <span class='ocrx_word' id='word_1_895' title='bbox 2504 3321 2629 3364; x_wconf 79' lang='lat' dir='ltr'><strong>fuisse</strong></span> <span class='ocrx_word' id='word_1_896' title='bbox 2652 3320 2718 3364; x_wconf 83' lang='lat' dir='ltr'><strong>di·</strong></span> <span class='ocrx_word' id='word_1_897' title='bbox 2773 3336 2782 3378; x_wconf 53' lang='grc' dir='ltr'>ς</span> 
     </span>
     <span class='ocr_line' id='line_1_108' title="bbox 1479 3377 2782 3441; baseline -0.002 -11"><span class='ocrx_word' id='word_1_898' title='bbox 1479 3390 1535 3430; x_wconf 91' lang='lat' dir='ltr'><strong>cit</strong></span> <span class='ocrx_word' id='word_1_899' title='bbox 1562 3388 1783 3430; x_wconf 86' lang='lat' dir='ltr'><strong>Cistbenen</strong></span> <span class='ocrx_word' id='word_1_900' title='bbox 1820 3400 1914 3427; x_wconf 93' lang='lat' dir='ltr'><strong>cum</strong></span> <span class='ocrx_word' id='word_1_901' title='bbox 1948 3393 2099 3441; x_wconf 89' lang='lat' dir='ltr'><strong>portu,</strong></span> <span class='ocrx_word' id='word_1_902' title='bbox 2124 3398 2247 3440; x_wconf 87' lang='lat' dir='ltr'><strong>supra</strong></span> <span class='ocrx_word' id='word_1_903' title='bbox 2278 3384 2385 3426; x_wconf 88' lang='lat' dir='ltr'><strong>banc</strong></span> <span class='ocrx_word' id='word_1_904' title='bbox 2407 3386 2448 3426; x_wconf 92' lang='lat' dir='ltr'><strong>in</strong></span> <span class='ocrx_word' id='word_1_905' title='bbox 2480 3383 2718 3428; x_wconf 73' lang='lat' dir='ltr'><strong>medita-ra·</strong></span> <span class='ocrx_word' id='word_1_906' title='bbox 2772 3377 2782 3437; x_wconf 64' lang='grc' dir='ltr'>Ξ</span> 
     </span>
     <span class='ocr_line' id='line_1_109' title="bbox 1479 3439 2782 3510; baseline -0.003 -17"><span class='ocrx_word' id='word_1_907' title='bbox 1479 3452 1566 3493; x_wconf 84' lang='lat' dir='ltr'><strong>neis</strong></span> <span class='ocrx_word' id='word_1_908' title='bbox 1599 3453 1869 3506; x_wconf 86' lang='lat' dir='ltr'><strong>Perperenam</strong></span> <span class='ocrx_word' id='word_1_909' title='bbox 1906 3457 1946 3489; x_wconf 90' lang='lat' dir='ltr'><strong>et</strong></span> <span class='ocrx_word' id='word_1_910' title='bbox 1972 3449 2165 3489; x_wconf 85' lang='lat' dir='ltr'><strong>Trarium</strong></span> <span class='ocrx_word' id='word_1_911' title='bbox 2183 3478 2195 3497; x_wconf 85' lang='lat'>,</span> <span class='ocrx_word' id='word_1_912' title='bbox 2220 3455 2260 3488; x_wconf 92' lang='lat' dir='ltr'><strong>et</strong></span> <span class='ocrx_word' id='word_1_913' title='bbox 2283 3456 2372 3489; x_wconf 90' lang='lat' dir='ltr'><strong>tum</strong></span> <span class='ocrx_word' id='word_1_914' title='bbox 2397 3445 2567 3489; x_wconf 89' lang='lat' dir='ltr'><strong>demum</strong></span> <span class='ocrx_word' id='word_1_915' title='bbox 2597 3446 2637 3490; x_wconf 70' lang='lat' dir='ltr'><strong>lv</strong></span> <span class='ocrx_word' id='word_1_916' title='bbox 2667 3448 2718 3504; x_wconf 70' lang='grc' dir='ltr'><strong>τῇ</strong></span> <span class='ocrx_word' id='word_1_917' title='bbox 2773 3439 2782 3510; x_wconf 55' lang='lat'><strong>1]</strong></span> 
     </span>
     <span class='ocr_line' id='line_1_110' title="bbox 1478 3507 2782 3568; baseline -0.005 -14"><span class='ocrx_word' id='word_1_918' title='bbox 1478 3511 1649 3568; x_wconf 78' lang='grc' dir='ltr'><strong>παραλίᾳ</strong></span> <span class='ocrx_word' id='word_1_919' title='bbox 1671 3514 1725 3567; x_wconf 77' lang='grc' dir='ltr'><strong>τῇ</strong></span> <span class='ocrx_word' id='word_1_920' title='bbox 1749 3510 1912 3566; x_wconf 78' lang='grc' dir='ltr'><strong>ἐφεξῆς</strong></span> <span class='ocrx_word' id='word_1_921' title='bbox 1943 3509 2009 3559; x_wconf 67' lang='grc' dir='ltr'><strong>τὰς</strong></span> <span class='ocrx_word' id='word_1_922' title='bbox 2031 3514 2106 3551; x_wconf 85' lang='grc' dir='ltr'><strong>τῶν</strong></span> <span class='ocrx_word' id='word_1_923' title='bbox 2135 3509 2411 3562; x_wconf 83' lang='grc' dir='ltr'><strong>Μυτιληναίων</strong></span> <span class='ocrx_word' id='word_1_924' title='bbox 2433 3510 2564 3565; x_wconf 80' lang='grc' dir='ltr'><strong>χώρας</strong></span> <span class='ocrx_word' id='word_1_925' title='bbox 2595 3507 2716 3564; x_wconf 80' lang='grc' dir='ltr'><strong>Κορυ-</strong></span> <span class='ocrx_word' id='word_1_926' title='bbox 2774 3513 2782 3566; x_wconf 74' lang='lat'><strong>3¹</strong></span> 
     </span>
     <span class='ocr_line' id='line_1_111' title="bbox 1479 3569 2782 3632; baseline -0.004 -15"><span class='ocrx_word' id='word_1_927' title='bbox 1479 3575 1642 3632; x_wconf 80' lang='grc' dir='ltr'><strong>φαντίδα</strong></span> <span class='ocrx_word' id='word_1_928' title='bbox 1662 3575 1727 3615; x_wconf 71' lang='grc' dir='ltr'><strong>καὶ</strong></span> <span class='ocrx_word' id='word_1_929' title='bbox 1755 3573 2002 3629; x_wconf 82' lang='grc' dir='ltr'><strong>Ἡράκλειαν.</strong></span> <span class='ocrx_word' id='word_1_930' title='bbox 2026 3574 2093 3615; x_wconf 90' lang='lat' dir='ltr'><strong>Sic</strong></span> <span class='ocrx_word' id='word_1_931' title='bbox 2116 3573 2258 3629; x_wconf 77' lang='lat' dir='ltr'><strong>Scylax</strong></span> <span class='ocrx_word' id='word_1_932' title='bbox 2282 3586 2450 3629; x_wconf 86' lang='lat' dir='ltr'><strong>quoque</strong></span> <span class='ocrx_word' id='word_1_933' title='bbox 2471 3570 2574 3614; x_wconf 87' lang='lat' dir='ltr'><strong>nihil</strong></span> <span class='ocrx_word' id='word_1_934' title='bbox 2602 3569 2725 3613; x_wconf 66' lang='lat' dir='ltr'><strong>dixe·-</strong></span> <span class='ocrx_word' id='word_1_935' title='bbox 2767 3579 2782 3622; x_wconf 55' lang='grc' dir='ltr'><strong>ἦ</strong></span> 
     </span>
     <span class='ocr_line' id='line_1_112' title="bbox 1479 3631 2778 3696; baseline -0.005 -15"><span class='ocrx_word' id='word_1_936' title='bbox 1479 3638 1535 3681; x_wconf 87' lang='lat' dir='ltr'><strong>rit</strong></span> <span class='ocrx_word' id='word_1_937' title='bbox 1567 3638 1643 3680; x_wconf 86' lang='lat' dir='ltr'><strong>nisi</strong></span> <span class='ocrx_word' id='word_1_938' title='bbox 1661 3646 1759 3696; x_wconf 81' lang='lat' dir='ltr'><strong>pose</strong></span> <span class='ocrx_word' id='word_1_939' title='bbox 1790 3637 2098 3693; x_wconf 87' lang='lat' dir='ltr'><strong>Adramyttium</strong></span> <span class='ocrx_word' id='word_1_940' title='bbox 2124 3637 2165 3678; x_wconf 94' lang='lat' dir='ltr'><strong>in</strong></span> <span class='ocrx_word' id='word_1_941' title='bbox 2186 3651 2259 3678; x_wconf 82' lang='lat' dir='ltr'><strong>ora</strong></span> <span class='ocrx_word' id='word_1_942' title='bbox 2281 3650 2367 3677; x_wconf 81' lang='lat' dir='ltr'><strong>esse</strong></span> <span class='ocrx_word' id='word_1_943' title='bbox 2401 3648 2546 3690; x_wconf 81' lang='lat' dir='ltr'><strong>agrum</strong></span> <span class='ocrx_word' id='word_1_944' title='bbox 2570 3633 2713 3676; x_wconf 68' lang='lat' dir='ltr'><strong>Lesbi·</strong></span> <span class='ocrx_word' id='word_1_945' title='bbox 2776 3631 2778 3634; x_wconf 61' lang='grc'>’</span> 
     </span>
     <span class='ocr_line' id='line_1_113' title="bbox 1479 3695 2713 3756; baseline -0.005 -13"><span class='ocrx_word' id='word_1_946' title='bbox 1479 3714 1604 3744; x_wconf 86' lang='lat' dir='ltr'><strong>cum:</strong></span> <span class='ocrx_word' id='word_1_947' title='bbox 1642 3699 1759 3742; x_wconf 85' lang='grc' dir='ltr'><strong>εἶτα</strong></span> <span class='ocrx_word' id='word_1_948' title='bbox 1789 3700 1943 3756; x_wconf 75' lang='grc' dir='ltr'><strong>ἡχώρα</strong></span> <span class='ocrx_word' id='word_1_949' title='bbox 1967 3700 2121 3742; x_wconf 76' lang='grc' dir='ltr'><strong>Λεσὸία.</strong></span> <span class='ocrx_word' id='word_1_950' title='bbox 2144 3702 2163 3753; x_wconf 76' lang='lat' dir='ltr'>n</span> <span class='ocrx_word' id='word_1_951' title='bbox 2179 3723 2236 3731; x_wconf 96' lang='lat'><strong>—</strong></span> <span class='ocrx_word' id='word_1_952' title='bbox 2252 3698 2406 3755; x_wconf 87' lang='grc' dir='ltr'><strong>Χίων]</strong></span> <span class='ocrx_word' id='word_1_953' title='bbox 2430 3697 2530 3739; x_wconf 72' lang='grc' dir='ltr'><strong>Κίων</strong></span> <span class='ocrx_word' id='word_1_954' title='bbox 2553 3695 2713 3747; x_wconf 82' lang='lat' dir='ltr'><strong>codex;</strong></span> 
     </span>
     <span class='ocr_line' id='line_1_114' title="bbox 1479 3759 2717 3819; baseline -0.005 -13"><span class='ocrx_word' id='word_1_955' title='bbox 1479 3779 1561 3806; x_wconf 91' lang='lat' dir='ltr'><strong>em.</strong></span> <span class='ocrx_word' id='word_1_956' title='bbox 1587 3766 1773 3806; x_wconf 75' lang='lat' dir='ltr'><strong>Vossius.</strong></span> <span class='ocrx_word' id='word_1_957' title='bbox 1794 3768 1886 3818; x_wconf 77' lang='lat' dir='ltr'><strong>n—</strong></span> <span class='ocrx_word' id='word_1_958' title='bbox 1923 3762 2203 3819; x_wconf 67' lang='grc' dir='ltr'><strong>Ἀταρνεὺς]</strong></span> <span class='ocrx_word' id='word_1_959' title='bbox 2239 3763 2302 3804; x_wconf 94' lang='lat' dir='ltr'><strong>De</strong></span> <span class='ocrx_word' id='word_1_960' title='bbox 2332 3764 2514 3804; x_wconf 88' lang='lat' dir='ltr'><strong>Atarneo</strong></span> <span class='ocrx_word' id='word_1_961' title='bbox 2550 3773 2575 3801; x_wconf 84' lang='lat' dir='ltr'><strong>a</strong></span> <span class='ocrx_word' id='word_1_962' title='bbox 2605 3759 2717 3815; x_wconf 84' lang='lat' dir='ltr'><strong>Cyro</strong></span> 
     </span>
     <span class='ocr_line' id='line_1_115' title="bbox 1479 3817 2729 3883; baseline -0.006 -14"><span class='ocrx_word' id='word_1_963' title='bbox 1479 3827 1593 3870; x_wconf 88' lang='lat' dir='ltr'><strong>Chiis</strong></span> <span class='ocrx_word' id='word_1_964' title='bbox 1610 3827 1704 3869; x_wconf 77' lang='lat' dir='ltr'><strong>data</strong></span> <span class='ocrx_word' id='word_1_965' title='bbox 1724 3826 1913 3869; x_wconf 85' lang='lat' dir='ltr'><strong>mercede</strong></span> <span class='ocrx_word' id='word_1_966' title='bbox 1934 3824 2183 3883; x_wconf 86' lang='lat' dir='ltr'><strong>proditionis</strong></span> <span class='ocrx_word' id='word_1_967' title='bbox 2196 3838 2235 3866; x_wconf 81' lang='lat' dir='ltr'><strong>v.</strong></span> <span class='ocrx_word' id='word_1_968' title='bbox 2251 3823 2455 3867; x_wconf 80' lang='lat' dir='ltr'><strong>Herodot.</strong></span> <span class='ocrx_word' id='word_1_969' title='bbox 2471 3825 2508 3874; x_wconf 88' lang='lat' dir='ltr'><strong>I,</strong></span> <span class='ocrx_word' id='word_1_970' title='bbox 2534 3824 2624 3864; x_wconf 80' lang='lat'><strong>160.</strong></span> <span class='ocrx_word' id='word_1_971' title='bbox 2645 3817 2729 3860; x_wconf 59' lang='lat' dir='ltr'><strong>Cf(</strong></span> 
     </span>
     <span class='ocr_line' id='line_1_116' title="bbox 1480 3879 2710 3945; baseline -0.006 -14"><span class='ocrx_word' id='word_1_972' title='bbox 1480 3890 1603 3939; x_wconf 86' lang='lat' dir='ltr'>VIII,</span> <span class='ocrx_word' id='word_1_973' title='bbox 1635 3894 1725 3931; x_wconf 74' lang='lat' dir='ltr'><strong>toti.</strong></span> <span class='ocrx_word' id='word_1_974' title='bbox 1751 3889 1946 3945; x_wconf 86' lang='lat' dir='ltr'><strong>Xenoph.</strong></span> <span class='ocrx_word' id='word_1_975' title='bbox 1978 3887 2084 3930; x_wconf 82' lang='lat' dir='ltr'><strong>Heli.</strong></span> <span class='ocrx_word' id='word_1_976' title='bbox 2109 3889 2197 3939; x_wconf 86' lang='lat' dir='ltr'>III,</span> <span class='ocrx_word' id='word_1_977' title='bbox 2219 3900 2261 3938; x_wconf 80' lang='lat'>2,</span> <span class='ocrx_word' id='word_1_978' title='bbox 2299 3900 2362 3928; x_wconf 80' lang='grc' dir='ltr'><strong>ιι.</strong></span> <span class='ocrx_word' id='word_1_979' title='bbox 2386 3883 2560 3927; x_wconf 78' lang='lat' dir='ltr'><strong>Diodor.</strong></span> <span class='ocrx_word' id='word_1_980' title='bbox 2580 3879 2710 3930; x_wconf 74' lang='lat' dir='ltr'><strong>xm,</strong></span> 
     </span>
     <span class='ocr_line' id='line_1_117' title="bbox 1481 3939 2714 4006; baseline -0.009 -13"><span class='ocrx_word' id='word_1_981' title='bbox 1481 3953 1550 3993; x_wconf 83' lang='grc'><strong>65.</strong></span> <span class='ocrx_word' id='word_1_982' title='bbox 1571 3953 1673 3994; x_wconf 85' lang='lat' dir='ltr'>XVI</span> <span class='ocrx_word' id='word_1_983' title='bbox 1689 3983 1699 4003; x_wconf 90' lang='lat'>,</span> <span class='ocrx_word' id='word_1_984' title='bbox 1728 3955 1794 3993; x_wconf 83' lang='lat'><strong>52.</strong></span> <span class='ocrx_word' id='word_1_985' title='bbox 1819 3951 1967 3994; x_wconf 83' lang='lat' dir='ltr'><strong>Strabo</strong></span> <span class='ocrx_word' id='word_1_986' title='bbox 1988 3951 2107 4001; x_wconf 82' lang='lat' dir='ltr'>XIV,</span> <span class='ocrx_word' id='word_1_987' title='bbox 2131 3963 2173 4006; x_wconf 88' lang='lat' dir='ltr'><strong>p.</strong></span> <span class='ocrx_word' id='word_1_988' title='bbox 2207 3953 2304 3991; x_wconf 83' lang='lat'><strong>610.</strong></span> <span class='ocrx_word' id='word_1_989' title='bbox 2329 3949 2520 3990; x_wconf 86' lang='lat' dir='ltr'><strong>Ceterum</strong></span> <span class='ocrx_word' id='word_1_990' title='bbox 2552 3942 2606 3986; x_wconf 83' lang='lat' dir='ltr'><strong>de</strong></span> <span class='ocrx_word' id='word_1_991' title='bbox 2631 3939 2714 3983; x_wconf 87' lang='lat' dir='ltr'><strong>boc</strong></span> 
     </span>
     <span class='ocr_line' id='line_1_118' title="bbox 1483 4002 2711 4070; baseline -0.011 -12"><span class='ocrx_word' id='word_1_992' title='bbox 1483 4015 1573 4058; x_wconf 85' lang='lat' dir='ltr'><strong>loco</strong></span> <span class='ocrx_word' id='word_1_993' title='bbox 1592 4014 1676 4056; x_wconf 82' lang='lat' dir='ltr'><strong>vid.</strong></span> <span class='ocrx_word' id='word_1_994' title='bbox 1695 4015 1879 4070; x_wconf 77' lang='lat' dir='ltr'><strong>Prolegg.</strong></span> <span class='ocrx_word' id='word_1_995' title='bbox 1901 4017 1993 4068; x_wconf 83' lang='grc'><strong>11-</strong></span> <span class='ocrx_word' id='word_1_996' title='bbox 2009 4012 2221 4068; x_wconf 84' lang='grc' dir='ltr'><strong>Πιτάνη]</strong></span> <span class='ocrx_word' id='word_1_997' title='bbox 2240 4011 2415 4063; x_wconf 81' lang='grc' dir='ltr'><strong>Πατάνη,</strong></span> <span class='ocrx_word' id='word_1_998' title='bbox 2439 4006 2510 4050; x_wconf 86' lang='lat' dir='ltr'><strong>sed</strong></span> <span class='ocrx_word' id='word_1_999' title='bbox 2527 4017 2623 4048; x_wconf 85' lang='lat' dir='ltr'><strong>mox</strong></span> <span class='ocrx_word' id='word_1_1000' title='bbox 2639 4002 2711 4045; x_wconf 85' lang='grc' dir='ltr'><strong>Πι-</strong></span> 
     </span>
     <span class='ocr_line' id='line_1_119' title="bbox 1482 4064 2714 4130; baseline -0.011 -10"><span class='ocrx_word' id='word_1_1001' title='bbox 1482 4079 1600 4130; x_wconf 77' lang='grc' dir='ltr'><strong>τάνην</strong></span> <span class='ocrx_word' id='word_1_1002' title='bbox 1621 4076 1773 4129; x_wconf 80' lang='lat' dir='ltr'><strong>codex3</strong></span> <span class='ocrx_word' id='word_1_1003' title='bbox 1801 4077 1922 4118; x_wconf 85' lang='lat' dir='ltr'><strong>fuerit</strong></span> <span class='ocrx_word' id='word_1_1004' title='bbox 1942 4089 1951 4117; x_wconf 92' lang='lat'>:</span> <span class='ocrx_word' id='word_1_1005' title='bbox 1974 4075 2084 4124; x_wconf 87' lang='grc' dir='ltr'><strong>πόλις</strong></span> <span class='ocrx_word' id='word_1_1006' title='bbox 2098 4074 2163 4117; x_wconf 67' lang='grc' dir='ltr'><strong>καὶ</strong></span> <span class='ocrx_word' id='word_1_1007' title='bbox 2182 4071 2303 4130; x_wconf 82' lang='grc' dir='ltr'><strong>λιμὴν</strong></span> <span class='ocrx_word' id='word_1_1008' title='bbox 2319 4071 2479 4122; x_wconf 80' lang='grc' dir='ltr'><strong>Πιτάνη.</strong></span> <span class='ocrx_word' id='word_1_1009' title='bbox 2501 4071 2520 4122; x_wconf 92' lang='grc' dir='ltr'><strong>ΙΙ</strong></span> <span class='ocrx_word' id='word_1_1010' title='bbox 2536 4091 2591 4100; x_wconf 92' lang='grc'>-</span> <span class='ocrx_word' id='word_1_1011' title='bbox 2610 4064 2714 4107; x_wconf 78' lang='grc' dir='ltr'><strong>Κάϊ·</strong></span> 
     </span>
    </p>
   </div>
  </div>
 </body>
</html>
