2808 4342
16 158 165 260 μεμ
170 185 197 244 )

12 293 15 301 ’
47 285 188 349 ρισμὸς
203 287 247 330 οὗ
265 287 402 331 πλεῖον
421 285 594 331 σταδίων
615 288 731 350 δψο,
757 292 835 352 οὐχ
851 296 968 347 ἡττον
989 293 1102 355 γτο’.
1151 291 1207 340 Ε
1209 314 1275 357 ket

6 378 7 412 j
44 354 86 398 δὲ
110 355 202 409 ἔθνη
229 354 284 406 ις’
289 389 301 412 ,
320 348 499 405 πόλεις’
481 356 704 415 επισήμους
728 360 798 414 ις’,
820 362 1029 421 ποταμους
1052 363 1276 423 ἐπισήμους

32 425 75 467 ,ε’
80 422 355 485 ,ἀκρωτηρια
379 422 565 479 ἐπίσημοι
588 425 622 470 δ’
626 427 850 485 ,λιμένα
832 429 1033 488 επίσημον
1063 431 1116 478 α’.

35 504 42 520 ²¹
107 507 162 538 23.
197 492 251 538 Οἳ
285 491 434 544 πάντες
458 492 540 538 ἀπὸ
565 512 636 539 του
674 497 847 548 Οἷάσσω
882 502 952 542 τοῦ
975 502 1048 553 τῆς
1084 500 1276 561 Πυρήνης

5 586 8 624 3
35 558 300 622 ἀκρωτηρίου
326 560 449 623 μέχρι
471 565 550 608 τῶν
574 581 644 608 του
681 564 857 626 Λίγηρος
878 584 1065 625 ποταμου
1095 568 1274 614 ἐκὸολων

67 647 111 672 ου
127 628 326 691 περίπλου
344 650 414 686 της
432 631 639 693 παραλίας
660 631 897 685 Ἀκυτανίας
927 635 1026 680 εἰσὶν
1048 638 1092 682 οὗ
1114 638 1275 690 πλείους

46 699 247 745 ,ταδίων
249 698 330 762 δω’
335 702 452 761 ,οὐχ
466 705 587 769 ἡττον
612 700 788 746 σταδίων
812 703 958 764 γφκε’.

286 808 694 862 ΛΟΥΓΔΟΥΝΗΣΙΑΣ
727 830 846 864 ΠΕΡΙ
855 831 1031 868 ΠΛΟΥΣ.

35 944 37 947 ·
102 943 155 975 24.
194 927 247 975 ‘H
275 930 583 990 Λουγδουνησία
613 932 771 978 Γαλλία
794 934 1065 995 περιορίζεται
1089 936 1169 980 ἀπὸ
1197 936 1274 1003 μὲν

35 1004 198 1059 ρκτων
224 1001 283 1060 τῷ
310 1001 577 1061 Πρεττανικῷ
600 1002 792 1063 ὠκεανῷ,
819 1003 899 1047 ἀπὸ
924 1003 965 1047 δὲ
990 1006 1198 1049 ἀνατολῶν
1224 1009 1272 1066 τῇ

35 1067 256 1129 ιελγικῇ
238 1068 422 1130 επαρχία
440 1068 548 1113 κατὰ
569 1071 636 1114 τὸν
657 1071 876 1126 Σηκοάναν
899 1073 1109 1132 ποταμὸν,
1134 1074 1214 1118 ἀπὸ
1232 1075 1272 1120 δὲ

37 1139 228 1220 ϊΙΝυσμῶν
233 1139 290 1198 τῷ
321 1136 572 1184 Ἀκυτανικῶ
609 1140 804 1203 ὠκεανῶ,
829 1141 910 1186 ἀπὸ
940 1141 982 1187 δὲ
1015 1143 1274 1205 μεσημὸρίας

11 1229 41 1253 ⁴4
73 1203 153 1266 έρει
177 1225 249 1261 της
278 1207 586 1268 Ναρὸωνησίας
607 1208 836 1294 ἐπαρχίας.
907 1210 991 1257 Καὶ
1023 1214 1049 1266 ἡ
1086 1211 1158 1270 μὲν
1196 1211 1272 1268 ὅλη

39 1289 45 1306 '·
72 1273 270 1337 εριγραφὴ
295 1280 364 1321 τοῦ
391 1274 525 1325 ἔθνους
561 1280 702 1320 τουτον
728 1277 813 1338 ἔχει
830 1277 904 1324 ’τὸν
933 1277 1095 1340 τρόπον·
1121 1279 1207 1340 [τὰ
1231 1279 1273 1326 δὲ

10 1401 12 1406 ¹
37 1368 44 1377 ·
66 1341 146 1387 ατὰ
168 1342 288 1404 μέρος
305 1344 430 1397 οὕτως
453 1344 554 1407 ἔχει.
575 1344 715 1365 ******'‘
732 1347 767 1406 ].

10 1408 12 1477 Σ
101 1429 156 1459 25.
193 1413 254 1459 Τὸ
292 1412 333 1458 δὲ
371 1418 441 1470 τ’ῆς
470 1415 800 1475 Λουγδουνησίας
832 1417 961 1476 μῆκός
992 1419 1160 1474 [ἐστιν]
1193 1418 1272 1463 ἀπὸ

38 1499 109 1527 ου
141 1482 326 1533 Pangaion
366 1484 622 1545 ἀκρωτηρίου
660 1484 884 1545 ἀρχόμενον
930 1485 999 1531 καὶ
1039 1488 1272 1548 καταλῆγον

10 1608 11 1611 ¹
37 1576 43 1584 ε
65 1549 144 1594 ατὰ
172 1549 245 1605 τὴν
272 1552 516 1606 ἀνατολικὴν
554 1551 759 1613 πλευρὰν,
796 1553 886 1597 καθ’
918 1554 968 1610 ἣν
994 1557 1197 1609 συνῆπται
1222 1559 1271 1616 τῇ

32 1619 216 1681 Γελγικῇ
233 1620 340 1679 κατὰ
356 1620 424 1664 τὸν
447 1620 669 1676 Σηκοοίναν
688 1620 889 1678 ποταμὸν,
910 1624 963 1673 ὡς
982 1626 1084 1667 εἰναι
1099 1641 1169 1667 του
1191 1623 1273 1682 μή-

37 1712 44 1722 ·
65 1705 130 1739 ους
150 1688 338 1740 σταδίους
358 1688 502 1751 Teos-¹.
570 1689 632 1735 Τὸ
661 1689 703 1733 δὲ
738 1690 891 1740 πλάτος
914 1694 985 1744 τῆς
1012 1693 1272 1749 Λουγδουνη-

1 1763 11 1819 ¹2
34 1756 126 1808 σίας
149 1757 321 1820 ἄρχεται
339 1758 412 1817 μὲν
431 1758 512 1802 ἀπὸ
532 1761 636 1816 τ’ῆς
630 1777 679 1801 us
684 1758 923 1819 σημὸρίας’
904 1759 986 1803 απὸ
1011 1760 1272 1805 Καουλλίνου

10 1851 11 1855 =
32 1825 221 1896 πόλεως,
246 1824 474 1884 καταλήγει
497 1822 540 1869 δὲ
564 1826 619 1876 εἷς
644 1824 836 1880 Σηκοάνα
855 1844 1044 1884 ποταμου
1071 1826 1243 1879 ἐκὸολὰς
1257 1863 1270 1883 ,

1 1893 103 1949 ’“ς
124 1897 227 1938 εἶναι
263 1893 334 1938 καὶ
368 1898 439 1938 τοῦ
465 1892 646 1943 πλάτους
680 1893 871 1978 σταδίους
903 1894 1002 1956 γπ’.
1070 1893 1192 1940 Ἔστι
1231 1895 1272 1940 δὲ

33 1986 50 2000 ε»
81 1961 188 2006 κατὰ
219 1981 296 2022 γην
335 1961 578 2024 περίδρομος
608 1981 682 2015 της
720 1961 919 2023 ἐπαρχίας
951 1962 1125 2008 σταδίων
1158 1964 1273 2025 104,

2 2031 212 2103 3¹1‘w3i00v
236 2031 354 2094 ςυκ’.
421 2028 549 2092 Ἔχει
582 2030 622 2075 δὲ
645 2031 739 2085 ἔθνη
774 2031 834 2076 κε’
839 2033 1016 2090 ,πόλεις
1047 2034 1272 2092 ἐπιτίμους

63 2100 116 2157 ς’,
140 2100 227 2163 ὅρος
253 2101 457 2160 ἐπίσημον
485 2101 525 2144 α’
531 2099 784 2160 ,ποταμοὺς
807 2101 1031 2162 ἐπισήμους
1054 2102 1087 2147 δ’
1093 2105 1270 2165 ,ἀκρω·

9 2169 29 2216 ]—
59 2169 173 2231 ήριον
197 2169 400 2228 ἐπίσημον
427 2169 465 2214 α’
470 2137 604 2228 ,λἰμέ
605 2188 674 2220 νας
696 2169 923 2228 ἐπισήμους
945 2175 999 2231 γ’.

9 2246 10 2300 l
30 2269 33 2271 -
97 2255 151 2284 26.
186 2241 240 2285 Οἱ
264 2238 413 2290 πάντες
440 2237 521 2282 ἀπὸ
539 2241 619 2282 τῶν
644 2237 824 2282 ἐκὸολῶν
847 2242 916 2282 τοῦ
939 2238 1118 2300 Αίγηρος
1140 2257 1269 2284 ποτα-

9 2309 116 2365 μοῧ
155 2305 276 2368 μέχρι
316 2308 396 2350 τῶν
426 2305 607 2349 ἐκὸολῶν
649 2309 720 2349 τοῦ
745 2304 940 2360 Σηκοάνα
975 2310 1163 2365 ποταμοῦ
1199 2311 1270 2352 τοῦ

9 2374 235 2435 περίπλου
268 2377 338 2429 τῆς
361 2372 567 2435 παραλίας
600 2373 930 2433 Λουγδουνησίας
967 2374 1124 2420 στάδιοι
1157 2375 1269 2436 ,γτοζ

9 2471 10 2483 ;
30 2442 192 2488 στάδιοι
214 2442 325 2503 ,γξεᾝ

35 2570 290 2605 ΒΕΑΓΙΚΗΣ
306 2570 397 2604 ΣΥΝ
415 2569 692 2604 ΓΕΡΜΑΝΙΑι
708 2570 792 2603 ΤΗι
804 2568 908 2605 ΑΝΩ
931 2570 1021 2604 ΚΑΙ
1037 2571 1119 2605 ΤΗι
1137 2569 1269 2605 ΚΑΤΩ

499 2634 803 2674 ΠΕΡΙΠΛΟΥΣ.

27 2733 30 2736 ¹
96 2754 152 2784 27.
190 2737 242 2783 ‘H
265 2736 444 2798 Βελγικὴ
472 2737 542 2782 σὺν
568 2744 656 2788 ταῖς
676 2737 746 2782 δύο
769 2737 1019 2799 Γερμανίαις
1048 2736 1267 2799 περιορίζε·

16 2798 100 2851 ἶται
125 2806 206 2851 ἀπὸ
226 2806 300 2866 μὲν
326 2807 485 2869 ἄρκτων
506 2809 563 2869 τῷ
590 2806 761 2869 ἇρκτῴῳ
785 2808 956 2868 ὠκεανῷ
982 2809 1040 2870 τῷ
1059 2806 1172 2869 παρὰ
1197 2804 1268 2860 τὴν

8 2992 10 2994 ¹
33 2940 208 2980 videbis.
229 2942 278 2979 In
301 2948 456 2980 antecc.
481 2941 572 2995 Δίγε
558 2956 638 2995 ρος
655 2940 747 2980 eod.
770 2942 786 2995 ss
810 2964 867 2972 —
886 2955 922 2981 1.
947 2939 1094 2997 δψο’..
1121 2938 1267 2996 γτο’]

8 3016 15 3050 ξ»
37 3001 166 3057 ’033ο’..
183 3017 272 3058 ητο
279 3000 439 3042 'codex
461 3003 612 3056 inepte.

8 3074 12 3079 ’
91 3068 113 3117 5
147 3041 215 3112 23,
235 3064 261 3103 l.
287 3077 327 3117 7.
356 3063 451 3120 302¹
468 3064 569 3118 ]Cf.
596 3079 723 3119 supla
741 3072 829 3106 not.
847 3064 914 3105 ad.
934 3047 1024 3116 521
1048 3066 1138 3105 init.

10 3165 16 3180 3
91 3129 207 3178 524.
231 3126 287 3165 V.
306 3125 620 3176 PtolemaeusII,
644 3140 667 3197 7
691 3141 734 3181 p.
764 3127 1064 3180 136.11—11.
1093 3127 1148 3166 Βε
1157 3126 1268 3180 λγι-

31 3188 125 3244 κῇ]
157 3186 324 3242 Βελτικῇ
354 3186 448 3228 cod.
474 3187 519 3227 h.
539 3186 569 3228 l.
589 3196 631 3228 et
652 3189 696 3228 in
727 3202 819 3242 sqq.
855 3188 871 3241 l}
889 3211 946 3219 ——
963 3201 1029 3229 11.
1056 3188 1268 3228 Στικόαναν

34 3248 149 3299 cod„
173 3248 354 3289 confusis
382 3248 417 3288 H
449 3257 491 3289 et
509 3249 579 3299 T1;
602 3249 645 3289 in
665 3263 755 3304 sqq.
791 3248 924 3289 codex
952 3248 1018 3290 τὸν
1051 3249 1268 3301 Σηκόλλιον

35 3310 257 3364 (confusis
286 3310 352 3351 AN
372 3319 412 3351 et
442 3311 546 3360 ΛΛΙ;
580 3309 713 3351 forma
746 3310 940 3362 Σηκόννος
968 3325 1033 3366 ap.
1075 3312 1134 3352 St.
1169 3313 1216 3351 B.
1235 3313 1268 3365 ),

30 3373 186 3414 deinde
215 3387 312 3413 vero
349 3371 400 3420 εἰς
435 3372 637 3424 Σηκόανα,
673 3372 840 3412 Σικόανα
871 3375 1073 3427 ποταμοῦ,
1102 3373 1270 3413 Σικόανα

13 3439 216 3491 Δ,ποταμίῖιῖῃ
232 3444 427 3490 tanquam
444 3449 596 3475 nomen
615 3433 901 3474 indeclinabile
917 3442 956 3474 et
970 3444 1269 3490 proparoxyto-

15 3512 136 3550 gnon.
156 3498 235 3552 ss·—
253 3501 316 3538 16.
331 3496 431 3538 ἐστὶν
451 3498 624 3537 inseruit
634 3496 783 3537 Miller.
799 3496 815 3547 ll
828 3496 1130 3549 -Ι7.Γα6αίου
1139 3497 1269 3539 codex

15 3551 188 3610 noster,
209 3559 438 3614 eodemque
456 3558 583 3600 modo
599 3558 804 3600 Ptolemaei
822 3557 952 3597 codex
972 3558 1013 3597 in
1030 3557 1128 3599 edit.
1148 3561 1266 3612 Arg.;

12 3634 254 3676 '-quarenon
267 3621 513 3675 mutandum
526 3630 587 3663 est
598 3635 749 3662 nomen
767 3621 807 3660 in
824 3619 1002 3668 ΓοΕαίου,
1017 3621 1132 3675 quod
1150 3622 1269 3675 vulgo

11 3693 16 3696 ”
35 3685 79 3724 in
94 3683 313 3724 Ptolemaeo
331 3683 493 3737 legitur.
517 3685 533 3738 Η
552 3708 609 3715 —-
627 3697 693 3737 19.
711 3681 928 3734 Σηκόλλιον
949 3697 1037 3723 ποτ.
1061 3682 1156 3723 cod.
1175 3684 1191 3737 Η
1213 3707 1270 3715 —

12 3766 18 3789 3
35 3758 106 3787 2ο.
129 3744 272 3800 ”frog-¹.
296 3748 334 3788 A
363 3746 519 3788 Gobaeo
538 3745 826 3801 promontorio
845 3743 899 3784 ad
915 3745 1144 3799 Sequanam
1162 3746 1266 3787 linea

16 3859 17 3862 ¹
37 3814 148 3847 recta
163 3821 303 3848 versus
323 3809 456 3849 ortum
471 3808 573 3848 solis
589 3807 713 3847 ducta
728 3821 808 3846 see.
824 3805 1091 3846 Ptolemaeum
1106 3815 1166 3847 est
1184 3816 1265 3848 sta-

12 3878 25 3921 2¹
37 3869 201 3909 diorum
212 3870 373 3910 circiter
390 3873 509 3912 1800.
523 3873 660 3921 Quare
674 3869 769 3910 sort.
788 3867 1053 3909 scribendum
1073 3868 1264 3925 [Ια]ὦος’,

12 3930 218 3970 -consusis
237 3930 274 3971 79
297 3939 338 3971 et
358 3932 434 3972 ΓΤ.
458 3931 594 3972 Stadia
625 3931 731 3984 3376
754 3928 945 3969 caderent
971 3929 1012 3969 in
1037 3945 1119 3971 orae
1144 3931 1270 3985 longi-

15 3986 22 4042 ζ
33 3990 239 4041 tudinem,
261 3993 420 4047 qualem
451 4007 475 4033 a
506 3992 660 4033 Gobaeo
683 3990 735 4031 ad
763 3992 993 4044 Sequanam
1029 3992 1269 4034 Ptolemaeus

727 177 732 184 ‘
768 189 1060 238 PEmPLUs
1095 193 1279 240 MAms
1311 194 1550 240 EXTERI.
1589 194 1768 241 mma
1803 196 1866 241 1¹.

2487 210 2584 248 5531

1350 302 1474 343 urbes
1497 303 1673 362 insignes
1700 307 1764 354 16,
1788 304 1934 344 fluvios
1956 305 2132 359 insignes
2153 306 2191 356 5,
2212 310 2493 362 promontoria
2514 311 2575 350 in-

1345 393 1475 446 signia
1498 396 1544 441 4,
1573 401 1738 447 portum
1762 393 1961 447 insignem
1989 407 2026 435 1.

1402 506 1468 546 23.
1501 508 1552 546 In
1594 520 1755 546 summa
1797 506 1943 560 peripli
1979 507 2211 561 Aquitaniae
2246 508 2484 558 maritimae,
2523 510 2575 550 ab

1346 573 1502 613 OEasso
1518 574 1696 627 Pyrenes
1720 573 2006 627 promontorio
2042 587 2171 627 usque
2202 573 2255 614 ad
2291 575 2395 615 ostia
2418 577 2574 628 Ligeris

1346 640 1483 689 fluvii,
1518 648 1614 679 sunt
1654 655 1738 680 non
1770 640 1888 695 plura
1917 640 2056 681 stadiis
2091 643 2219 692 4800,
2259 655 2343 682 non
2379 644 2573 697 pauciora

1345 705 1484 746 stadiis
1509 706 1632 747 3525.

1641 835 1988 867 LUGDUNENSIS
2022 837 2272 869 PEmPLUs.

1400 940 1468 983 24.
1502 937 1631 978 Gallia
1652 938 1938 991 Lugdunensis
1971 941 2212 981 terminatur
2241 956 2264 982 a
2297 943 2572 996 septentrione

1343 1018 1582 1058 Britannico
1615 1032 1768 1058 oceano
1778 1034 1790 1069 3
1815 1019 1866 1059 ab
1900 1020 2057 1060 oriente
2089 1020 2247 1074 Belgica
2282 1023 2490 1076 provincia
2520 1024 2570 1063 ad

1345 1095 1578 1149 Sequanam
1598 1095 1768 1136 fluvium
1784 1113 1795 1147 ;
1825 1097 1876 1137 ab
1897 1098 2107 1140 occidente
2126 1101 2374 1155 Aquitanico
2390 1117 2568 1151 oceano;

1346 1189 1370 1215 a
1393 1175 1565 1216 meridie
1580 1185 1694 1231 parte
1711 1178 1934 1231 provinciae
1948 1179 2240 1221 Narbonensis.
2301 1185 2361 1222 Ac
2383 1184 2572 1224 universa

1343 1250 1511 1308 quidem
1535 1257 1757 1310 provinciae
1779 1259 2103 1314 circumscrIptio
2121 1259 2174 1300 ad
2195 1261 2307 1301 hunc
2326 1262 2495 1302 modum
2530 1278 2572 1303 se

1344 1329 1491 1382 habet3
1517 1330 1533 1384 [
1547 1331 1824 1386 particularis
1842 1347 1936 1373 vero
1956 1333 2180 1390 descriptio
2200 1337 2283 1376 lewe
2301 1347 2362 1377 est
2379 1355 2392 1378 .·
2411 1339 2509 1358 *****
2533 1342 2546 1389 ]

1399 1418 1468 1459 25.
1498 1419 1736 1482 Longitudo
1759 1420 2049 1474 Lugdunensis
2078 1423 2222 1479 incipit
2253 1439 2277 1465 a
2295 1426 2447 1483 Gabaeo
2475 1442 2571 1480 pro-

1343 1501 1550 1541 montorio
1573 1509 1612 1542 et
1623 1501 1772 1542 desinit
1786 1501 2048 1552 adorientale
2070 1503 2188 1554 latus,
2214 1505 2286 1546 ubi
2306 1506 2571 1561 conjunctum

1342 1591 1402 1623 est
1435 1583 1605 1636 Belgicae
1631 1583 1683 1624 ad
1715 1586 1946 1638 Sequanam
1981 1586 2176 1635 fluvium,
2211 1587 2314 1627 adeo
2348 1597 2392 1628 ut
2426 1590 2573 1631 habeat

1343 1662 1474 1705 stadia
1495 1664 1603 1717 3376
1637 1663 1919 1716 longitudinis.
1982 1665 2177 1706 Latitudo
2200 1666 2485 1720 Lugdunensis
2508 1671 2571 1710 in-

1342 1745 1442 1798 cipit
1457 1743 1509 1783 ad
1524 1743 1739 1783 meridiem
1757 1744 1808 1784 ab
1828 1745 1930 1785 urbe
1945 1745 2156 1800 Cabyllino
2167 1777 2178 1796 ,
2204 1746 2353 1788 desinit
2368 1757 2504 1789 autem
2519 1749 2571 1789 ad

1343 1827 1445 1865 ostia
1478 1827 1673 1879 Sequanae
1698 1826 1837 1876 fluvii,
1873 1835 1918 1867 ut
1938 1827 2162 1868 latitudinis
2184 1830 2307 1869 etiam
2334 1831 2463 1871 stadia
2492 1833 2572 1872 sint

1345 1909 1466 1949 3080.

1342 1988 1571 2029 stadiorum
1595 1983 1717 2042 7290,
1743 1988 1972 2029 stadiorum
2001 1993 2123 2037 6420.

1528 1907 1719 1963 Ambitus
1760 1908 1982 1962 provinciae
2023 1908 2142 1962 juxta
2178 1909 2477 1953 mediterranea
2512 1922 2572 1952 est

2183 1991 2317 2031 Habet
2341 2001 2479 2044 gentes
2502 1996 2568 2043 25,

1342 2069 1466 2108 urbes
1489 2069 1667 2121 insignes
1690 2072 1759 2118 26,
1783 2077 1967 2109 montem
1991 2070 2192 2122 insignem
2218 2085 2255 2120 1,
2276 2072 2424 2112 fluvios
2449 2074 2572 2127 iusig-

1341 2164 1412 2188 nes
1448 2152 1489 2198 4,
1529 2149 1861 2201 promontorium
1895 2149 2053 2200 insigne
2085 2163 2120 2196 1,
2154 2158 2298 2203 portus
2331 2152 2507 2205 insignes
2531 2155 2570 2195 3.

1398 2239 1465 2276 26.
1486 2236 1688 2275 Universa
1705 2235 1850 2290 peripli
1867 2249 1948 2275 01·ae
1966 2236 2180 2275 maritimae
2199 2237 2501 2290 Lugdunensis,
2520 2241 2571 2279 ab

1340 2325 1454 2364 ostiis
1491 2323 1646 2377 Ligeris
1680 2324 1795 2363 fluvii
1818 2337 1948 2377 usque
1985 2323 2037 2364 ad
2070 2325 2171 2364 ostia
2203 2327 2398 2379 Sequanae
2431 2328 2567 2379 fluvii,

1340 2412 1470 2453 stadia
1493 2414 1617 2466 3370,
1640 2412 1768 2452 stadia
1792 2408 1914 2453 3065.

1341 2569 1562 2599 BELGICAE
1599 2568 1702 2599 CUM
1739 2567 1996 2599 GERMANIA
2031 2568 2294 2601 SUPERIOBI
2332 2571 2390 2602 ET
2426 2573 2567 2604 INFE-

1738 2637 1878 2669 mom
1914 2638 2167 2670 PERIPLUS.

1396 2751 1463 2792 27.
1496 2738 1655 2791 Belgica
1686 2753 1781 2778 cum
1815 2737 1976 2778 duabus
2012 2739 2245 2779 Germaniis
2276 2741 2519 2781 terminatur
2546 2757 2569 2782 a

1339 2806 1616 2860 septentrione
1648 2805 2138 2860 oeeanoseptentrionali
2165 2805 2282 2861 juxta
2316 2809 2568 2848 Britanniam

1339 2939 1462 2979 habet
1472 2954 1483 2988 ;
1521 2938 1594 2979 sed
1629 2939 1735 2979 hanc
1758 2953 1891 2992 neque
1910 2938 2032 2979 verba
2064 2939 2276 2990 indicant,
2318 2955 2450 2995 neque
2481 2956 2568 2981 mos

1339 3001 1517 3041 auctoris
1554 3007 1600 3040 ut
1632 3000 1710 3040 tale
1743 3000 1844 3054 quid
1866 3008 2082 3050 statuatur,
2122 3001 2316 3042 admittit.
2345 3002 2457 3042 Infra
2484 3004 2568 3056 ipse

1340 3071 1485 3103 auctor
1501 3061 1701 3103 litoralem
1732 3071 1905 3102 tractum
1933 3077 2018 3102 esse
2054 3062 2154 3102 dicit
2188 3062 2412 3103 stadiorum
2441 3065 2564 3117 3370.

1340 3128 1443 3178 Quae
1461 3132 1688 3180 sequuntur
1700 3123 1752 3164 de
1766 3123 1981 3164 latitudine
1992 3123 2218 3164 stadiorum
2238 3125 2346 3166 3080
2371 3124 2476 3166 bene
2496 3126 2566 3166 ha-

1338 3187 1451 3228 bent.
1479 3187 1646 3241 11—21.
1668 3185 1861 3225 Κα6υλλ
1876 3186 1914 3224 ίν
1926 3201 1975 3224 ου
1996 3187 2011 3240 ]
2030 3186 2095 3226 Sic
2110 3200 2222 3226 nunc
2237 3186 2358 3226 etiam
2374 3187 2416 3226 in
2436 3188 2567 3227 Ptole-

1339 3264 1442 3290 maeo
1454 3263 1496 3303 p.
1519 3250 1669 3302 139‚16
1687 3247 1836 3296 editur,
1856 3247 1926 3287 ubi
1945 3248 2064 3300 vulgo
2080 3247 2287 3301 legebatur
2304 3247 2564 3290 Καὸάλλινον.

1339 3313 1430 3352 Hoc
1445 3312 1533 3352 loco
1546 3310 1767 3365 paullulum
1789 3325 1812 3350 a
1826 3311 1977 3350 Nostro
1986 3309 2140 3350 recedit
2152 3309 2357 3351 Ptolemaei
2366 3310 2432 3351 ed.
2445 3315 2562 3364 Arg„

1341 3374 1381 3413 in
1402 3388 1482 3427 qua
1501 3381 1560 3412 est
1575 3371 1843 3411 ’Καδούλλινον
1865 3371 1957 3425 (25⁰
1981 3369 2047 3411 50¹
2073 3379 2113 3411 et
2132 3371 2203 3420 45⁰
2223 3370 2305 3421 40¹,
2327 3371 2438 3425 quod
2461 3372 2564 3412 bene

1339 3435 1577 3475 tenendum.
1596 3436 1612 3487 )
1634 3434 1649 3487 ll
1668 3458 1725 3465 —
1744 3447 1811 3474 22.
1836 3434 2014 3486 Σηκόανα
2029 3432 2122 3473 cod.
2144 3433 2158 3487 ΙΙ
2182 3432 2450 3489 -24nss0l1'
2466 3435 2481 3488 ]
2499 3435 2563 3476 Sic

1339 3497 1468 3538 codex
1493 3497 1725 3545 Parisinus,
1760 3497 1938 3549 itemque
1974 3509 2114 3549 apogr.
2138 3497 2235 3535 Vat.
2260 3503 2300 3535 et
2329 3495 2446 3536 editt.
2471 3505 2564 3536 ante

1337 3559 1559 3608 Millerum,
1578 3558 1647 3612 qui
1665 3557 1803 3610 legisse
1820 3557 1897 3598 sibi
1916 3558 2026 3596 visus
2041 3564 2100 3596 est
2118 3554 2236 3613 ,ζσηῖ
2254 3556 2444 3597 Ceterum
2462 3571 2565 3611 quo-

1337 3622 1463 3662 modo
1479 3628 1622 3661 auctor
1640 3618 1769 3659 stadia
1787 3620 1862 3660 ista
1888 3633 1997 3673 7290
2016 3619 2330 3673 computaverit,
2348 3622 2559 3673 quaeritur.

1338 3682 1570 3724 Secundum
1590 3681 1853 3722 Ptolemaeum
1871 3681 2047 3722 ambitus
2062 3679 2384 3721 mediterraneus
2398 3679 2562 3733 Lugdu-

1335 3746 1470 3786 nensis
1493 3743 1632 3785 Galliae
1657 3743 1760 3783 foret
1783 3742 1834 3784 ad
1854 3742 1984 3784 stadia
2008 3746 2132 3786 8000.

1391 3811 1412 3860 5
1433 3813 1500 3857 26,
1522 3807 1548 3847 1.
1567 3809 1636 3848 28.
1659 3804 1811 3861 Α’ίγιρος
1826 3815 1866 3847 et
1881 3806 2048 3847 Σικόανα
2071 3806 2164 3847 cod.

1392 3873 1413 3922 5
1436 3875 1505 3912 27.
1537 3869 1592 3909 V.
1627 3868 1868 3909 Ptolemaeus
1887 3870 1943 3919 Π,
1982 3871 2022 3910 8.
2047 3869 2062 3921 11
2090 3891 2144 3898 -
2175 3866 2241 3907 σὺν
2272 3865 2478 3921 Γερμανίας
2495 3867 2562 3916 τῆς

1337 3932 1416 3971 ἄνω
1438 3930 1503 3971 καὶ
1534 3933 1600 3981 τῆς
1628 3931 1731 3980 κάτω
1764 3930 1909 3979 codex,
1946 3930 2131 3969 similiter
2153 3943 2274 3984 supra
2290 3926 2558 3984 in¹indiculo;

1338 4008 1418 4033 em.
1446 3991 1636 4032 Hudson.
1668 3993 1853 4032 Fortasse
1882 3999 2043 4046 praestat
2073 4005 2108 4030 σ.
2137 3989 2356 4044 Γερμανίαις
2374 3989 2457 4036 ταῖς
2480 3987 2560 4027 ἅνω
