2782 4348
72 165 162 224 (ἢ)

69 336 142 382 καὶ
160 337 308 399 ἀπέχει
330 336 473 381 στάδια
497 333 579 379 ἀπὸ
601 331 807 387 θαλάττης
824 331 880 391 γ’”

467 438 481 488 [
499 437 650 476 Codicis
670 436 806 484 pagina
827 439 889 474 93.
909 434 924 485 ]

70 522 295 571 Παλαίτυρος
313 518 414 562 πόλις
436 518 498 556 καὶ
514 516 678 567 ποταμὸς
693 515 707 566 [
721 516 784 566 ὃς]
802 517 861 555 διὰ
881 516 996 565 μέσης
1019 517 1092 566 ῥεῖ,
1114 517 1176 554 καὶ
1198 516 1299 559 πόλις

945 575 1019 609 τῶν
1043 571 1299 620 [Ἐκδίππων]

62 634 127 670 καὶ
138 628 300 677 ποταμὸς
317 628 379 665 καὶ
395 626 485 672 Ἄκη
498 627 617 676 πόλις,
628 627 696 670 ἔξω
711 628 762 672 πή
781 627 885 670 πόλις
898 626 1069 677 Τυ[ρίων·
1084 626 1300 677 Κάρμηλος]

61 688 145 736 ὄρος
174 685 267 733 ἱερὸν
299 682 405 727 Διός·
430 682 578 732 Ἄραδος
607 682 710 725 πόλις
741 682 914 720 Σιδονίων
918 709 1295 721 ..........

64 743 124 779 καὶ
146 740 310 789 ποταμὸς
332 738 488 788 Τυρίων·
510 741 633 787 Δῶρος
657 738 759 781 πόλις
785 737 970 776 Σιδονίων·
997 736 1155 788 [Ἰόππη
1179 738 1294 781 πόλις·

1167 793 1269 831 ἐκτε-
1281 793 1295 843 ]

63 850 166 896 θῆναί
190 863 297 898 φασιν
321 849 475 886 ἐνταῦθα
497 849 561 894 τὴν
579 847 827 898 Ἀνδρομ[έδαν
850 851 903 897 τῷ
926 849 1048 893 κήτει·
1067 847 1223 897 Ἀσκά-]

62 908 135 944 λων
144 905 245 948 πόλις
255 905 395 954 Τυρίων
407 905 470 942 καὶ
486 904 669 953 βασίλεια.
684 903 877 954 Ἐνταῢ[θα
890 904 971 953 ὅρος
980 905 1055 942 ἐστὶ
1068 909 1130 950 τῆς
1141 904 1297 953 Κοίλης]

63 963 206 1012 Συρίας.
234 961 453 1012 Παράπλους
467 961 601 1005 Κοίλης
615 961 744 1010 Συρίας
758 961 772 1011 [
784 962 855 999 ἀπὸ
869 960 1049 1011 Θαψάκου
1062 973 1145 998 ποτ.
1161 961 1266 1010 μέχρι
1283 959 1297 1009 ]

58 1018 290 1060 Ἀσκάλωνος
302 1017 434 1055 στάδιοι
443 1015 528 1067 ,βψ’.
539 1016 571 1054 ’A
581 1016 718 1066 [ραὸία.
728 1017 832 1055 Μετὰ
840 1017 878 1055 δὲ
889 1017 1021 1066 Συρίαν
1030 1017 1121 1054 εἰσὶν
1130 1015 1296 1066 Ἄραὸες]

63 1074 176 1121 ἔθνος,
187 1073 340 1123 νομάδες
349 1074 559 1115 ἱππεύοντες
570 1071 649 1122 [καὶ
661 1073 776 1122 νομὰς
785 1073 927 1123 ἔχοντες
934 1074 1178 1111 παντοδαπῶν
1188 1072 1295 1122 βοσ·]

56 1129 237 1182 κημάτων
249 1157 258 1174 ,
296 1130 383 1166 οἰῶν
420 1129 482 1166 καὶ
524 1128 668 1178 αἰ[γῶν]
675 1154 1293 1169 ................

59 1185 124 1222 καὶ
163 1187 340 1235 καμήλων
356 1195 366 1204 ·
402 1185 479 1223 ἔστι
514 1186 552 1223 δὲ
588 1183 711 1234 αὕ[τη]
715 1212 1296 1224 ...............

65 1241 141 1278 ἔστι
166 1242 212 1277 τὰ
237 1241 354 1278 πολλὰ
378 1240 401 1278 ἄ
406 1267 1294 1279 .......................

58 1309 99 1333 τε
124 1295 187 1341 τὴν
207 1297 391 1344 Αἴγυπτον
398 1322 1294 1334 .......................

60 1353 97 1389 ἐν
122 1352 213 1400 αὐτῇ
236 1353 297 1389 κο)
297 1377 953 1390 ..................
978 1370 981 1372 ·
987 1378 1288 1389 ........

63 1407 159 1444 ἔστιν
176 1407 217 1444 ἐκ
239 1411 302 1451 τῆς
307 1435 1143 1445 ......................
1173 1405 1293 1456 [ἔξω-]

56 1468 122 1499 ’θεν
144 1462 310 1511 θαλ[αττ]
316 1488 1129 1500 .....................
1155 1462 1294 1512 [θέλω]

59 1531 146 1554 τταν
152 1543 1293 1556 .............................

55 1573 120 1608 καὶ
126 1600 1294 1611 ..............................

62 1710 1289 1722 ······························

1176 162 1480 209 PERIPLUS.

56 267 222 329 ,ἔχουσα
239 266 346 319 ἐντὸς
357 266 527 328 τείχους·
545 264 648 319 αὕτη
666 263 708 308 δὲ
728 266 754 318 ἡ
773 265 895 318 νῆσος
915 261 1106 324 βασίλεια
1121 262 1302 324 Τυρίων,

2539 196 2593 234 79

1370 271 1457 311 haec
1483 273 1614 314 insula
1632 283 1691 314 est
1710 277 1820 329 regia
1837 277 2079 330 Tyriorum,
2108 294 2130 319 a
2144 281 2159 335 [
2175 283 2398 326 continente
2415 289 2428 341 j
2445 289 2596 333 distans

1370 339 1501 382 stadia
1522 343 1614 382 tria.

1764 443 1777 493 [
1792 444 1938 482 Codicis
1957 445 2091 494 pagina
2118 451 2178 485 93.
2196 446 2209 496 ]

1369 524 1577 573 Palaetyrus
1596 527 1700 575 urbs,
1720 539 1836 576 quam
1860 530 2022 568 mediam
2044 531 2181 569 fluvius
2205 534 2423 582 perlabitur,
2452 541 2488 576 et
2513 543 2600 582 urbs

2386 593 2485 630 Ecdi
2545 607 2568 633 a

1366 635 1404 671 et
1423 633 1563 672 fluvius
1575 636 1613 674 et
1631 638 1708 675 Ace
1722 638 1828 685 urbs,
1846 639 1966 677 *urbs
1984 639 2230 690 Ty[rz·orum,
2250 590 2463 685 c'arniecus
2479 605 2541 696 Jpp
2574 598 2601 646 ⁷]

1365 700 1476 728 mons
1498 691 1584 729 Jovi
1606 702 1728 739 sacer,
1752 694 1898 732 Aradus
1914 695 1959 742 (ἒ)
1984 696 2075 734 urbs
2100 696 2338 737 Sidoniorum
2344 729 2596 746 .......

1365 746 1404 783 et
1429 745 1567 784 fluvius
1589 747 1812 795 Tyriorum,
1839 751 1960 787 Dorus
1986 750 2077 789 urbs
2101 751 2271 800 Sidonia,
2301 753 2444 806 [Joppe
2479 760 2576 798 urbs
2588 780 2601 809 ‚-

2470 817 2602 866 expo]

1365 860 1476 898 sitam
1489 859 1540 897 ibi
1548 859 1675 897 serunt
1686 859 1765 897 And
1771 859 1989 909 rom[edam
2002 861 2145 900 belluae
2156 866 2351 912 mariam
2370 869 2456 906 tum
2467 872 2600 921 Asca-]

1366 915 1428 953 lon
1444 915 1534 953 urbs
1557 915 1759 963 Tyriorum
1776 916 1814 953 et
1838 915 1949 963 regia.
1969 916 2024 954 lbi
2042 916 2056 966 [
2074 919 2270 957 terminus
2294 924 2351 959 esc
2377 926 2490 963 Cavoe
2513 926 2526 975 ]

1369 970 1501 1018 Syriae.
1522 970 1853 1018 Praeternavigatio
1879 974 1994 1009 Cavae
2019 973 2136 1019 Syriae
2157 972 2199 1023 [a
2228 975 2428 1024 Thapsaco
2438 980 2491 1028 fl.
2519 983 2597 1031 ad]

1365 1025 1586 1063 Ascalonem
1601 1025 1697 1063 stad.
1716 1029 1826 1065 2700.
1846 1025 1883 1075 (§
1904 1027 2001 1072 105.)
2019 1026 2194 1076 Mamm.
2218 1032 2249 1068 A
2263 1033 2378 1079 Syria
2396 1036 2596 1088 Arabum]

1363 1090 1452 1127 gens
1461 1080 1668 1118 nomadum
1684 1081 1954 1130 equitantium,
1966 1081 2116 1131 [qreqes
2125 1083 2239 1122 alens
2251 1096 2365 1126 omne
2372 1100 2494 1137 oenus
2512 1093 2599 1143 ,oe-J

1363 1146 1517 1182 eorum,
1542 1138 1586 1174 ut
1608 1137 1760 1183 ovium,
1785 1135 2063 1186 ca[prarum,]
2070 1167 2598 1185 ..............

1362 1193 1401 1229 et
1422 1192 1670 1229 camelorum.
1701 1193 1762 1230 Est
1784 1202 1875 1231 vero
1897 1193 1981 1230 haec
2004 1192 2019 1245 [
2039 1196 2147 1241 reqio
2170 1197 2322 1235 sterilis
2344 1201 2383 1237 et
2407 1200 2597 1250 deserta]

1363 1247 1627 1295 utplurimum
1660 1246 1864 1297 a[quaque
1879 1251 2006 1287 caret.
2032 1252 2156 1288 Latus
2185 1252 2397 1291 occiduum
2426 1257 2599 1306 versus-]

1364 1313 1440 1351 que
1450 1305 1652 1351 AEgyptum
1662 1303 1880 1352 [spectans,
1890 1314 2005 1342 mare
2014 1305 2140 1344 alluit
2150 1310 2370 1354 anqustum
2381 1320 2395 1352 ;
2405 1320 2480 1349 sun
2488 1312 2598 1362 tque]

1362 1358 1402 1396 in
1421 1369 1467 1396 eo
1493 1357 1616 1408 sin[us
1639 1359 1720 1398 duo
1735 1389 1745 1406 ‚
1772 1361 1976 1399 AElanites
1988 1363 2027 1399 ec
2047 1363 2334 1410 Heroopolites.
2360 1369 2487 1404 Porro
2511 1368 2523 1417 ]

1368 1414 1425 1451 est
1447 1407 1500 1451 ex*
1518 1413 1683 1462 [Rubro
1706 1415 1814 1463 quod
1838 1415 1996 1454 dicitur
2019 1419 2127 1454 mari
2149 1420 2230 1456 sive
2253 1419 2348 1457 inde
2371 1421 2421 1458 ab
2445 1433 2510 1459 ex·
2536 1423 2549 1472 ]

1368 1469 1450 1506 tero
1473 1469 1590 1518 ma[ri
1610 1470 1762 1507 Arabia
1785 1473 1974 1518 porrecta
1994 1481 2121 1520 usque
2141 1473 2197 1510 ad
2217 1477 2399 1513 nostrum
2422 1477 2527 1526 ona-J

1368 1535 1408 1562 re
1438 1553 2601 1571 .............................

1367 1713 2597 1731 ·······························

54 1838 159 1874 esse,
188 1823 292 1864 adeo
310 1833 357 1864 ut
381 1824 602 1880 Palaetyrus
624 1825 756 1865 tribus
790 1825 841 1866 ab
867 1840 939 1866 ora
957 1825 1097 1866 stadiis
1114 1825 1291 1866 abfuisse

57 1885 313 1941 opinandum
334 1886 454 1927 foret.
474 1888 540 1928 Sic
554 1888 860 1939 sainte-croix,
887 1889 959 1942 qui
982 1896 1022 1928 et
1040 1887 1152 1929 aliud
1173 1889 1293 1943 quip-

56 1949 167 2002 piam
186 1948 237 1989 de
257 1949 336 1990 hoc
352 1949 443 1990 loco
462 1951 721 2004 excogitavit,
739 1950 854 2005 quod
873 1950 1025 1991 referre
1043 1950 1179 1991 taedet.
1202 1953 1220 2003 11
1237 1974 1294 1982 —-

57 2012 92 2052 Π
104 2012 201 2052 αλα
217 2013 292 2053 ίτυ
306 2029 325 2068 ρ
338 2028 359 2053 ο
373 2014 417 2068 ς]
436 2014 552 2055 πάλιν
571 2014 688 2069 Τύρος
703 2014 816 2066 cod.;
839 2029 919 2055 em.
942 2015 1130 2054 Vossius.
1150 2013 1254 2055 Inde
1269 2029 1293 2056 a

56 2089 155 2116 voce
177 2076 292 2117 πάλιν
312 2077 456 2132 incipit
480 2076 625 2118 folium
643 2080 696 2131 47
725 2077 793 2133 (p.
816 2079 867 2132 93
888 2085 928 2118 et
948 2080 1000 2131 94
1018 2076 1051 2133 ),
1073 2075 1190 2131 cujus
1207 2091 1293 2118 ma-

48 2137 119 2193 jor
132 2152 226 2194 pars
244 2139 381 2180 avulsa
399 2147 460 2180 est
472 2154 569 2180 eum
588 2140 632 2180 in
651 2139 824 2180 modum
840 2154 964 2195 quem
979 2140 1086 2194 typis
1104 2153 1293 2194 expressa

56 2200 295 2245 ostendunt.
322 2204 425 2254 Quae
454 2202 498 2241 in
513 2203 652 2256 priore
675 2202 762 2242 folii
784 2203 932 2257 pagina
956 2209 1202 2256 supersunt,
1227 2216 1293 2243 ea·

56 2262 151 2303 dem
166 2264 316 2304 notatis
328 2263 482 2304 lacunis
492 2263 615 2304 habet
629 2264 912 2319 apographum
919 2264 1107 2304 Vatican.
1122 2262 1191 2303 fol.
1211 2265 1292 2306 230

57 2333 157 2365 rect.
180 2339 310 2380 usque
330 2325 383 2366 ad
403 2325 527 2366 verba
551 2325 652 2366 ’ἐστιν
670 2325 711 2366 ἐκ
727 2329 816 2377 τῆς;
838 2326 982 2366 ultima
998 2324 1292 2366 vocabulorum

57 2386 100 2425 in
122 2387 199 2427 hac
226 2388 376 2443 pagina
394 2386 598 2441 fragmina
619 2395 659 2428 et
682 2402 772 2442 quae
787 2402 830 2442 p.
857 2390 910 2441 94
937 2387 1129 2440 leguntur
1151 2389 1291 2428 omnia

54 2450 208 2489 omisit.
228 2451 421 2491 Ceterum
442 2450 484 2489 in
501 2449 643 2490 codice
657 2451 843 2491 Parisino
859 2463 989 2505 quum
1004 2457 1097 2504 post
1114 2450 1289 2490 alterum

57 2511 252 2567 quodque
286 2512 350 2553 vel
372 2513 540 2552 tertium
570 2512 815 2553 vocabulum
845 2513 1173 2567 interpungatur,
1205 2527 1291 2553 non

52 2581 143 2613 erat
154 2588 229 2614 cur
245 2573 326 2614 hoc
340 2588 506 2629 quoque
521 2575 860 2630 exprimeremus.
882 2577 899 2627 Η
916 2598 972 2605 -
986 2579 1075 2615 τῶν
1101 2573 1146 2614 ’E
1156 2575 1207 2615 κδ
1220 2576 1290 2617 ίπ-

55 2651 83 2675 π
95 2650 154 2676 ων
171 2637 185 2690 ]
211 2637 338 2676 Vocis
356 2641 432 2677 τῶν
448 2636 742 2691 compendium
770 2651 989 2691 agnoscere
1010 2651 1059 2678 ex
1074 2639 1291 2693 superstite

55 2698 255 2752 particula
268 2699 377 2740 licet.
401 2697 622 2740 Ἐκδίππων
641 2699 844 2755 supplevit
858 2702 980 2740 Voss.
1000 2702 1063 2741 De
1077 2701 1159 2740 situ
1177 2701 1291 2742 urbis

54 2775 94 2801 V.
123 2761 220 2802 Itin.
246 2762 407 2802 Hieros.
430 2775 473 2817 p.
498 2761 600 2812 584;
619 2762 788 2817 Joseph.
807 2764 855 2803 B.
882 2765 922 2803 J.
942 2764 978 2812 I,
1006 2762 1078 2813 13;
1095 2763 1288 2816 Ptolem.;

55 2821 209 2863 Plinius
231 2825 287 2873 V,
314 2837 378 2878 17.
412 2825 564 2877 Geogr.
601 2826 702 2865 Rav.
739 2824 923 2865 Hebraeis
950 2824 1108 2865 Achsib
1142 2824 1291 2880 (Josua

60 2897 125 2938 19,
147 2898 223 2939 293
242 2886 485 2942 Hieronym.
510 2889 573 2928 De
594 2887 672 2928 loc.
697 2902 801 2928 sacr.
824 2902 857 2928 s.
877 2901 918 2928 v.
938 2888 1088 2942 >Nunc
1101 2887 1198 2929 Zib.
1218 2890 1290 2930 Ce-

55 2955 189 2988 terum
209 2947 260 2989 de
277 2950 563 3005 supplemento
586 2951 791 2991 Vossiano
810 2949 1015 2991 dubitavit
1036 2952 1287 3004 Gronovius,

53 3011 251 3064 quoniam
270 3011 382 3060 πόλις
404 3011 600 3054 ’Έκδιππα
628 3013 771 3068 Scylax
795 3028 873 3069 pro
899 3027 1017 3054 more
1049 3028 1125 3054 suo
1154 3013 1292 3056 dicere

53 3071 273 3114 debuisset.
295 3076 388 3130 Ipse
405 3074 525 3116 finxit
545 3088 554 3116 :
580 3075 690 3124 πόλις
708 3081 783 3116 τῶν
812 3074 1018 3127 Ὑαλιτῶν,
1043 3089 1174 3131 quum
1196 3076 1291 3118 litus

55 3134 162 3174 inter
180 3135 339 3189 Tyrum
357 3144 397 3176 et
413 3138 526 3178 Acen
545 3137 714 3192 plenum
736 3137 928 3185 ὗαλίτιδος
950 3136 1080 3193 ἅμμου
1102 3138 1169 3189 sit,
1191 3145 1292 3179 teste

56 3194 268 3236 Strabone.
291 3199 308 3249 ΙΙ
325 3220 382 3229 —
408 3197 493 3246 ἔξω
531 3197 627 3254 πή]
653 3199 711 3239 sic
743 3198 889 3240 codex,
922 3197 1004 3251 ἑξῆς
1028 3198 1154 3251 Βῆλος
1179 3199 1288 3255 conj.

57 3257 242 3298 Vossius.
265 3260 319 3300 At
334 3259 386 3301 de
403 3261 501 3302 Belo
516 3261 620 3303 urbe
638 3276 724 3302 non
741 3270 925 3313 constat;
950 3262 1101 3303 fluvius
1129 3270 1291 3304 tantum

57 3317 178 3358 Belus
209 3319 282 3372 (h.
313 3324 479 3364 Numan
498 3323 512 3380 )
551 3338 682 3380 prope
715 3327 830 3366 Acen
866 3325 1005 3365 exiens
1037 3334 1292 3366 memoratur

59 3379 224 3432 (Strab.
248 3395 291 3437 p.
314 3383 393 3437 758
416 3401 427 3436 ;
449 3386 554 3428 Plin.
587 3389 643 3438 V,
681 3401 755 3442 173
791 3388 991 3438 XXXVI,
1016 3388 1090 3439 65;
1119 3389 1287 3444 Joseph.

57 3442 106 3481 B.
123 3443 149 3482 J
154 3473 167 3483 .
187 3442 243 3492 II,
271 3457 318 3498 17
336 3446 367 3499 ).
387 3448 438 3486 In
456 3448 550 3489 sinu
567 3449 674 3490 inter
693 3452 808 3491 Acen
836 3458 876 3491 et
909 3449 1143 3491 Carmelum
1174 3466 1292 3492 mon-

58 3511 141 3543 tem
168 3501 306 3557 jacent
333 3507 526 3550 Calamon
551 3511 678 3564 (Itin.
704 3526 747 3567 p.
781 3511 893 3569 584)
921 3520 962 3553 et
987 3512 1138 3554 deinde
1167 3513 1290 3555 Συκα-

60 3565 180 3620 μίνων
216 3566 325 3614 πόλις
364 3569 447 3610 sive
481 3571 695 3628 Συκάμινον
737 3573 882 3630 (Itin.;
927 3575 1074 3617 Strabo
1105 3590 1147 3631 p.
1182 3579 1260 3631 723
1277 3594 1288 3629 ;

58 3627 163 3668 Ptol.
191 3641 233 3683 p.
261 3629 367 3679 364;
398 3631 536 3685 steph.
557 3632 590 3688 ),
615 3635 686 3688 qui
717 3634 832 3675 locus
860 3643 960 3676 teste
981 3637 1161 3679 Eusebio
1181 3654 1213 3679 s.
1248 3654 1287 3679 v.

63 3687 190 3745 Ἶαφέθ
208 3703 218 3731 ;
243 3691 355 3745 κώμη
372 3692 541 3747 πάραλος
561 3694 724 3747 πλησίον
742 3699 810 3736 τοῦ
829 3697 1039 3753 Καρμήλου
1065 3697 1166 3755 Ἠφὰ
1185 3700 1291 3757 λέγε-

58 3765 135 3791 ται.
157 3750 274 3792 Idem
296 3766 450 3793 nomen
471 3768 537 3809 ap.
569 3755 675 3797 Plin.
698 3757 741 3797 in
767 3758 867 3798 Ieba
889 3759 990 3800 abiit
1007 3760 1064 3810 V,
1087 3774 1135 3816 17
1156 3775 1165 3803 :
1191 3766 1292 3804 Pro-

56 3814 302 3855 montoriam
328 3815 549 3857 Carmelum
569 3826 607 3857 et
632 3817 673 3858 in
693 3829 824 3860 monte
842 3820 1040 3877 oppidum
1065 3824 1197 3865 eodem
1218 3841 1287 3866 no-

55 3874 177 3923 mine,
200 3876 401 3931 quondam
428 3878 645 3920 Ecbatana
666 3879 822 3922 dictum
841 3899 855 3931 ,-
869 3883 1001 3936 juxta
1030 3887 1167 3935 Getta,
1185 3889 1287 3929 Jeba

58 3935 202 3991 (Jebba
216 3952 254 3978 v.
268 3938 315 3994 l.)
333 3940 522 3980 Ceterum
538 3941 693 3982 Plinius
705 3957 755 3982 ex
771 3944 909 3985 multis
924 3959 998 3986 sua
1009 3948 1228 3990 corradens
1237 3952 1287 3990 si-

56 3998 141 4039 mul
156 3999 278 4040 habet
297 4001 416 4042 etiam
432 4005 460 4042 S
453 4003 686 4056 ycamiuam
703 4005 920 4061 oppidum,
938 4007 1050 4062 quod
1069 4023 1283 4066 perperam

1362 1827 1470 1866 inter
1485 1829 1646 1867 Dorum
1662 1836 1703 1868 et
1727 1828 1959 1869 Carmelum
1978 1830 2108 1883 ponit.
2130 1831 2238 1871 Hinc
2256 1832 2457 1886 conjicere
2472 1833 2565 1874 licet
2585 1849 2594 1875 :

1363 1888 1444 1941 ἑξῆς
1479 1888 1616 1946 Ἥ[φὰ]
1651 1890 1773 1938 πόλις.
1810 1895 1827 1944 Η
1858 1916 1915 1923 -
1945 1892 2230 1949 Κάρμηλος]
2258 1896 2390 1950 suppl.
2421 1898 2540 1937 Voss.
2581 1900 2595 1951 Η

1360 1975 1418 1983 —-
1436 1951 1624 2008 ’Άραδος
1661 1953 1828 2009 πόλις]
1856 1954 2017 1995 Aradus
2040 1955 2083 1995 in
2105 1955 2185 1996 hoc
2206 1964 2341 1997 tractu
2380 1971 2463 1997 non
2486 1967 2596 1999 nota.

1361 2016 1600 2057 Gronovius
1618 2017 1780 2072 putavit
1814 2016 1961 2057 urbem
1999 2018 2116 2059 innui
2136 2033 2228 2074 quae
2246 2020 2437 2061 Straboni
2467 2022 2569 2063 XVI
2586 2053 2596 2072 ,

1360 2091 1402 2132 p.
1437 2078 1516 2133 759
1541 2078 1723 2134 Γαδαρὶς,
1759 2086 1799 2119 et
1821 2093 1886 2134 ap.
1909 2079 2094 2120 Maccab.
2116 2082 2151 2131 I,
2182 2084 2253 2131 14,
2283 2095 2322 2135 7.
2357 2082 2421 2132 15,
2448 2084 2499 2123 28
2527 2082 2600 2122 Γά-

1361 2141 1458 2194 ζαρα
1476 2149 1659 2182 vocatur.
1683 2143 1739 2182 At
1757 2141 1930 2181 Gadaris
1952 2157 2037 2182 non
2063 2143 2132 2183 hic
2152 2142 2363 2195 locorum,
2396 2145 2468 2185 sed
2492 2147 2598 2187 inter

1360 2203 1523 2257 Joppen
1545 2211 1587 2244 et
1605 2203 1849 2244 Ascalonem
1868 2205 1956 2244 sita.
1980 2204 2095 2256 Quid
2109 2205 2244 2256 lateat,
2267 2208 2419 2247 nescio.
2440 2209 2599 2249 Deinde

1361 2263 1550 2306 lacunam
1586 2274 1680 2320 post
1708 2279 1748 2320 ν.
1794 2265 1979 2306 Σιδονίων
2018 2268 2190 2307 Vossius
2226 2269 2402 2324 explevit
2439 2271 2598 2311 insertis

1363 2326 1525 2367 verbis:
1563 2327 1788 2382 Συκαμίνων
1818 2327 1948 2378 πόλις;
1974 2337 2013 2368 et
2040 2329 2120 2368 hoc
2153 2338 2297 2370 contra
2318 2332 2463 2372 seriem
2490 2330 2598 2373 loco-

1360 2401 1469 2438 rum,
1491 2403 1615 2442 quam
1634 2389 1921 2442 negligentiam
1935 2390 2057 2430 Plinii
2072 2390 2099 2430 l.
2120 2390 2147 2430 l.
2168 2399 2208 2431 et
2222 2392 2434 2432 Strabonis
2450 2407 2491 2448 p.
2515 2395 2594 2447 758

1360 2451 1555 2505 exemplis
1575 2465 1769 2491 excusare
1786 2451 1906 2491 nolis.
1925 2451 2071 2491 Strabo
2097 2461 2191 2506 post
2204 2453 2452 2507 Sycaminon
2481 2455 2594 2509 polin

1360 2513 1546 2553 nominat
1582 2513 1787 2554 Βουκόλων
1829 2513 1894 2553 καὶ
1933 2513 2198 2568 Κροκοδείλων
2239 2514 2352 2556 πόλιν
2388 2516 2452 2556 καὶ
2492 2516 2594 2557 ἄλλα

1359 2577 1531 2615 τοιαῦτα.
1558 2576 1750 2617 Fluvium
1779 2577 1851 2630 qui
1881 2584 1975 2616 ante
1997 2579 2159 2618 Dorum
2191 2577 2340 2619 urbem
2374 2581 2594 2620 memorari

1359 2638 1555 2692 potuerit,
1577 2639 1674 2679 novi
1694 2638 1852 2678 nullum
1867 2654 1877 2688 ;
1895 2638 2032 2693 paullo
2046 2647 2138 2694 post
2157 2641 2320 2680 Dorum
2335 2640 2517 2682 Chorsus
2549 2642 2591 2681 ss.

1359 2700 1456 2740 exit.
1478 2702 1496 2752 ΙΙ
1513 2724 1570 2732 -—
1590 2700 1723 2756 Δῶρο
1737 2702 1782 2756 ς]
1812 2702 1878 2742 Sic
1900 2701 2024 2742 etiam
2053 2702 2265 2742 Hecataeus
2295 2710 2337 2743 et
2364 2702 2597 2744 Alexander

1359 2762 1561 2817 Ephesius
1601 2777 1667 2818 ap.
1708 2764 1766 2803 St.
1811 2765 1906 2818 Byz.
1954 2777 1986 2803 S.
2029 2778 2068 2803 ν.
2107 2763 2208 2804 Aliae
2243 2764 2423 2805 nominis
2454 2764 2597 2806 sormae

1359 2824 1484 2879 Δῶρα,
1510 2824 1636 2880 Δώρα,
1669 2825 1814 2880 Δῶρον.
1848 2828 1902 2866 V.
1925 2824 2119 2866 Dindorf.
2143 2826 2188 2866 in
2201 2826 2324 2867 Thes.
2347 2834 2388 2866 et
2409 2826 2598 2868 Meineke

1360 2885 1412 2927 ed
1437 2887 1577 2942 Steph.
1610 2889 1706 2942 Byz.
1730 2891 1820 2941 11-—
1857 2886 2021 2940 Ἰόππη
2045 2887 2132 2928 κτλ
2148 2889 2191 2944 .]
2221 2888 2353 2943 suppl.
2376 2890 2547 2929 Vossius
2576 2904 2598 2930 e

1359 2949 1550 2991 Strabon.
1575 2951 1693 3001 XVI,
1718 2964 1759 3006 p.
1789 2950 1868 3005 759
1890 2963 1900 2991 z
1922 2949 2023 2991 Εἶτα
2057 2949 2246 3003 Ἰόππη...
2279 2951 2440 2992 ἐνταῦθα
2459 2951 2499 2992 δὲ
2529 2967 2597 3007 μυ-

1362 3012 1512 3053 θεόουσί
1540 3027 1638 3061 τινες
1668 3011 1737 3064 τὴν
1773 3011 2022 3069 Ἀνδρομέδαν
2053 3013 2251 3065 ἐκτεθῆναι
2282 3018 2337 3069 τῶ
2365 3013 2485 3065 κήτει.
2509 3017 2525 3066 Η
2543 3039 2598 3046 -

1361 3076 1469 3130 ὅρος
1492 3075 1591 3117 ἐστὶ
1620 3078 1704 3128 τῆς
1735 3075 1934 3132 κοίλης]
1968 3076 2102 3132 suppl.
2136 3078 2186 3117 E.
2217 3076 2365 3117 Miller.
2389 3076 2479 3126 Η-
2502 3076 2592 3117 ἀπὸ

1361 3137 1598 3194 Θαψάκου
1633 3139 1778 3194 ποτ.]
1805 3147 1914 3180 recte
1943 3139 2077 3194 suppl.
2112 3138 2348 3187 Fabricius3
2381 3136 2454 3178 ἀπὸ
2474 3138 2594 3178 Σίδω-

1362 3215 1424 3248 νος
1441 3201 1554 3256 μέχρι
1571 3201 1705 3256 suppl.
1726 3200 1874 3251 Miller,
1902 3200 2014 3242 haud
2037 3200 2163 3240 dubie
2192 3199 2245 3240 ob
2264 3207 2499 3254 sequentem
2520 3215 2595 3240 nu-

1360 3275 1522 3302 merum
1540 3261 1633 3318 ‘⁰‘ssss
1653 3276 1889 3317 quanquam
1904 3261 1957 3302 ad
1983 3261 2178 3302 Sidonem
2194 3261 2245 3301 ab
2265 3260 2465 3303 Ascalone
2490 3275 2594 3303 1200

1361 3331 1521 3364 tantum
1540 3323 1668 3363 stadia
1690 3331 1798 3363 sunt.
1822 3325 1904 3365 Pro
1920 3322 1999 3380 ,auls
2020 3331 2157 3378 aperte
2178 3322 2300 3363 scrib.
2324 3331 2383 3363 est
2397 3321 2488 3378 ,sszlaest
2511 3326 2591 3378 Ap.

1362 3385 1595 3426 Fabricium
1615 3385 1752 3425 nescio
1769 3399 1852 3440 quo
1874 3385 1990 3440 lapsu
2007 3392 2136 3425 exstat
2150 3382 2245 3440 psall.
2264 3386 2355 3439 Η-
2375 3382 2536 3439 Ἀ[ρα6
2551 3385 2595 3425 ία

1361 3447 1458 3488 κτλ.
1478 3449 1492 3503 ]
1512 3461 1629 3503 supp.
1644 3447 1791 3488 Miller.
1816 3448 1954 3488 Litera
1968 3448 1999 3487 A
2020 3447 2226 3501 rubricata
2241 3446 2406 3487 titulum
2423 3446 2590 3488 indicat.

1366 3511 1381 3563 ΙΙ
1413 3509 1563 3550 -καὶ
1596 3509 1747 3565 νομὰς
1775 3509 1911 3565 κτλ.]
1938 3510 2071 3565 suppl.
2111 3509 2259 3552 Miller.
2299 3509 2363 3550 Cf.
2402 3510 2591 3551 Strabon.

1360 3574 1477 3622 XVI,
1498 3587 1540 3628 p.
1564 3572 1642 3627 765
1663 3585 1672 3613 :
1694 3572 1878 3625 Σκηνῖται
1896 3573 2101 3628 ’Άραὸες...
2127 3573 2426 3628 γεωργοῦντεςῆ
2448 3571 2552 3613 οὐδὲν
2570 3574 2592 3624 ἢ

1363 3634 1492 3690 μικρὰ,
1515 3634 1635 3691 νομὰς
1653 3634 1693 3675 δὲ
1721 3634 1876 3689 ἔχοντες
1901 3636 2153 3678 παντοδαπῶν
2186 3636 2413 3692 θρεμμάτων
2434 3636 2497 3676 καὶ
2526 3637 2595 3690 μά·

1360 3699 1474 3738 λιστα
1502 3697 1706 3753 καμήλων.
1741 3697 1806 3739 Id.
1824 3713 1867 3754 p.
1902 3701 1982 3753 768
2013 3699 2057 3740 in
2083 3699 2342 3741 meridionali
2374 3702 2446 3741 Ar.
2480 3706 2593 3753 parte

1360 3775 1445 3801 esse
1467 3759 1567 3801 dicit
1588 3761 1843 3816 βοσκημάτων
1872 3759 2054 3816 ἀφθονίαν
2077 3759 2179 3813 πλὴν
2200 3762 2328 3804 ἵππων
2345 3761 2407 3802 καὶ
2423 3760 2591 3814 ἡμιόνων

1358 3822 1423 3864 καὶ
1444 3821 1535 3862 δῶν.
1558 3823 1650 3875 11-—
1671 3822 1830 3878 αἰγῶν
1848 3825 1862 3878 ]
1889 3824 2032 3879 Suppl.
2053 3823 2188 3865 Miller
2210 3836 2219 3864 :
2255 3822 2373 3877 αἰγῶν
2404 3821 2468 3862 καὶ
2493 3822 2590 3874 βοῶν

1357 3884 1421 3925 καὶ
1445 3883 1617 3938 ἡμιόνων
1648 3884 1713 3926 καὶ
1737 3884 1903 3940 μάλιστα
1923 3886 2066 3926 ἵππων.
2090 3888 2107 3939 Η
2151 3884 2309 3925 -ἐστὶ
2341 3882 2385 3923 δὲ
2416 3881 2588 3937 αὕ[τη]

1357 3949 1446 3987 Hoc
1460 3946 1644 3988 Millerus
1662 3949 1838 3988 mutavit
1856 3949 1898 3988 in
1927 3947 2076 3997 αὐτοῖς,
2098 3949 2155 3988 ita
2171 3946 2361 4001 supplens
2380 3957 2389 3984 :
2414 3943 2524 3982 ’Έστι
2551 3940 2592 3982 δὲ

1358 4011 1505 4066 αὖ[τοῖ’ς
1526 4011 1739 4059 λιὸανωτὸς
1761 4012 1825 4052 καὶ
1848 4011 1993 4066 σμύρνα
2016 4010 2177 4061 εὗώδης,
2204 4008 2283 4062 καὶ]
2303 4006 2381 4048 ἐστὶ
2400 4005 2445 4047 τὰ
2462 4004 2593 4047 πολλὰ
