2756 4354
73 342 193 387 tum,
214 345 347 391 quem
376 330 543 373 Arabes
577 327 861 387 frequentare
880 327 1077 388 indeque
1103 331 1310 375 terrestri

80 406 244 451 itinere
261 405 310 449 in
324 404 503 448 Petram
519 401 726 446 Malichae
741 402 911 460 regiam
927 413 1311 464 oneratranspor-

79 491 176 525 tare
214 478 342 533 dici-t,
376 475 488 521 adeo
526 485 576 520 ut
613 475 690 520 hic
712 486 871 536 portus
901 476 958 520 ab
992 477 1310 538 AEgyptiorum

72 551 350 600 «commercio
367 550 599 595 maritimo
618 561 726 595 tunc
749 551 924 595 alienus
946 551 1101 607 fuisse,
1124 567 1176 596 ac
1189 568 1309 596 mer-

74 639 151 686 ces
170 626 355 688 AEgypti
372 625 591 671 breviore
615 627 692 671 via
714 627 918 670 terrestri
955 626 1137 671 Petram
1162 636 1308 672 trans·

74 692 264 765 portatae
276 717 370 747 esse
385 701 644 748 videantur.
663 700 979 746 Nabataeorum
1001 702 1221 746 ditionem
1232 718 1311 746 ex-

75 778 223 839 cipit-5]
242 765 438 839 Ἀραὸικὴ
457 776 574 838 χώρα
590 777 742 836 (modo
759 777 936 822 recteid
954 794 1119 823 nomen
1131 777 1308 832 habeat,

75 867 222 913 neque
250 851 500 911 legendum·
521 852 581 896 sit
612 855 638 906 ἡ
669 851 908 912 Ἀραὸιτικὴ
928 856 958 906 ),
984 868 1116 910 quam
1145 862 1311 913 praeter

74 927 435 988 ichthyophagos
465 937 618 972 tenent
647 937 801 985 gentes
831 928 1086 972 latrociniis
1119 927 1307 986 deditae,

76 1001 307 1063 Κανραῗται
327 1004 375 1061 (Ρ)
406 1002 516 1047 dicti
553 1001 565 1061 (
590 1001 830 1064 Ἀρραὸῖται
863 1012 906 1046 et
942 1003 1309 1047 Κιναιδοκολπῒται

69 1076 120 1120 in
159 1092 281 1122 mon.
318 1077 487 1122 Adulit.
506 1077 538 1136 ).
575 1076 726 1130 Quare
762 1076 963 1137 AEgyptii
998 1092 1126 1121 oram
1176 1077 1305 1121 istam

70 1151 268 1196 vitantes
286 1166 312 1195 a
327 1151 539 1196 Berenice
568 1151 618 1195 in
637 1151 789 1195 medio
813 1152 917 1195 sinu
942 1150 1140 1196 Arabico
1164 1166 1308 1210 usque

74 1228 130 1272 ad
150 1227 444 1273 Combustam
470 1227 665 1272 insulam
702 1227 919 1284 navigant
949 1227 1003 1277 εἷς
1037 1225 1110 1280 τὴν
1138 1226 1306 1286 Ἀραὸι-

71 1302 147 1357 κῆν
179 1301 320 1363 χώραν
336 1300 407 1364 (*),
443 1300 523 1357 ubi
564 1301 613 1345 in
644 1299 929 1344 Charibaelis
960 1299 1219 1344 Sabaeorum
1263 1312 1306 1345 et

72 1377 409 1421 Homeritarum
434 1375 558 1433 regis
581 1374 757 1418 ditione
783 1374 983 1418 occurrit
1000 1374 1130 1418 Muza
1149 1390 1302 1435 empo-

71 1453 190 1496 rium
207 1486 220 1507 ,
246 1451 409 1496 deinde
431 1450 579 1496 Ocelis
596 1450 728 1494 statio
745 1460 788 1494 et
807 1450 999 1494 Diodori
1023 1451 1175 1495 insula
1190 1461 1233 1495 et
1256 1451 1305 1494 in

69 1526 357 1585 meridionali
392 1525 529 1569 litore
567 1523 817 1568 Eudaemon
861 1524 1049 1571 Arabia.
1090 1525 1305 1584 Sequitur

67 1602 116 1646 in
134 1602 322 1660 regione
341 1601 562 1645 thurifera
583 1600 669 1645 sub
697 1600 856 1644 Eleaze
880 1616 986 1659 rege
1006 1601 1126 1645 Cane
1142 1617 1301 1661 empo-

43 1674 46 1677 ’
67 1677 186 1721 rium
201 1710 214 1735 ,
243 1676 412 1721 Avium
437 1685 482 1720 et
499 1675 537 1718 Τ
541 1675 662 1719 rulla
682 1675 846 1719 insulae
861 1710 871 1730 ,
899 1677 1025 1720 sinus
1055 1676 1302 1721 Sachalites

66 1751 118 1795 in
157 1766 304 1809 eoque
336 1750 536 1809 Syagros
573 1750 891 1810 promontium
919 1750 932 1810 (
957 1753 1055 1809 Cap
1078 1753 1297 1810 Far-mk),

61 1824 199 1884 cujus
219 1826 355 1870 situm
366 1823 530 1869 Noster
547 1825 718 1870 rectius
732 1841 868 1884 quam
886 1825 1156 1870 Ptolemaeus
1181 1827 1300 1870 indi-

59 1909 148 1944 cat.
170 1898 522 1959 Subjunguntur
540 1899 743 1959 quaedam
761 1899 818 1943 de
830 1899 1117 1944 Dioscoridis
1130 1901 1295 1944 insula.

58 1974 163 2019 Jam
186 1975 243 2020 ad
265 1975 420 2020 Canen
442 1986 487 2020 et
508 1975 732 2035 Syagrum
761 1991 908 2035 usque
934 1991 1028 2039 prae
1051 1975 1298 2035 descriptio

59 2059 273 2095 accurata
308 2060 376 2095 est
412 2060 456 2094 et
483 2050 714 2110 locuples;
757 2065 860 2109 quae
898 2065 1008 2095 vero
1047 2060 1298 2109 sequuntur

61 2140 207 2184 usque
222 2124 278 2170 ad
294 2123 633 2185 Indoscythiam
655 2124 954 2184 paucioribus
975 2124 1295 2182 absolvuntur,

60 2202 107 2245 in
132 2200 283 2260 iisque
317 2200 429 2245 falsa
460 2201 698 2259 complura
719 2199 1129 2259 deprehendimus;
1157 2215 1294 2258 porro

58 2275 117 2322 ad
134 2273 289 2322 Canen
306 2290 453 2336 usque
473 2290 644 2321 merces
656 2274 889 2336 AEgyptias
908 2276 1153 2336 importari
1170 2275 1294 2320 vide-

537 213 614 258 DE
646 213 947 258 ANoNYMo
980 212 1263 260 AUCTORE
1299 217 1539 266 PERIPLI
1576 221 1769 269 MARIS
1804 224 2152 275 ERYTHRAEI.

2553 266 2600 298 ct

1382 347 1508 391 mus,
1544 334 1594 378 in
1648 335 1836 395 reliquae
1874 348 2020 383 autem
2053 342 2231 387 Arabiae
2264 358 2306 390 ct
2347 350 2544 400 Persidis
2563 371 2606 403 et

1383 404 1636 452 Carmaniae
1668 420 1828 468 portus
1863 414 2048 457 nonnisi
2082 430 2106 459 e
2139 415 2258 461 Cane
2295 422 2495 471 Arabicae
2522 441 2607 476 ete

1385 478 1629 538 Barygazis
1648 492 1692 527 et
1715 483 2127 543 Limyricalndicae
2150 505 2285 536 naves
2308 497 2510 553 expediri
2527 518 2607 546 so-

1381 554 1474 597 lent
1499 571 1507 597 :
1538 556 1642 600 hinc
1666 558 1806 616 igitur
1823 561 2081 619 colligimus
2102 563 2312 610 Nostrum
2338 584 2428 613 non
2448 572 2608 621 adiisse

1380 627 1501 672 hunc
1525 639 1739 686 tractum,
1773 634 1848 677 sed
1881 650 1966 694 pro
2003 652 2130 681 more
2151 641 2292 684 aetatis
2329 657 2418 687 suae
2441 661 2520 704 per
2553 650 2611 693 al-

1382 711 1474 747 tum
1506 703 1704 764 Hippalo
1749 716 1885 751 vento
1925 710 2140 757 stationes
2192 712 2371 760 Indicas
2411 721 2608 777 petiisse.

1381 777 1434 822 In
1459 794 1510 823 ea
1541 790 1688 824 autem
1713 783 2022 840 navigatione,
2043 787 2134 832 nisi
2151 788 2208 832 ab
2229 793 2490 839 Aromatum
2508 813 2610 856 pro-

1380 857 1610 901 montorio
1635 858 2057 918 proficiscebantur,
2083 878 2109 907 a
2133 863 2252 909 Cane
2271 867 2447 914 Arabiae
2463 873 2608 918 solve-

1379 928 1514 987 bant,
1541 931 1649 977 inde
1675 949 1787 978 vero
1813 950 1959 994 usque
1994 936 2050 980 ad
2074 936 2291 997 Syagrum
2313 958 2457 1001 prom,
2478 946 2609 1005 juxta

1382 1022 1508 1051 oram
1534 1008 1830 1067 navigabant,
1852 1021 1895 1055 et
1918 1011 2028 1056 hinc
2059 1012 2239 1058 demum
2268 1018 2504 1066 tendebant
2526 1038 2608 1082 per

1380 1081 1554 1126 altum:
1592 1083 1744 1142 itaque
1771 1084 1828 1128 ad
1861 1085 2083 1145 Syagrum
2111 1104 2253 1148 usque
2290 1091 2394 1137 litus
2430 1096 2609 1143 Arahiae

1380 1155 1497 1202 bene
1533 1160 1663 1204 novit
1700 1171 1875 1216 auctor,
1902 1161 2067 1207 deinde
2109 1180 2218 1209 vero
2244 1167 2390 1213 aliena
2428 1185 2484 1215 ex
2521 1173 2609 1219 fide

1379 1232 1583 1291 pendens
1611 1249 1772 1294 parum
1812 1247 2019 1281 accurata
2051 1239 2199 1284 tradit.
2241 1241 2416 1294 Quibus
2459 1261 2608 1292 accen-

1379 1306 1569 1352 sendum
1606 1308 1788 1354 videtur
1833 1312 1957 1370 quod
1994 1323 2100 1372 post
2141 1313 2362 1374 Syagrum
2407 1318 2455 1361 in
2499 1319 2605 1365 hod.

1376 1382 1549 1438 Dzofar
1579 1383 1809 1428 Moscham
1833 1396 2016 1445 portum
2051 1397 2095 1432 et
2134 1388 2350 1434 Omanam
2379 1393 2606 1450 regionem

1378 1457 1570 1501 collocat
1599 1458 1648 1517 (S
1669 1460 1724 1503 32
1752 1476 1798 1520 p.
1830 1460 1962 1521 282),
1992 1462 2260 1507 hodiernam
2287 1468 2536 1511 Mascatam
2561 1470 2607 1513 in

1379 1536 1525 1577 Oman
1564 1544 1684 1578 terra
1737 1536 1823 1580 sita
1877 1553 1979 1581 cum
2020 1538 2110 1582 alio
2145 1540 2345 1597 regionis
2378 1542 2606 1589 thuriferae

1376 1619 1515 1668 portu
1538 1609 1760 1668 (Dzofar,
1790 1611 1962 1672 Zafar)
1991 1613 2287 1660 confundens.
2317 1616 2595 1672 Ptolemaeus,

1376 1685 1457 1743 qui
1497 1700 1598 1729 cum
1637 1685 1801 1730 Nostro
1835 1686 1918 1731 hac
1958 1688 2014 1732 de
2043 1705 2092 1733 re
2130 1690 2221 1734 fere
2262 1694 2505 1748 consentit,
2547 1710 2603 1739 ex

1374 1760 1533 1805 eodem
1564 1762 1636 1805 vel
1661 1762 1802 1806 simili
1827 1763 1949 1808 fonte
1982 1764 2188 1810 hausisse
2221 1766 2418 1823 videtur,
2451 1785 2603 1828 quam-

1374 1850 1508 1893 quam
1525 1835 1564 1879 is
1578 1837 1712 1880 simul
1726 1838 1860 1881 etiam
1874 1838 2104 1883 hodiernae
2115 1843 2314 1884 Mascate
2326 1842 2461 1886 situm
2481 1835 2604 1888 'indi-

1375 1922 1444 1955 cat
1453 1913 1638 1968 eoloco,
1651 1914 1699 1957 in
1713 1930 1804 1972 quo
1815 1914 1945 1974 ponit
1961 1909 2310 1976 κρυπτὸνλιμένα,
2325 1921 2409 1977 pro
2419 1920 2602 1963 nomine

1373 1989 1564 2048 proprio
1593 2005 1817 2049 usurpans
1854 1992 2203 2051 appellativum,
2246 1994 2367 2052 quod
2406 1996 2452 2038 in
2502 1999 2602 2039 Ma·

1371 2075 1491 2107 scate
1526 2075 1707 2124 portum
1743 2066 1934 2124 quadrat
1957 2069 2143 2127 optime.
2169 2095 2230 2101 ——
2260 2069 2521 2128 Sequuntur
2549 2071 2599 2115 in

1371 2140 1553 2198 periplo
1580 2140 1714 2184 Asich
1735 2157 1887 2196 mons,
1908 2142 2099 2187 Zenobii
2127 2145 2314 2198 insulae,
2341 2146 2464 2203 regio
2488 2147 2596 2189 Bar-

1366 2212 1484 2259 ,bara
1507 2215 1655 2279 Persis
1676 2215 1892 2275 subjecta,
1913 2216 2145 2278 Serapidis
2164 2220 2312 2263 insula
2333 2220 2425 2279 <**),
2451 2222 2506 2266 de
2520 2222 2597 2265 Ca-

112 2468 159 2514 (*)
184 2467 294 2510 Quod
322 2467 351 2503 si
383 2466 419 2502 in
453 2466 598 2503 antece.
633 2464 747 2502 verba
768 2467 791 2510 ἡ
815 2464 987 2513 Ἀραὸικὴ
1018 2465 1123 2514 χώρα
1161 2466 1260 2503 recte
1295 2465 1453 2509 habent,
1488 2465 1557 2501 hoc
1587 2464 1667 2501 loco
1695 2464 1846 2501 fortasse
1879 2463 2076 2511 legendum
2111 2467 2164 2503 031
2188 2464 2236 2506 εἰς
2265 2466 2329 2510 τὴν
2349 2466 2529 2511 Σαὸαίτην
2550 2480 2588 2516 χ.

57 2523 116 2560 Ct'.
138 2522 217 2558 not.
243 2522 289 2558 ad
313 2521 353 2560 h.
378 2521 403 2559 1.
432 2530 467 2567 p.
495 2523 581 2558 273.

109 2577 157 2624 (*)
178 2575 368 2622 Serapidis
388 2574 546 2612 insulam
569 2575 581 2621 (
599 2574 688 2610 hod.
707 2577 889 2612 Massera
906 2586 970 2611 seu
998 2574 1230 2622 Moscirah)
1250 2575 1412 2611 incolere
1434 2573 1613 2610 dicuntur
1633 2573 1814 2621 ἅνθρωποι
1837 2574 1923 2621 ἱεροὶ
1942 2572 2172 2621 ἱχθυοεράγων
2193 2573 2206 2621 (
2224 2574 2246 2622 §
2266 2579 2311 2613 33
2335 2586 2371 2622 p.
2390 2577 2506 2622 283),
2526 2587 2592 2624 pro

59 2642 136 2679 quo
157 2631 288 2679 scripsi
311 2631 405 2679 ἄνθρ.
424 2630 591 2678 πονηροὶ,
609 2640 727 2677 quum
752 2640 796 2667 eo
821 2631 972 2667 nomine
992 2630 1130 2676 piratas
1163 2633 1296 2666 auctor
1313 2631 1444 2666 notare
1479 2629 1613 2674 soleat,
1647 2631 1685 2665 et
1715 2627 1965 2665 ferocissimos
1992 2629 2029 2665 in
2053 2628 2124 2666 hoc
2159 2632 2282 2667 tractu
2304 2631 2441 2677 piratas
2460 2632 2592 2679 degere

58 2689 218 2724 constet.
235 2687 402 2723 Fortasse
418 2686 544 2722 tamen
566 2695 588 2721 a
608 2685 789 2722 mutanda
811 2686 961 2731 vulgata
977 2684 1242 2721 abstinendum
1263 2686 1356 2721 erat.
1377 2684 1473 2721 Fieri
1490 2683 1589 2720 enim
1609 2684 1746 2730 potest,
1770 2685 1814 2720 ut
1832 2682 1963 2720 insulae
1986 2684 2097 2731 hujus
2114 2685 2294 2722 memoria
2314 2686 2486 2732 quaedam
2509 2688 2595 2724 sub·

57 2742 105 2779 sit
124 2741 268 2786 fabulis,
287 2750 380 2788 quas
409 2739 456 2776 de
480 2742 594 2777 Sacra
616 2739 694 2776 sive
718 2740 904 2776 Panchaea
929 2739 1052 2777 insula
1075 2750 1120 2776 cx
1141 2742 1324 2777 Euemero
1351 2739 1464 2776 retert
1487 2738 1694 2783 Diodorus,
1717 2738 1834 2785 utque
1845 2737 1979 2775 similia
2000 2739 2112 2776 etiam
2131 2742 2264 2776 Noster
2282 2741 2479 2787 acceperit.
2505 2744 2594 2779 Nar-

59 2798 116 2833 rat
135 2797 322 2834 Diodorus
334 2798 399 2840 VI,
428 2801 463 2840 2,
488 2797 510 2831 4
530 2796 757 2831 Euemerum
783 2795 1035 2832 ἐκπλεύσαντα
1052 2795 1094 2831 ἐκ
1112 2799 1174 2839 τῆς
1207 2795 1415 2842 εὐδαίμονος
1435 2793 1602 2841 Ἀραὸίας
1632 2794 1856 2838 ποιήσασθαι
1872 2794 1933 2831 τὸν
1951 2794 2065 2831 πλοῦν
2099 2795 2143 2831 δι’
2164 2796 2328 2832 ὠκεανοῦ
2344 2796 2485 2839 πλείους
2506 2799 2595 2845 ἠμέ-

57 2863 133 2898 ρας,
157 2851 218 2887 καὶ
240 2850 523 2899 προσενεχθῆναι
540 2849 664 2893 νήσοις
687 2850 890 2894 πελαγίαις,
923 2851 973 2887 ὧν
1005 2850 1090 2898 μίαν
1110 2851 1297 2899 ὑπερέχειν
1313 2850 1376 2894 τήν
1400 2849 1666 2897 ὀνομαζομένην
1698 2848 1909 2897 Παγχαίαν,
1945 2848 2022 2897 ἐνῇ
2049 2850 2238 2887 τεθεᾶσθαι
2267 2850 2350 2893 τοὺς
2371 2851 2593 2896 ἐνοικοῦντας

59 2905 271 2954 Παγχαίους
301 2905 469 2953 εὐσεὸείᾳ
491 2904 723 2953 διαφέροντας
744 2905 805 2941 καὶ
828 2906 910 2947 τοὺς
933 2905 1032 2947 θεοὺς
1051 2910 1232 2953 τιμῶντας
1249 2904 1650 2952 μεγαλοπρεπεστάταις
1669 2903 1822 2946 θυσίαις.
1844 2903 1947 2941 Idem
1970 2905 2018 2950 V,
2035 2907 2097 2951 41,
2119 2907 2142 2941 4
2162 2906 2358 2952 postquam
2383 2906 2431 2944 de
2458 2907 2593 2944 Arabia

60 2961 172 2998 Felici
186 2962 324 3007 egerat,
354 2961 473 3008 pergit
497 2972 507 2997 ε
526 2961 670 3005 Ταύτης
690 2961 728 2997 δὲ
747 2961 843 2998 κατὰ
861 2961 925 3003 τὰς
948 2961 1121 3008 ἐσχατιὰς
1137 2966 1199 3006 τῆς
1228 2961 1534 3009 παρωκεανίτιδος
1567 2960 1688 3008 χώρας
1715 2959 1933 3008 καταντικρὺ
1955 2963 2059 3004 νῆσοι
2076 2962 2211 2997 κεῖνται
2231 2960 2373 3003 πλείους
2390 2961 2404 3008 (
2422 2963 2592 3001 Moseira

59 3017 96 3054 et
115 3016 333 3064 propinqum
356 3015 553 3064 minores),
579 3016 630 3053 ὧν
650 3019 743 3064 τρεῖς
760 3017 850 3053 εἰσὶν
877 3015 972 3059 ἄξιαι
989 3021 1051 3061 τῆς
1068 3019 1252 3065 ἱστορικῆς
1269 3016 1492 3064 ἀναγραφῆς,
1511 3015 1578 3062 μία
1597 3015 1661 3062 μὲν
1683 3016 1706 3059 ἡ
1727 3015 2066 3063 προσαγορευομένη
2087 3014 2212 3062 ἱερὰ,
2236 3015 2316 3051 καθ’
2334 3015 2377 3059 ἣν
2393 3015 2459 3052 οὐκ
2480 3016 2591 3059 ἔξεστι

58 3071 140 3114 τοὺς
154 3070 452 3117 τετελευτηκότας
469 3070 628 3117 θάπτειν,
655 3072 760 3119 ἑτέρα
779 3071 816 3108 δὲ
832 3072 988 3116 πλησίον
1014 3071 1163 3120 ταύτης,
1181 3074 1229 3115 εἷς
1251 3073 1294 3117 ἣν
1307 3072 1498 3120 κομίζουσι
1514 3071 1560 3107 τὰ
1577 3071 1735 3118 σώματα
1760 3074 1832 3107 τῶν
1852 3069 2107 3107 ἀποθανόντων
2129 3074 2239 3115 ταφῆς
2264 3070 2448 3113 ἀξιοῦντας
2469 3072 2482 3114 (
2502 3073 2591 3109 Haec

59 3124 145 3164 ficta
166 3126 211 3163 ad
230 3126 512 3164 similitudinem
533 3137 665 3164 eorum
696 3136 781 3173 quae
804 3127 852 3163 de
878 3127 969 3164 Delo
990 3130 1027 3165 et
1053 3127 1220 3165 Rhenaea
1238 3129 1376 3165 scimus
1395 3129 1423 3175 ).
1448 3129 1535 3166 Fert
1556 3127 1678 3164 insula
1699 3137 1805 3164 sacra
1830 3127 1935 3171 thus,
1955 3127 2168 3173 myrrham,
2200 3126 2270 3162 alia
2294 3129 2470 3162 aromata.
2490 3127 2589 3163 Thu·

59 3181 108 3217 ris
127 3181 236 3217 arbor
256 3181 398 3229 δένδρον
414 3182 491 3219 ἐστὶ
514 3186 566 3230 τῷ
585 3182 648 3230 μὲν
671 3182 810 3230 μεγέθει
829 3183 970 3231 μικρὸν,
989 3187 1044 3237 ,τῇ
1061 3183 1099 3220 δὲ
1117 3182 1296 3231 προσόψει
1321 3188 1366 3232 τῇ
1391 3183 1528 3231 ἀκάνθῃ
1541 3187 1584 3231 τῇ
1606 3182 1786 3232 Αἰγυπτίᾳ
1803 3186 1847 3230 τῇ
1865 3183 1974 3230 λευκῇ
1990 3182 2256 3230 παρεμφερὲς...
2284 3181 2327 3218 Ὁ
2342 3181 2379 3218 δὲ
2394 3182 2588 3225 λιὸανωτὸς

59 3236 79 3273 ὁ
94 3235 300 3285 γιγνόμενος
323 3237 358 3281 ἐξ
382 3238 494 3275 αὐτοῦ
518 3237 678 3281 ὀπίζεται
695 3240 743 3280 ὡς
765 3239 809 3275 ἂν
831 3238 999 3287 δάκρυον.
1020 3242 1116 3276 Cum
1134 3239 1271 3285 quibus
1286 3239 1412 3277 confer
1425 3250 1510 3287 quae
1525 3238 1572 3276 (10
1590 3238 1720 3275 eadem
1742 3238 1874 3275 arbore
1888 3238 1922 3274 in
1948 3236 2226 3274 mediterraneis
2244 3236 2390 3273 Arabiae
2414 3239 2589 3275 nascente

58 3291 159 3340 apud
177 3292 391 3341 Nostrum§
412 3299 456 3332 29
473 3295 647 3340 leguntur
671 3310 679 3332 z
697 3294 805 3331 Ἔστι
822 3296 860 3332 δὲ
879 3296 925 3332 τὰ
945 3295 1070 3344 δένδρα
1092 3296 1138 3331 τὰ
1157 3295 1431 3343 λιὸανωτοφόρα
1451 3296 1493 3331 οὐ
1521 3294 1659 3341 μεγάλα
1678 3294 1758 3330 λίαν
1777 3293 1858 3330 οὐδὲ
1875 3293 2058 3341 ὑψηλά,...
2082 3293 2130 3335 ὥς
2147 3291 2299 3328 τινακαὶ
2318 3294 2391 3327 τῶν
2407 3290 2491 3338 παρ’
2504 3293 2588 3344 ἡμῖν

60 3347 96 3384 ἐν
116 3347 289 3396 Αἰγύπτῳ
310 3349 461 3398 δένδρων
477 3350 623 3399 δακρύει
639 3350 680 3388 τὸ
695 3351 824 3398 κόμμι.
846 3350 918 3388 Sed
939 3351 1090 3399 propius
1119 3351 1165 3387 ad
1188 3361 1265 3388 rem
1290 3354 1454 3387 nostram
1476 3350 1635 3398 pertinet
1659 3349 1757 3395 quod
1777 3348 1961 3386 Diodorus
1990 3358 2024 3384 c.
2046 3350 2107 3393 42,
2127 3351 2139 3384 1
2165 3346 2241 3383 ait:
2264 3347 2303 3383 τὸ
2320 3346 2357 3383 δὲ
2375 3346 2509 3388 πλάτος
2526 3351 2588 3392 τῆς

59 3402 176 3447 νήσου
198 3404 303 3448 φασὶν
318 3404 408 3441 εἶναι
428 3404 588 3442 σταδίων
609 3408 657 3448 ὡς
681 3406 881 3443 διακοσίων
908 3418 916 3442 :
938 3409 994 3443 tot
1016 3407 1115 3443 enim
1144 3406 1330 3453 Serapidis
1350 3406 1494 3452 insulae,
1516 3405 1628 3451 idque
1650 3404 1738 3440 satis
1765 3405 1878 3449 recte,
1904 3403 1941 3439 in
1962 3402 2102 3450 periplo
2121 3401 2363 3446 tribuuntur-3
2388 3401 2589 3448 longitudi-

60 3467 144 3494 nem
165 3457 295 3494 insulae
314 3461 446 3496 Noster
471 3461 675 3498 stadiorum
701 3466 773 3499 600
802 3472 881 3499 0330
895 3462 1005 3508 dicit,
1022 3472 1141 3509 quum
1163 3462 1210 3499 sit
1238 3462 1313 3499 fere
1333 3463 1380 3499 st.
1412 3465 1497 3499 450.
1512 3481 1559 3487 -
1582 3459 1754 3497 Incolunt
1775 3459 1994 3496 Panchaeam
2024 3457 2096 3495 ins.
2129 3457 2321 3495 Panchoeae
2338 3456 2533 3504 indigenae,
2553 3456 2591 3494 et

59 3511 216 3554 advenae
239 3513 440 3558 Oceanitae‚
459 3516 611 3562 Scythae
634 3518 672 3553 et
696 3518 914 3562 Cretenses;
935 3527 1043 3554 mons
1066 3517 1231 3565 Οὐρανοῦ
1254 3516 1371 3565 δίφρος
1394 3518 1431 3552 et
1443 3515 1629 3561 Τριφύλιος
1646 3513 1859 3561 Ὄλυμπος;
1890 3512 1981 3550 urbs
2007 3514 2165 3556 Panara,
2186 3512 2223 3548 et
2244 3510 2314 3546 alia
2333 3509 2404 3547 tria
2425 3510 2587 3558 oppida:

61 3566 232 3614 Hyracia,
259 3568 372 3613 Dalis,
393 3570 563 3607 oceanis.
585 3572 718 3608 Noster
737 3582 826 3608 vero
842 3574 918 3609 tres
939 3572 1043 3609 vicos
1058 3573 1096 3608 in
1115 3572 1301 3619 Serapidis
1320 3571 1389 3608 ins.
1421 3582 1498 3608 esse
1516 3572 1655 3607 narrat.
1688 3571 1872 3607 Massera
1892 3570 2021 3605 autem
2050 3566 2180 3604 insulae
2199 3564 2495 3614 promontorium
2520 3576 2588 3601 au-

59 3622 173 3659 strale
201 3624 276 3659 Bas
298 3623 564 3668 Bir-Rassas,
590 3636 712 3672 prom.
734 3627 882 3664 boreale
904 3627 942 3664 in
966 3637 1100 3675 mappa
1117 3627 1265 3665 Arabiae
1286 3628 1557 3675 Ber-ghausiana
1575 3631 1653 3665 Ras
1678 3625 1788 3672 Ale'f;
1804 3635 1890 3662 cum
1908 3624 2042 3671 quibus
2065 3625 2239 3670 Hyracta
2252 3625 2289 3659 et
2308 3622 2421 3659 Datis
2438 3621 2587 3657 nomina

55 3678 234 3726 componi
253 3679 405 3725 possint.
425 3703 471 3710 —
488 3682 599 3725 Quod
615 3683 660 3720 de
685 3684 815 3721 incolis
837 3685 1034 3722 Panchacae
1054 3697 1074 3723 e
1091 3686 1249 3723 diversis
1270 3686 1442 3734 gentihus
1459 3683 1585 3720 mixtis
1602 3681 1787 3719 Diodorus
1802 3681 1927 3726 habet,
1950 3690 2024 3716 non
2040 3679 2200 3715 alienum
2218 3676 2330 3714 estab
2350 3676 2488 3720 insula,
2503 3685 2587 3721 quac

61 3736 187 3781 aptam
214 3734 336 3771 nautis
358 3735 556 3773 stationem
569 3739 772 3784 praebebat.
795 3740 973 3778 Similiter
994 3741 1029 3778 111
1055 3741 1279 3778 Dioscoridis
1294 3741 1414 3778 insula
1434 3741 1446 3786 (
1464 3741 1648 3783 socoera;
1669 3737 1788 3774 beata
1806 3736 1969 3781 insula)
1990 3736 2028 3772 et
2044 3734 2182 3771 Arabes
2200 3735 2237 3770 et
2253 3734 2403 3769 Graecos
2418 3733 2454 3767 et
2475 3728 2586 3767 ludos

61 3788 246 3825 habitasse
265 3800 286 3826 e
309 3790 450 3836 periplo
467 3793 599 3829 nostro
610 3793 802 3831 discimus,
820 3798 897 3834 Nec
920 3807 994 3833 non
1017 3796 1309 3844 Agatharchides
1329 3796 1351 3844 §
1379 3801 1441 3832 103
1465 3805 1499 3841 p.
1525 3798 1586 3831 191
1610 3794 1656 3830 de
1682 3792 1799 3830 beatis
1818 3791 1947 3828 insulis
1974 3790 2118 3828 Arabiae
2136 3787 2286 3825 australi
2304 3784 2582 3831 adjacentibus:

60 3844 122 3881 ‘Ev
143 3844 291 3889 ταύταις
314 3850 391 3889 ταῖς
418 3846 556 3895 νήσοις,
576 3848 711 3896 inquit,
741 3850 826 3886 ἰδεῖν
848 3850 945 3889 ἔστιν
962 3853 1145 3901 ὁρμούσας
1170 3853 1366 3902 ἐμπορικὰς
1382 3855 1454 3887 τῶν
1472 3850 1700 3898 προσχώρων
1718 3847 1865 3895 σχεδίας
1880 3876 1890 3892 ,
1913 3846 2083 3886 πλείστας
2108 3845 2170 3891 μὲν
2193 3843 2324 3903 ἐκεῖθεν
2341 3840 2383 3876 οὗ
2411 3839 2580 3901 κατεστή·

61 3911 152 3937 σατο
179 3901 278 3948 παρὰ
303 3902 364 3938 τὸν
394 3901 504 3939 Ἰνδὸν
528 3904 693 3951 ποταμὸν
716 3905 736 3941 ὁ
758 3904 975 3954 Ἀλέξανδρος
996 3908 1241 3956 ναύσταθμον,
1269 3909 1337 3944 οὐκ
1362 3906 1483 3951 ὀλίγας
1501 3905 1538 3940 δὲ
1553 3904 1625 3940 ἀπὸ
1647 3908 1709 3946 τῆς
1739 3901 1910 3948 Περσίδος
1936 3901 1996 3937 καὶ
2018 3897 2223 3945 Καρμανίας
2251 3908 2311 3931 και
2329 3897 2583 3953 τῆςισιυνξΥΥῩς

61 3955 194 4000 πάσης.
224 3957 395 4004 Denique
416 3958 567 3995 videant
587 3959 792 3996 indicarum
812 3960 1023 4007 linguarum
1049 3965 1153 4010 periti
1171 3975 1217 4001 an
1235 3974 1309 4000 non
1332 3963 1358 3999 Ἱ
1373 3964 1449 4009 ερα
1472 3964 1580 4002 νῆσος
1607 3959 1703 4005 allud
1727 3957 1933 3994 D10dO¹'¹¹¹¹¹
1957 3955 2007 3991 Sit
2027 3950 2276 3997 intespsssffl‘ffl
2305 3956 2462 3983 '¹⁰¹¹''n's
2485 3945 2583 4011 ἀφ’

64 4011 96 4046 01
122 4014 304 4050 Met-sera
327 4014 404 4050 sive
428 4016 631 4052 nlo-seem.
656 4017 751 4059 Quae
781 4016 931 4063 quidem
956 4020 1115 4066 suspicio
1135 4019 1220 4056 inde
1246 4018 1335 4055 mihi
1368 4015 1604 4054 subnascitur
1624 4013 1723 4059 quod
1756 4011 1793 4047 in
1821 4010 1915 4056 regis
1943 4008 2052 4044 indici
2088 4005 2247 4064 nominc.
2266 4005 2347 4049 Σιρο
2368 4001 2583 4047 πτολεμαιος

65 4064 195 4113 (apud
219 4069 466 4106 Ptolemaeum
482 4071 565 4117 VH,
587 4075 619 4117 1,
640 4071 714 4118 82)
738 4070 910 4107 voculam
936 4074 1018 4120 Σιρο
1040 4073 1159 4111 indice
1170 4075 1359 4112 sanctum
1375 4070 1578 4118 significare
1594 4070 1720 4105 monet
1734 4066 1919 4112 Benseyus
1937 4063 2001 4111 (v.
2018 4064 2093 4098 not.
2116 4059 2159 4095 atl
2174 4058 2301 4106 ρει-1111.
2322 4054 2403 4104 §50
2423 4065 2459 4103 p.
2480 4056 2580 4102 294).
