2756 4354
650 59 693 104 Ο

123 190 264 224 ΒΧΧΙΙ
466 203 513 246 ,

124 274 314 326 Devade,
322 270 629 329 [πεζοι-σιὰ,
642 266 864 326 Carphati,
881 264 1039 308 insulae
1048 262 1178 314 Alea,
1190 263 1357 304 Amna-

124 350 305 402 methus,
340 363 449 408 gens
465 348 652 399 Darroe,·
676 343 835 387 Insuloe
865 339 1127 391 Chelonite‘s,
1150 335 1358 391 Ichthyo-

119 427 303 487 phagon
311 426 475 476 muleoe,
488 422 680 468 Odanda
691 420 880 471 deserta,
887 417 1006 459 Basa
1013 413 1359 468 deserta,muleoe

124 498 396 551 Sabaeorum,
409 498 606 554 stamma
630 492 827 543 Thanar,
846 493 1066 543 Amnum,
1091 488 1252 531 Insulas
1269 488 1356 532 Do·

124 582 244 630 re'cae,
261 573 417 632 sontes
433 573 653 620 Daulotos,
678 570 816 611 Dora.
833 566 1006 609 Insula
1020 565 1187 617 Pteros,
1210 564 1358 608 Laba·

126 656 258 703 tanis,
293 650 492 699 Coboris,
528 641 846 688 Sambrachate
879 649 925 684 et
963 641 1171 699 oppidum
1205 641 1357 684 eodem

126 730 301 769 nomine
333 727 379 765 ia
409 723 669 764 continente.
700 719 741 759 A
774 715 958 759 meridie
995 717 1153 758 insula.-
1185 717 1349 767 muleoe,

125 813 336 843 maa-uma
373 797 554 840 Camari
566 810 579 848 ;
604 793 779 849 stamen
799 793 1046 845 Musecros,
1066 801 1218 851 portus
1243 793 1357 834 Lau·

120 889 224 934 pas.
265 873 456 915 Scem'eoe
483 869 638 912 Saba-1·
644 882 663 921 3
705 868 864 910 insula·
903 867 1082 919 mu11oe3
1117 870 1358 929 empon'am

123 965 266 993 corum
302 949 456 1000 Acila,
481 961 540 989 ea·
576 960 660 1002 quo
692 947 737 986 ἱη
760 944 940 987 Iade’am
979 946 1227 1000 navigatur.

188 1023 292 1067 Haec
301 1022 443 1081 igitur
459 1021 520 1066 ita
535 1018 719 1073 liabent,
730 1027 781 1063 ut
796 1016 1036 1062 reserenda
1047 1014 1289 1060 videantur
1302 1013 1360 1059 ad

123 1114 269 1153 oram,
310 1111 412 1157 quae
462 1111 488 1140 a
526 1094 650 1139 Cane
694 1092 838 1138 fluvio
874 1091 1090 1152 deinceps
1131 1091 1358 1151 sequitur.

125 1174 282 1234 ltaque
309 1171 548 1218 Forsterus
578 1170 638 1224 11,
662 1185 710 1231 p.
737 1170 828 1214 226
854 1166 1189 1230 Epimaranitas
1219 1166 1361 1213 Plinii

124 1248 359 1310 componit
377 1262 480 1292 cum
502 1246 706 1291 Anat-itis
724 1242 979 1298 Ptolemaei,
1005 1258 1150 1304 porro
1173 1242 1361 1302 Epima-

125 1323 296 1370 ranitas
311 1336 395 1384 per
406 1335 698 1379 anagramma
716 1318 809 1364 dici
833 1328 985 1363 censet
1007 1333 1091 1378 pro
1118 1316 1362 1363 Rhamani·

126 1398 185 1445 tis
223 1399 238 1458 (
259 1397 335 1441 the
351 1399 512 1456 pcople
542 1394 603 1451 os
618 1395 806 1448 Ramale,
842 1394 1074 1451 Rhe-gama
1097 1392 1111 1452 (
1137 1391 1254 1437 Ptol.
1276 1394 1288 1451 )
1314 1409 1367 1437 or

124 1472 292 1517 Rhums
322 1472 363 1531 ),·
430 1473 602 1515 Acilam
651 1478 801 1514 autem
853 1467 1113 1528 emporium
1179 1466 1364 1513 nomine

127 1556 174 1592 et
198 1546 290 1591 situ
325 1543 604 1606 respondere
637 1542 863 1588 hodierno
899 1545 960 1586 Al
993 1542 1113 1601 Cete',
1152 1541 1275 1602 quod
1316 1543 1363 1587 in

130 1637 295 1683 mappa
322 1636 405 1666 sua
436 1619 672 1665 forsterus
706 1619 838 1679 ponit
870 1633 897 1663 a
921 1621 1123 1663 Mascaee
1144 1618 1363 1663 orientem

127 1711 288 1741 versus
314 1711 369 1740 eo
393 1695 440 1740 in
459 1695 561 1739 loco
580 1693 660 1739 ubi
680 1695 728 1739 in
752 1693 858 1739 aliis
881 1691 1048 1738 tabulis
1071 1702 1254 1737 notatur
1275 1696 1367 1738 Bas

127 1774 291 1817 Rea-aa
308 1780 359 1816 et
383 1771 509 1830 regio
541 1772 606 1813 Al
618 1770 826 1826 Catares.
856 1767 932 1812 Sic
959 1770 1113 1812 omnia
1138 1767 1232 1821 illa,
1265 1783 1366 1828 quae

126 1861 184 1892 ex
202 1845 359 1891 Plinio
378 1844 705 1906 adscripsiums
719 1878 730 1896 ,
754 1842 811 1888 ad
838 1841 1024 1887 brevem
1043 1857 1140 1887 orae
1173 1851 1365 1887 tractum

131 1920 430 1982 pertinerent,
448 1934 583 1980 quem
600 1917 722 1964 Juba
738 1916 1022 1975 incognitum
1047 1916 1182 1972 dixit,
1202 1917 1248 1962 in
1274 1933 1366 1975 quo

129 1995 403 2042 Ptolemaeus
418 1996 602 2041 nonnisi
626 1995 719 2040 duo
745 1994 876 2039 novit
893 1993 1084 2055 oppida,
1109 1993 1369 2052 Rhegmana

128 2081 173 2117 et
201 2069 393 2133 Κρυπτὸν
435 2068 584 2129 λιμένα
622 2069 701 2129 (h.
733 2071 912 2113 Manae
934 2070 965 2127 ),
988 2078 1032 2113 et
1065 2067 1196 2128 cujus
1221 2068 1369 2128 major

129 2159 254 2207 pars,
275 2145 440 2206 piratis
470 2145 659 2199 infesta,
685 2142 896 2189 Arabicis
927 2142 1199 2204 geographis
1216 2143 1369 2202 ignota

130 2222 224 2267 sere
245 2231 366 2277 erat,
388 2221 522 2266 sicuti
549 2222 684 2266 etiam
706 2235 827 2266 nunc
851 2229 1025 2264 tantum
1047 2234 1139 2264 non
1162 2230 1226 2264 est
1250 2229 1370 2264 terra

127 2296 377 2356 incognita.
411 2296 507 2341 Hoc
530 2311 641 2342 vero
665 2297 832 2341 mirum
850 2310 950 2341 esse
981 2294 1185 2351 dixeris3
1205 2295 1371 2341 deinde

129 2382 278 2418 autem
307 2388 487 2433 quaeras
507 2374 588 2432 qui
615 2373 692 2417 fiat
716 2382 764 2417 ut
794 2371 1002 2429 Plinius,
1026 2371 1083 2416 de
1102 2371 1370 2432 inhospitali

130 2446 216 2492 ista
250 2446 386 2509 plaga
415 2445 698 2505 uberrimus,
733 2461 859 2491 oram
895 2449 1023 2491 sinus
1043 2444 1247 2502 Arabici,
1269 2462 1371 2507 quae

130 2536 225 2582 prae
242 2521 405 2566 ceteris
431 2530 538 2566 nota
554 2531 668 2575 erat,
701 2520 782 2565 vix
798 2520 889 2564 levi
914 2519 1132 2565 bracchio
1157 2521 1369 2579 tetigerit.

130 2596 279 2642 Porro
313 2611 453 2656 quum
490 2598 536 2640 in
571 2594 869 2655 sequentibus
914 2605 1135 2640 memoret
1167 2598 1372 2640 Nauma-

129 2672 354 2716 choeomm
382 2672 497 2730 (leg.
524 2686 624 2715 cum
647 2669 849 2715 Barbaro
860 2672 1039 2726 &Iaca-‚³3
1062 2672 1217 2714 horum
1234 2672 1246 2729 )
1262 2688 1373 2730 pro-

131 2751 391 2790 montorium
413 2757 563 2789 contm
588 2747 874 2791 Carmaniam
902 2746 1018 2804 (Κατ
1034 2746 1318 2789 Mussemlum
1336 2746 1370 2806 ),

131 2829 178 2866 et
208 2825 379 2881 Ogyria
406 2822 594 2863 Insulam
630 2818 855 2881 (omma)
884 2834 895 2865 :
932 2834 985 2863 ea
1020 2834 1111 2863 non
1149 2818 1236 2865 hoc
1271 2820 1373 2866 loco

131 2893 426 2941 memoranda
460 2894 675 2949 fuissent,
700 2893 778 2939 sed
803 2895 851 2938 in
886 2893 1288 2951 antecedentibus,
1333 2897 1372 2941 si

132 2968 318 3032 quidem
365 2968 676 3014 antecedentia
707 2968 763 3014 ad
796 2969 914 3014 latus
942 2969 1123 3015 Arabiae
1156 2971 1375 3018 orientale

131 3045 433 3108 pertinerent.
457 3044 537 3090 vel
566 3044 662 3091 haec
689 3045 831 3105 igitur
866 3045 1059 3091 suadent
1091 3047 1139 3091 in
1167 3047 1375 3094 Pliniana

132 3121 396 3168 narratione
408 3120 637 3167 turbatum
653 3122 829 3182 aliquid
843 3137 941 3167 esse
956 3139 968 3178 ;
985 3122 1124 3183 idque
1137 3124 1317 3168 manifes
1332 3134 1375 3170 to

134 3206 340 3259 apparet,
364 3199 403 3243 si
420 3196 630 3243 locorum
645 3199 835 3243 nomina
852 3213 989 3259 supra
1002 3197 1230 3259 adscripta
1246 3214 1374 3244 accu-

140 3274 284 3320 ratius
314 3274 688 3336 perlustraveris.
714 3274 817 3329 Quo
848 3274 965 3320 sacto
995 3274 1126 3320 facile
1160 3275 1376 3334 intelligis

135 3349 192 3394 ad
227 3350 380 3396 sinum
418 3350 651 3397 Persicum
678 3350 795 3397 nihil
834 3350 1064 3413 pertinere
1101 3350 1190 3396 nisi
1228 3351 1376 3413 prima

138 3424 306 3472 verba:
332 3430 375 3470 A
398 3429 588 3484 stamine
616 3429 756 3473 Cam's
770 3461 784 3485 ‚
829 3438 877 3472 ut
895 3429 1027 3481 Iuba,
1070 3443 1194 3472 mom
1223 3429 1378 3472 adusto

15 3505 18 3508 ’
63 3539 73 3542 -
133 3502 312 3555 similis,
354 3501 432 3560 qui
468 3501 654 3561 quidem
689 3518 821 3548 mons
843 3502 964 3547 haud
987 3501 1128 3547 dubie
1154 3512 1221 3548 est
1258 3518 1378 3563 pro-

122 3575 415 3639 montorium
442 3576 537 3622 Soli
562 3593 739 3623 sacrum
760 3579 773 3640 (
793 3579 883 3640 ἱερὰ
903 3577 1051 3624 Ἡλίου
1071 3578 1223 3639 ἄκρα),
1250 3577 1375 3638 quod

112 3647 239 3713 'post
282 3648 442 3695 Larem
491 3650 679 3697 fluvium
723 3651 860 3698 habet
899 3652 1171 3698 Ptolemaeus
1207 3652 1284 3708 Vl,
1329 3670 1375 3714 7,

132 3738 183 3786 p.
223 3722 334 3777 405.
365 3725 478 3779 Quae
512 3724 727 3785 deinceps
757 3736 1028 3787 sequuntur,
1073 3728 1223 3772 sinum
1263 3730 1378 3772 Ara-

131 3797 288 3846 hicum
299 3799 509 3860 attinent,
520 3815 574 3845 cu
575 3799 653 3859 jus
668 3799 724 3845 ad
739 3801 962 3846 intumum
977 3816 1202 3847 recessum
1217 3804 1378 3847 Mara·

133 3878 247 3920 m'eae
263 3871 543 3930 habitarunt,
562 3874 623 3928 ‚ad
643 3874 792 3921 fauces
813 3891 926 3921 vero
962 3876 1098 3921 sitnm
1122 3886 1220 3921 erat
1239 3879 1375 3921 Acila

134 3948 391 4009 emporium
430 3945 640 4008 (Ὂκηλις
683 3948 973 4005 Ptolemaeus,
1011 3950 1098 3995 An.
1147 3950 1249 3995 Per.
1292 3950 1366 3996 Er.

137 4036 235 4066 mar
260 4056 273 4079 ,
312 4032 356 4068 et
379 4022 479 4085 ipse
499 4021 681 4070 Plinius
695 4022 775 4083 Vl,
796 4023 874 4083 26,
904 4031 983 4077 rof.
1011 4042 1020 4069 :
1052 4027 1187 4069 Indos
1207 4037 1370 4085 peten-

1145 160 1618 215 memnonem.

1420 259 1533 304 abus
1547 257 1827 303 unless-Imma
1845 266 1912 301 ese
1925 257 1985 301 ab
2001 256 2126 301 Oceli
2136 254 2318 314 egredi),
2345 253 2411 299 uti
2430 252 2630 314 Agathan·
2648 267 2650 269 ’

1420 332 1579 380 chides
1612 342 1659 379 et
1689 331 2007 379 Artemidorus
2035 329 2356 392 prodiderunt.
2377 328 2525 376 Causa
2543 346 2603 376 v
2638 355 2643 370 .

1419 424 1504 455 cur
1534 423 1628 455 non
1651 410 1824 453 monito
1846 407 2017 453 lectore
2033 406 2246 453 Pliniana
2273 404 2477 451 narratio
2497 419 2526 451 a
2546 404 2584 451 P
2598 429 2614 442 a
2635 405 2662 467 q,

1420 488 1515 532 sico
1529 485 1635 531 sinu
1650 484 1708 530 ad
1731 484 1976 530 Arabicum
2002 481 2157 529 subito
2180 481 2424 537 transiliat,
2450 496 2544 527 non
2565 490 2672 550 taq.

1421 560 1470 606 in
1490 559 1729 607 codicibus
1748 561 1911 606 lacuna
1938 558 2112 605 mutilis
2128 557 2420 619 quaesiverim
2441 572 2578 619 quam
2606 570 2676 629 ¹2«.

1420 646 1549 682 sueta
1566 635 1766 682 auctoris
1788 634 2049 680 festinantia
2081 642 2126 678 et
2151 632 2410 679 oscitantia.
2428 631 2609 678 Nimiru
2641 657 2667 686 ι,

1421 726 1563 772 quum
1588 720 1688 772 post
1709 709 1877 755 Canem
1905 708 2096 754 fluvium
2116 707 2325 753 Anaritas
2347 706 2567 753 collocari
2586 721 2661 754 re-
2683 735 2695 743 ’-

1421 786 1639 847 perisset,
1659 800 1739 831 eos
1760 799 1863 830 cum
1893 783 2129 829 Maranitis
2162 782 2254 827 alio
2286 782 2335 827 in
2363 781 2466 828 loco
2489 783 2694 846 memo-K

1422 863 1531 907 ratis
1570 860 1833 907 confudisse
1849 870 1896 906 et
1924 860 1992 906 sic
2023 860 2278 919 incongrua
2295 858 2508 920 junxisse
2532 851 2690 917 vide&

1423 944 1513 984 tur.
1532 934 1743 981 Ceterum
1774 934 1891 980 illud
1914 951 1926 979 2
1955 937 2115 979 Gentes
2152 937 2479 994 Epe'maranitoe
2509 945 2663 988 ortum

1423 1012 1635 1071 suspicor
1656 1024 1712 1055 ex
1736 1009 1897 1068 graecis
1917 1008 1991 1054 vel
2015 1007 2277 1070 depravatis
2297 1009 2371 1055 vel
2391 1010 2508 1056 male
2525 1026 2553 1055 a
2574 1010 2667 1058 Pli-

1425 1086 1503 1132 nio
1520 1086 1650 1131 lectis
1674 1102 1684 1130 :
1712 1084 1806 1140 ἔθνη
1830 1083 1918 1128 ἐστὶ
1938 1084 2203 1146 Μαρανῖταις
2226 1084 2347 1131 haud
2369 1086 2507 1132 semel
2538 1087 2664 1133 enim

1424 1161 1649 1223 ejusmodi
1662 1162 1778 1207 vitia
1793 1159 1914 1223 apud
1926 1160 2126 1206 Plinium
2142 1170 2408 1216 occurrunt,
2424 1161 2559 1221 utvl,
2585 1163 2663 1222 25,

1425 1237 1507 1284 ubi
1546 1252 1693 1298 graeca
1715 1235 1829 1299 παρὰ
1860 1235 2020 1288 Βὲστην
2045 1233 2270 1298 παραρρέει
2298 1234 2552 1282 redduntur
2564 1251 2669 1283 ver·

1426 1312 1500 1359 bis
1529 1315 1801 1358 parabesten
1817 1312 2115 1371 praeterfluit(
2136 1309 2185 1355 V.
2210 1309 2425 1370 Prolegg.
2450 1310 2507 1356 ad
2527 1310 2668 1361 Isido-

1428 1403 1530 1433 rum
1555 1387 1744 1433 Charac.
1766 1388 1799 1446 ).
1820 1385 1997 1430 —Post
2020 1385 2265 1430 Maranitas
2294 1395 2550 1446 sequuntur
2564 1385 2667 1433 leh-

1429 1462 1942 1525 thyolibagi(Haten1iQ,
1966 1461 2021 1506 ad
2056 1476 2172 1521 quos
2200 1461 2429 1522 pertinere
2454 1461 2670 1514 videntur

1428 1538 1660 1599 Bathymi,
1703 1539 1984 1596 Βαθυμανεῑς,
2032 1534 2394 1595 Agatharchidis.
2456 1538 2671 1582 Eblieoeoe

1429 1625 1594 1658 montes
1608 1613 1778 1659 dixerit
1793 1620 2049 1674 praeruptos
2076 1611 2270 1655 vertices
2299 1625 2421 1671 pone
2439 1610 2548 1671 hpd.
2566 1614 2671 1660 Mo·

1430 1690 1526 1733 ilah
1545 1689 1672 1744 sitos,
1693 1703 1890 1749 quorum
1915 1685 2270 1745 Agatharchides
2297 1700 2482 1747 quoque
2503 1686 2697 1741 metui-„-¹

1433 1765 1518 1810 nit.
1548 1766 1760 1808 Omoenus
1790 1763 1888 1808 sive
1920 1765 2110 1805 Omenus
2131 1765 2205 1818 (v.
2239 1761 2377 1820 lect.)
2412 1760 2567 1808 insula
2616 1784 2618 1786 ·

1433 1838 1563 1885 Αἴνου
1603 1840 1725 1892 νῆσος
1773 1835 2005 1882 Ptolemaei
2021 1870 2033 1890 ,
2058 1833 2281 1880 hodierna
2324 1837 2525 1881 Namda.
2569 1834 2638 1883 Vo

1430 1930 1500 1958 om
1530 1928 1650 1975 saepe
1674 1911 1939 1958 nominibus
1959 1911 2244 1972 praefigitur3
2270 1911 2337 1957 sic
2356 1911 2477 1965 inter
2496 1911 2676 1973 insulan.

1431 1989 1571 2051 hujus
1605 2000 1775 2036 tractus
1817 1998 1924 2034 sunt
1972 1990 2356 2044 One-el-Hassam',
2400 1985 2707 2048 Om-gi'emlgs.

1438 2070 1537 2111 Om·
1524 2082 1628 2111 --ros
1645 2065 1815 2111 Contra
1828 2068 2009 2110 Namdn
2021 2064 2142 2126 jacet
2158 2067 2247 2108 Bas
2262 2066 2509 2120 Massarib5
2526 2072 2678 2128 prope
2694 2057 2706 2091 '³

1434 2142 1558 2203 quod
1577 2142 1681 2189 sort.
1702 2151 1799 2187 erat
1818 2156 2012 2203 sequens
2034 2139 2155 2202 apud
2180 2139 2381 2186 Plinium
2400 2150 2560 2202 portus
2576 2142 2695 2188 Mo*

1434 2212 1610 2264 chorbe
1647 2218 1760 2264 Post
1787 2217 1883 2263 haec
1901 2227 2116 2263 notantur
2138 2217 2328 2273 insulae,
2354 2215 2524 2278 quibus
2539 2232 2592 2263 su
2640 2205 2697 2278 uis

1435 2294 1603 2354 cuique
1618 2292 1769 2338 locum
1794 2292 1964 2338 certius
1986 2292 2224 2351 assignare
2239 2306 2332 2337 non
2351 2290 2513 2338 audeo.
2535 2291 2630 2338 Jux
2666 2281 2696 2330 's

1436 2383 1564 2414 oram
1589 2382 1785 2428 pergens
1803 2370 2000 2412 Issuram
2017 2381 2264 2426 agnoscere
2285 2375 2472 2428 putares
2488 2367 2539 2415 in
2562 2366 2656 2414 hod

1435 2443 1686 2498 Sayoumh,
1708 2452 1753 2487 et
1774 2442 2072 2505 Rhinnoeam(
2094 2445 2319 2486 Hnnoeam
2338 2440 2542 2502 ν.1.)ἱιι
2560 2440 2612 2488 h
2635 2466 2640 2479 =

1436 2518 1658 2570 Rleiakah,
1684 2516 1783 2571 vel,
1809 2531 1949 2576 quum
1970 2531 2022 2560 ea
2045 2517 2298 2577 perexigua
2318 2516 2394 2571 sit,
2421 2516 2469 2561 in
2489 2514 2699 2582 Ζυγιιιίν.Ι

1438 2593 1690 2652 Ptolemaei,
1708 2591 1815 2639 hod.
1838 2594 2069 2645 Hassanie,
2095 2591 2246 2637 insula
2261 2591 2471 2653 apprime
2490 2593 2698 2655 compi--

1438 2683 1538 2712 cua.
1550 2667 1675 2712 Nihil
1697 2676 1849 2711 tamen
1857 2666 2219 2723 asseveraveris3
2243 2681 2347 2711 nam
2362 2669 2511 2711 e'asala
2522 2672 2699 2727 praa-5,

1440 2758 1532 2798 ma,
1559 2748 1604 2786 in
1627 2758 1714 2801 qua
1739 2747 1905 2801 sch'pta
1922 2752 2025 2786 sum
2039 2745 2167 2786 stela·
2190 2744 2383 2802 IaJu‘deoe
2403 2745 2543 2788 literis
2558 2742 2697 2791 inco·

1437 2821 1595 2875 gaitis,
1627 2817 1709 2861 vix
1724 2816 1815 2861 alia
1833 2827 1901 2862 est
1919 2831 2054 2877 quam
2072 2815 2216 2868 Ὶσιδις
2234 2820 2376 2875 ν’ἥσος,
2395 2819 2586 2864 παλαιῶν
2613 2817 2702 2872 ok,

1440 2894 1539 2938 κιῶν
1562 2893 1717 2954 ἔχουσα
1741 2893 2009 2953 {mom-nepa<
2035 2892 2105 2939 καὶ
2141 2894 2295 2949 στήλας
2317 2893 2537 2957 γράμμασι
2568 2894 2688 2959 βαρ-ζι

1441 2968 1623 3029 6αρικοῑς
1635 2967 1977 3030 κεχαραγμένας
1995 2969 2091 3015 haec
2107 2978 2256 3015 autem
2278 2985 2418 3029 quum
2432 2984 2525 3016 una
2538 2969 2601 3017 sit
2619 2976 2698 3032 “j¹

1442 3042 1696 3103 majoribus
1736 3044 1899 3089 insulis
1927 3055 2030 3089 ante
2053 3045 2204 3090 sinum
2232 3044 2521 3091 AElaniticum
2551 3044 2681 3106 posi-

1442 3120 1516 3173 tis,
1559 3119 1779 3177 suspicari
1811 3119 1916 3163 licet
1939 3119 2097 3163 eodem
2137 3118 2398 3165 referendas
2428 3118 2695 3166 esseetiam

1444 3192 1618 3238 isuram
1646 3203 1691 3237 et
1716 3191 1946 3237 lihinaeam
1983 3193 2121 3255 (hod.
2143 3195 2289 3237 louba
2326 3202 2371 3237 et
2410 3194 2606 3253 Timae’)
2633 3187 2682 3240 dt

1442 3267 2042 3329 ordinem'geographicum
2076 3285 2102 3313 a
2137 3268 2291 3313 Plinio
2326 3267 2512 3328 negligi.
2555 3269 2697 3323 Situs,

1442 3343 1825 3402 Coboeae(Gobaea
1855 3359 1902 3390 v.
1937 3343 2001 3404 l.)
2034 3354 2194 3405 portus
2223 3344 2470 3400 incertior3
2491 3343 2695 3392 sortasse!

1443 3419 1693 3466 hodiernus
1720 3429 1787 3464 est
1825 3420 1983 3464 Sherm
2023 3421 2199 3464 Abbati.
2236 3422 2407 3478 Bragoe
2431 3423 2588 3466 e'asuloe
2608 3411 2686 3467 clo-⁵

1440 3506 1573 3540 sereoe
1590 3510 1689 3540 esse
1723 3493 1890 3539 debent
1923 3504 2012 3539 tres
2043 3494 2131 3539 illae
2151 3510 2252 3554 quae
2275 3497 2320 3539 in
2358 3498 2462 3541 sinu
2496 3494 2551 3541 ad
2580 3483 2711 3557 Cap⁴¹

1443 3574 1615 3630 Barids
1637 3572 1737 3617 sitae
1771 3581 1903 3630 sunt,
1930 3586 2069 3631 quum
2089 3571 2198 3615 alias
2226 3571 2274 3616 in
2304 3570 2392 3617 hoc
2419 3580 2563 3617 tractu
2587 3579 2703 3620 non‘

1444 3646 1638 3693 videam.
1671 3646 1911 3690 ΤΙιαΙηιΙαϊ
1940 3655 2045 3690 sunt
2068 3644 2108 3690 Τ
2112 3644 2357 3691 hamudeni
2381 3644 2682 3706 Agatharchi-

1443 3721 1532 3767 dis.
1558 3720 1823 3780 Sequuntur
1844 3722 2146 3779 Dabonegoris
2170 3727 2294 3780 regio
2322 3732 2367 3767 et
2396 3723 2508 3766 Orsa
2540 3735 2680 3767 mons.

1445 3797 1562 3846 Novi
1581 3799 1740 3841 Datum
1755 3796 1904 3841 locum
1926 3799 2021 3855 (18⁰
2042 3795 2100 3859 5’)
2123 3806 2167 3842 et
2183 3794 2684 3858 DjebeIOtra(16⁰!00),j
2708 3791 2710 3793 ¹

1444 3873 1522 3919 sed
1546 3872 1591 3918 hi
1618 3889 1643 3917 a
1674 3871 1808 3918 nobis
1838 3873 1973 3918 alieni
2001 3888 2100 3919 esse
2134 3873 2368 3927 videntur,
2403 3870 2494 3916 nisi
2513 3871 2677 3920 seriem
2708 3887 2710 3890 ’

1443 3949 1649 3993 locorum
1669 3964 1837 4009 susque
1866 3949 2012 4009 deque
2038 3947 2206 3993 hahere
2243 3947 2376 3994 velis.
2402 3946 2500 3992 Nisi
2522 3946 2672 4005 fallor,
2712 3979 2713 3983 =

1441 4026 1557 4071 Orsa
1599 4039 1733 4070 mons
1763 4035 1829 4070 est
1859 4025 1969 4072 hod.
2009 4024 2215 4080 Soubale,
2251 4038 2385 4085 quem
2413 4019 2672 4069 Chabinum
2700 4020 2702 4023 ’
