2808 4342
539 6 591 60 0
848 58 858 61 „

753 94 799 141 O

178 197 268 238 260
570 235 619 278 ,ι

173 289 215 343 ἐξ
246 286 489 351 ἂμφοτέρων
516 285 615 349 [δὲ]
638 287 719 331 τῶν
742 285 878 345 μερῶν
909 277 1235 342 παρακειμένην
1267 276 1422 340 ἔχουσα

184 356 262 413 τὴν
282 357 451 419 ἤπειρον
467 390 482 414 ,
502 357 543 401 ἐν
563 349 591 415 ᾗ
613 357 682 398 νῦν
705 355 823 413 ὁρμεῖ
845 347 898 395 τὰ
919 346 1184 408 καταγόμενα
1202 347 1329 392 πλοῖα
1353 346 1422 392 διὰ

185 425 259 479 τὰς
281 427 328 471 ἐκ
351 428 425 480 τῆς
451 427 528 485 γῆς
552 419 831 482 καταδρομάς.
899 417 1073 478 Πρῶτον
1092 415 1168 474 μὲν
1190 414 1272 478 γὰρ
1290 413 1422 478 ὥρμει

184 493 278 541 κατ’
298 492 422 539 αὐτὸν
446 492 514 537 τὸν
538 490 742 535 ἐσώτατον
766 487 920 531 κόλπον
939 485 981 529 ἐν
999 487 1052 547 τῇ
1075 483 1284 548 Διοδώρου
1300 485 1423 545 λεγο-

141 581 162 610 t>
186 563 290 623 μένῃ
313 561 428 622 νήσῳ
459 558 560 619 παρ’
581 555 707 611 αὐτὴν
731 554 805 609 τὴν
826 553 1023 616 ἤπειρον,
1041 552 1196 616 ἕχούσῃ
1218 555 1323 616 πεζῇ
1345 551 1422 610 τὴν

184 631 376 678 &deam
392 664 406 688 ,
427 629 481 672 δι’
500 620 549 681 ἧς
566 626 604 670 οἱ
637 626 922 675 κατοικοῦντες
943 620 1150 686 βάρὸαροι
1170 621 1421 685 κατέτρεχον

179 698 255 756 τὴν
278 703 412 754 νῆσον.
479 692 566 740 Καὶ
583 690 675 737 κατ’
696 690 827 747 αὐτὴν
842 690 918 747 τὴν
937 692 980 737 ἐν
995 695 1046 755 τῇ
1065 690 1234 754 Ὀρεινῇ
1248 691 1419 754 ἤπειρον

180 769 263 814 ἀπὸ
294 763 471 811 σταδίων
504 760 634 808 εἴκοσι
669 764 743 817 τῆς
778 760 991 818 θαλάσσης
1026 760 1137 808 ἐστὶν
1170 764 1198 816 ἡ
1235 760 1420 823 moun,

178 837 302 894 κώμη
334 833 592 895 σύμμετρος,
621 832 693 894 ἀφ’
721 824 770 887 ἧς
799 833 855 883 εἰς
889 828 965 891 μὲν
1004 830 1169 887 Κολόην
1208 829 1421 891 μεσόγειον

123 917 160 947 ιο
181 907 300 951 πόλιν
332 903 405 951 καὶ
422 904 587 966 πρῶτον
610 900 806 964 ἐμπόριον
825 904 897 947 τοῦ
932 899 1166 965 ἐλέφαντος,
1191 899 1280 952 ὁδός
1308 900 1419 946 ἔστιν

116 1261 152 1291 ¹5

176 977 344 1038 ἡμερῶν
361 975 503 1038 τριῶν.
573 972 675 1018 Ἀπὸ
706 970 748 1016 δὲ
769 970 924 1027 ταύτης
942 970 999 1022 εἷς
1022 967 1149 1025 αὐτὴν
1169 968 1244 1025 τὴν
1268 967 1419 1031 μετρό-

176 1046 296 1090 πολιν
314 1044 396 1088 τῶν
415 1040 673 1101 Αὐξωμιτῶν
691 1038 926 1100 λεγομένων
944 1038 1082 1084 ἄλλων
1099 1039 1266 1101 ἡμερῶν
1282 1036 1420 1095 πέντε,

177 1116 232 1165 εἷς
253 1112 304 1169 ἢν
324 1115 346 1158 ὁ
364 1118 446 1164 πᾶς
469 1109 617 1173 ἐλέφας
637 1108 720 1155 ἀπὸ
741 1112 812 1154 τοῦ
835 1107 966 1170 πέραν
988 1111 1059 1154 τοῦ
1078 1107 1232 1155 Νείλου
1254 1106 1421 1171 φέρεται

176 1182 243 1228 διὰ
263 1186 335 1228 τοῦ
372 1179 594 1243 λεγομένου
629 1177 859 1238 Κυηνείου,
884 1179 1037 1223 ἐκεῖθεν
1071 1175 1115 1223 δὲ
1153 1178 1208 1229 εἷς
1242 1175 1419 1223 Ἀδουλί.

175 1250 238 1298 Τὸ
260 1251 334 1312 μὲν
357 1243 428 1296 οὖν
451 1250 545 1295 ὅλον
574 1250 731 1304 πλῆθος
765 1251 847 1293 τῶν
882 1245 1162 1311 φονευομένων
1187 1246 1418 1310 ἐλεφάντων

176 1320 204 1376 ἢ
231 1319 510 1385 ῥινοκερώτων
529 1318 626 1381 περὶ
644 1317 737 1369 τοὺς
756 1317 842 1362 ἄνω
862 1317 1029 1376 νέμεται
1049 1315 1220 1372 τόπους,
1239 1314 1423 1367 σπανίως

175 1391 221 1436 δέ
256 1408 354 1436 ποτε
378 1389 451 1435 καὶ
484 1389 526 1433 ἐν
562 1390 622 1450 τῷ
654 1386 771 1449 παρὰ
806 1386 1021 1432 θάλασσαν
1046 1384 1141 1448 περὶ
1177 1383 1306 1440 αὐτὴν
1346 1383 1420 1440 τὴν

176 1455 335 1506 'Movit
359 1461 626 1520 θεωροῦνται.
697 1455 950 1518 Πρόκεινται
973 1454 1016 1501 δὲ
1036 1459 1108 1500 τοῦ
1125 1453 1324 1515 ἐμπορίου
1348 1453 1419 1499 καὶ

178 1660 364 1715 corrupit
374 1660 487 1701 hunc
498 1659 542 1700 in
558 1657 731 1700 modum
751 1672 761 1699 ε
779 1660 848 1699 τοῦ
862 1657 929 1713 μὲν
947 1656 1142 1699 ἔσωτάτου
1154 1657 1318 1708 κόλπου,
1333 1671 1423 1698 στα-

178 1723 272 1763 δίων
305 1722 346 1763 δὲ
375 1721 479 1770 εἰςτὸ
509 1721 679 1776 πέλαγος
699 1721 751 1769 ὡς
778 1720 1001 1761 διακοσίων.
1038 1721 1055 1774 ΙΙ
1085 1743 1143 1751 -
1170 1722 1213 1768 4.
1234 1718 1422 1759 Διοδώ-

181 1799 266 1839 ρου
295 1783 546 1840 λεγομένῃ
582 1782 742 1838 νήσῳ]
770 1783 868 1824 Haec
891 1781 1024 1823 insula
1038 1790 1123 1823 tam
1146 1795 1277 1837 prope
1291 1782 1424 1822 conti-

179 1847 295 1889 nenti
315 1846 506 1902 adjacens
527 1854 574 1887 ut
604 1845 781 1901 pedibus
811 1846 854 1886 in
879 1859 970 1887 eam
1001 1844 1166 1886 barbari
1185 1844 1422 1894 transirent,

178 1923 295 1951 nune
312 1917 432 1951 terrae
448 1907 594 1964 juncta
610 1922 698 1949 esse
716 1907 905 1959 videtui-3
927 1915 1038 1949 certe
1054 1906 1210 1949 nullam
1233 1907 1291 1948 ibi
1315 1907 1427 1948 insu·

178 1970 261 2013 lam
277 1979 393 2014 notat
402 1970 661 2026 Moresbyus.
675 1971 782 2011 Nota
793 1979 853 2011 est
870 1970 947 2012 alia
960 1970 1137 2012 Diodori
1157 1969 1288 2011 insula
1306 1969 1425 2026 (hod.

180 2033 352 2089 Pet-im)
387 2034 429 2074 in
458 2032 645 2074 faucibus
666 2032 827 2074 haerens
851 2034 966 2074 sinus
987 2032 1178 2083 Arabici,
1210 2030 1327 2086 eujus
1352 2046 1428 2072 suo

180 2096 274 2139 loeo
289 2098 376 2153 ipse
391 2095 542 2152 Peripli
557 2104 703 2137 auctor
721 2096 938 2146 meminit;
956 2103 1095 2136 nostra
1114 2102 1253 2137 autem
1271 2095 1428 2149 (quam

181 2173 279 2201 cum
302 2158 439 2200 Perim
464 2157 596 2199 insula
628 2157 844 2199 Fabricius
865 2156 1118 2213 confundit)
1149 2155 1324 2198 Diodori
1356 2171 1431 2197 no·

182 2223 296 2263 mine
324 2220 420 2262 alibi
441 2235 526 2261 non
547 2218 713 2260 videtur
732 2220 970 2261 memorari.
995 2218 1227 2275 Stephanus
1248 2219 1345 2273 Byz.
1368 2219 1432 2260 vel

181 2282 290 2324 hanc
324 2283 386 2331 vel
407 2283 566 2324 Orinen
599 2281 774 2322 insulam
799 2280 956 2322 indicat
990 2294 1077 2336 quo
1105 2280 1197 2322 loco
1229 2278 1385 2322 Adulin
1407 2294 1432 2321 a

184 2344 393 2386 nonnullis
414 2344 517 2385 dicit
539 2345 678 2385 vocari
702 2343 828 2392 Πανὸς
850 2347 984 2396 νῆσον.
1018 2344 1179 2385 Orineu
1209 2343 1347 2398 potius
1369 2341 1432 2383 di·

183 2422 275 2449 cere
291 2407 480 2458 voluerit,
498 2407 532 2448 si
544 2406 735 2448 conferre
752 2407 871 2448 liceat
889 2406 1174 2457 Ptolemaeum,
1188 2405 1260 2460 qui
1277 2404 1431 2447 Adulin

184 2471 303 2526 ponit
331 2474 400 2511 11⁰
422 2469 506 2521 40',
551 2468 728 2525 Ὀρεινὴν
762 2470 1004 2526 χερσόνησον
1046 2473 1132 2520 12⁰,
1165 2467 1294 2516 Πανὸς
1314 2471 1431 2520 νῆσον

188 2538 259 2575 12⁰
285 2532 366 2576 10'.
390 2532 507 2575 Idem
532 2533 779 2575 Ptolemaeus
809 2534 851 2575 in
873 2533 956 2575 alto
984 2531 1170 2588 quidem,
1204 2539 1385 2573 attamen
1408 2546 1433 2573 a

184 2596 371 2637 saucibus
402 2597 516 2636 sinus
547 2595 714 2637 Arabici
750 2596 871 2650 longe
902 2604 1105 2637 remotam
1131 2594 1303 2636 collocat
1335 2595 1435 2635 Dio·

184 2658 277 2699 dori
310 2658 482 2699 insulam
520 2662 606 2709 12⁰,
637 2658 721 2708 3ο’,
756 2658 861 2700 adeo
884 2667 931 2700 ut
960 2660 1002 2700 in
1030 2666 1142 2699 tanta
1167 2671 1308 2699 rerum
1341 2671 1434 2713 per-

186 2720 421 2761 turbatione
460 2722 614 2762 nescias
654 2735 878 2776 quamnam
916 2721 1093 2763 insulam
1138 2719 1322 2761 indicare
1364 2735 1434 2761 vo·

186 2782 337 2833 luerit,
380 2797 481 2824 num
520 2793 727 2835 nostram,
763 2800 815 2826 an
849 2785 951 2827 hod.
986 2784 1139 2826 Perim.
1173 2785 1264 2826 Hoc
1295 2792 1432 2826 tamen

186 2845 457 2901 probabilius.
494 2846 650 2887 Plinius
673 2848 863 2902 proxime
882 2856 977 2888 ante
1000 2847 1199 2890 Aduliton
1231 2845 1433 2902 oppidum

186 2906 311 2950 habet
329 2907 592 2963 Daphnidem
617 2909 806 2949 insulam.
839 2910 934 2962 11-
953 2912 993 2951 8.
1015 2908 1103 2950 ἀπὸ
1128 2909 1342 2950 σταδίων
1374 2907 1433 2950 εἴ·

187 2985 244 3011 κο
257 2971 320 3027 σι]
339 2970 566 3021 Fabricius,
586 2978 693 3012 notae
708 2970 928 3012 locutionis
946 2972 1180 3020 immemor,
1198 2970 1285 3011 haec
1304 2979 1435 3013 muta·
1459 2999 1462 3001 -

188 3034 247 3075 vit
267 3034 311 3075 in
330 3033 496 3075 σταδίων
518 3031 640 3075 εἴκοσι
659 3032 734 3075 ἀπὸ
754 3048 789 3075 τ.
816 3034 871 3083 0.,
889 3041 929 3074 et
950 3033 1137 3074 similiter
1157 3034 1302 3073 ceteris
1318 3033 1433 3084 locis,

187 3095 260 3138 ubi
279 3094 426 3137 eodem
444 3095 571 3137 modo
587 3097 737 3138 Noster
755 3096 955 3152 loquitur.
975 3098 1037 3137 De
1054 3110 1098 3136 re
1114 3096 1317 3137 consentit
1334 3097 1435 3136 Pro-

188 3158 333 3215 copius
347 3158 391 3200 B.
408 3159 524 3200 Pers.
540 3160 576 3209 1,
602 3172 669 3213 19,
687 3173 730 3215 p.
754 3173 826 3201 101
845 3157 913 3200 ed.
934 3160 1069 3200 Bonn.
1091 3171 1100 3199 ε
1125 3156 1172 3199 '0
1187 3157 1254 3213 μὲν
1274 3153 1342 3198 οὖν
1360 3163 1435 3199 τῶν

194 3218 413 3276 Ὅμηριτῶν
433 3222 567 3277 ὅρμος,
601 3219 639 3269 ἐξ
654 3218 699 3261 οὗ
724 3219 956 3276 ,ἀπαίροντες
984 3219 1162 3262 εἰώθασιν
1186 3218 1238 3268 εἰς
1257 3218 1437 3269 Αἰθίοπας

188 3282 319 3334 πλεῖν,
331 3283 517 3332 Βουλικὰς
525 3283 774 3339 ὀνομάζεται.
787 3282 1091 3332 Διαπλεῦσαντες
1098 3281 1139 3324 δὲ
1147 3280 1207 3323 ἀεὶ
1214 3281 1259 3323 τὸ
1270 3282 1438 3338 πέλαγος

154 3397 159 3405 ¹
188 3348 304 3388 τοῦτο
324 3346 546 3402 καθαίρουσι
576 3345 627 3395 εἰς
646 3350 723 3388 τῶν
749 3345 976 3388 Ἀδουλιτῶν
998 3344 1066 3386 τὸν
1092 3343 1245 3400 λιμένα.
1266 3342 1438 3393 ’Λδουλις

190 3408 231 3450 δὲ
250 3407 274 3461 ἣ
295 3408 406 3457 πόλις
423 3407 499 3451 ἀπὸ
515 3412 583 3450 τοῦ
603 3408 760 3465 λιμένος
781 3410 907 3465 μέτρῳ
927 3423 944 3450 ε
957 3405 1032 3449 ἴκο
1045 3421 1093 3448 σι
1118 3405 1283 3448 σταδίων
1299 3406 1432 3462 διέχει·

190 3471 364 3527 τοσούτῳ
378 3471 454 3527 γὰρ
474 3472 681 3528 διείργεται
693 3475 762 3514 τοῦ
783 3470 835 3527 μὴ
854 3470 1128 3514 ἐπιθαλάσσιον
1153 3467 1268 3511 εἶναι·
1288 3469 1439 3519 πόλεως

191 3531 233 3573 δὲ
265 3531 467 3589 Ἄξώμιδος
498 3534 576 3590 ὁδῷ
601 3533 755 3590 ἡμερῶν
782 3536 947 3576 δώδεκα.
981 3533 1047 3576 Cf.
1078 3534 1248 3576 Cosmus
1269 3531 1435 3589 Indopl.

189 3607 237 3651 p.
265 3598 344 3643 llio
362 3608 372 3636 ε
396 3594 464 3635 Ἐν
483 3599 532 3653 τῇ
552 3595 710 3655 'Aeo-Q,
724 3601 773 3654 τῇ
789 3598 1009 3654 καλουμένῃ
1021 3600 1098 3638 τῶν
1118 3594 1439 3638 Αἰθιόπων-πόλει

192 3656 364 3713 παραλίᾳ
381 3658 628 3716 τυγχανοὺσῃ
643 3660 700 3708 ὡς
731 3659 823 3702 ἀπὸ
849 3660 1023 3716 μιλζων
1046 3659 1132 3701 δύο
1147 3690 1159 3710 ,
1178 3657 1307 3715 λιμένι
1321 3656 1438 3715 ὓπαρ-

193 3718 321 3777 χοόσῃ
353 3723 423 3761 τοῦ
467 3719 680 3775 Ἀξωμιτῶν
727 3722 873 3774 ἔονους,
914 3722 1008 3764 ἔνθα
1042 3722 1108 3764 καὶ
1139 3719 1210 3773 τὴν
1246 3720 1432 3777 ἱμπορίαν

194 3780 424 3837 ποιούμεθα,
458 3779 544 3823 οἷον
568 3781 633 3824 ἀπ’
669 3782 947 3840 Ἀλεξανδρείας
980 3785 1045 3826 καὶ
1068 3784 1144 3826 ἀπὸ
1179 3781 1279 3825 ’Eu
1313 3782 1432 3838 ἔμπο-

195 3843 411 3899 ρευόμενοι,
446 3843 576 3900 δίφρος
607 3844 688 3886 ἐστὶ
715 3845 887 3900 κείμενος
919 3845 957 3886 ἓν
984 3850 1033 3902 τῇ
1063 3845 1167 3902 ἀρχῇ
1190 3847 1257 3898 τῆς
1285 3843 1435 3893 πόλεως

195 3904 295 3947 κατὰ
317 3905 363 3947 τὸ
389 3905 543 3947 δυτικὸν
578 3907 688 3962 μέρος
714 3908 904 3962 προσέχον
930 3907 990 3949 ἐπὶ
1017 3907 1086 3959 τὴν
1120 3908 1212 3950 ὁδὀν
1246 3906 1435 3964 Ἆξώμεῳς

196 3966 284 4009 κτλ.
315 3969 332 4023 ΙΙ
354 3992 412 4000 —
433 3984 474 4024 9.
510 3967 575 4017 εἰς
602 3969 829 4026 Κολόην]
859 3970 984 4013 Coloe
1012 3972 1053 4011 in
1089 3987 1134 4013 ea
1157 3971 1241 4013 sere
1268 3971 1435 4025 regione

199 4029 321 4072 fuisse
349 4030 471 4073 debet
507 4032 578 4074 ubi
608 4046 722 4075 nune
752 4041 814 4075 est
849 4033 993 4075 Dixan
1018 4033 1116 4075 urbs
1153 4033 1204 4076 ad
1230 4033 1433 4076 montium

922 179 1213 229 moi-ivm
1249 178 1558 238 (Annum,
1589 167 1680 229 ur
1705 180 1976 245 matun)

2734 0 2808 59 ΜΞ

2599 184 2651 246 (²,
2662 186 2716 249 ι)

1491 299 1576 342 que
1599 287 1665 329 sui
1693 286 1802 331 latus
1822 297 2068 345 praetensam
2100 278 2225 332 habet
2253 298 2406 331 terram
2434 291 2731 335 continentem.
2796 323 2808 327 .-

1489 358 1610 401 nane
1627 360 1672 401 in
1694 360 1873 403 insulam
1895 375 2010 404 nunc
2031 376 2156 404 naves
2178 377 2230 405 eo
2248 362 2427 405 devectae
2447 363 2659 419 appellunt
2672 365 2735 417 <ol)
2767 382 2771 385 Α
2796 404 2798 406 ,

1491 429 1694 473 cavendas
1724 445 1777 475 ex
1808 440 1919 476 terra
1951 434 2226 477 incursiones.
2262 435 2383 477 Prius
2415 436 2528 477 enim
2560 451 2736 480 ancoras

1483 502 1694 559 jaciebant
1721 505 1776 548 ad
1808 507 1945 550 suumn
1975 509 2093 551 sinus
2125 508 2302 551 insulam
2340 509 2516 552 Diodori
2554 510 2734 565 dicaam,

1490 578 1720 620 continenti
1730 577 1836 621 adeo
1845 581 2200 638 propinquam,.ut
2210 580 2387 639 pedibus
2395 583 2596 639 praeberet
2603 593 2736 627 trans-
2796 597 2808 636 ,ξ

1490 651 1611 703 itum,
1635 666 1723 709 quo
1757 661 1918 697 utentes
1947 655 2096 698 aeeoloe
2123 655 2291 699 barbari
2325 657 2594 701 incursabant
2627 675 2735 703 eant.

1490 724 1526 765 E
1547 725 1716 780 regione
1734 726 1860 782 igitur
1882 728 2024 770 Orinoe
2047 728 2192 771 insula!
2214 729 2258 772 in
2285 730 2527 773 continente
2546 732 2692 787 viginti
2714 748 2737 774 a
2804 723 2808 726 ⁴

1490 798 1595 839 mari
1620 797 1764 840 stadiis
1779 800 1856 841 sita
1874 808 1938 842 est
1956 799 2107 853 Aduli,
2127 814 2257 858 pagus
2276 803 2498 845 mediocris
2511 834 2523 852 ,
2540 818 2563 845 a
2581 818 2668 859 quo
2681 803 2734 846 ad
2803 846 2808 859 ¹

1490 869 1662 920 Coloen,
1685 870 1833 912 urbem
1851 870 2193 915 mediterraneam
2212 875 2481 932 primumque
2498 875 2636 917 eboris
2653 890 2739 918 em·
2803 898 2808 932 g

1492 943 1678 999 porium,
1713 944 1781 985 via
1801 952 1863 986 est
1882 943 2029 987 tridui.
2086 947 2198 989 Hinc
2229 947 2282 990 ad
2318 950 2448 1006 ipsam
2472 949 2736 1006 metropolim
2802 965 2808 982 ·-

1493 1014 1819 1057 Auxumitarum
1849 1017 1927 1058 iter
1958 1025 2020 1059 est
2045 1017 2224 1061 aliorum
2252 1019 2419 1064 dierum
2451 1025 2662 1080 quinque3
2695 1024 2738 1064 in
2805 1038 2808 1085 ξ

1493 1087 1602 1129 hane
1619 1101 1745 1129 omne
1779 1087 1887 1129 ebur
1908 1102 1932 1129 e
1952 1089 2121 1143 regione
2142 1097 2255 1132 trans
2276 1091 2418 1135 Nilum
2439 1094 2516 1136 sita
2539 1108 2615 1151 per
2635 1093 2740 1151 'Cye-
2805 1092 2808 1102 ²

1491 1174 1619 1202 neum
1651 1174 1777 1216 quem
1816 1169 1967 1203 vocant
1999 1169 2180 1203 tractum
2217 1161 2478 1220 deportatur,
2512 1166 2612 1209 hinc
2644 1182 2741 1211 vero

1491 1231 1660 1275 Adulin.
1719 1233 1882 1274 Cuncta
1915 1232 2069 1275 seilicet
2098 1248 2191 1290 quae
2223 1234 2397 1277 caeditur
2424 1235 2738 1293 elephantorum

1493 1314 1535 1347 et
1557 1306 1869 1348 rhinozerotum
1888 1306 2116 1349 multitudo
2131 1308 2176 1349 in
2194 1310 2484 1365 superioribus
2497 1309 2609 1365 degit
2625 1310 2741 1366 locis,

1494 1394 1803 1435 nonnunquam
1833 1388 1987 1431 tamen,
2022 1394 2119 1421 raro
2151 1380 2261 1432 licet,
2297 1382 2339 1423 in
2374 1383 2582 1425 maritima
2615 1385 2744 1427 etiam

1496 1452 1664 1507 regione
1687 1452 1797 1494 cirea
1816 1453 1947 1508 ipsam
1969 1450 2126 1495 Adulin
2149 1453 2479 1509 conspiciuntur.
2540 1454 2741 1511 Projectae

1493 1665 1671 1698 tractum
1697 1670 1783 1712 quo
1802 1656 2037 1698 Sahamara
2064 1671 2087 1698 a
2113 1656 2233 1709 Tigre
2254 1672 2383 1712 regno
2414 1657 2741 1710 disterminatur.

1492 1720 1579 1760 Nee
1601 1718 1721 1773 longe
1755 1733 1780 1760 a
1801 1718 1946 1760 Diaean
1975 1718 2079 1760 urbe
2112 1718 2227 1761 locus
2259 1728 2320 1761 ωε
2345 1721 2462 1762 Calai
2482 1721 2632 1764 dictus.
2669 1723 2744 1766 Ko-

1493 1781 1569 1834 λόη
1605 1781 1705 1823 urbs
1736 1781 1945 1823 Ptolemaei
1976 1783 2053 1836 (4⁰
2087 1781 2203 1836 15'),
2240 1784 2273 1824 si
2307 1791 2418 1825 recte
2450 1783 2626 1827 latitudo
2656 1786 2746 1843 ejus

1496 1851 1638 1885 notata
1651 1875 1662 1893 ,
1705 1842 1757 1885 ad
1791 1858 1867 1884 nos
1914 1856 1999 1884 non
2022 1844 2151 1898 magis
2190 1845 2414 1899 pertineret
2447 1860 2572 1902 quam
2612 1847 2742 1903 Κολόη

1494 1906 1615 1962 λίμνη
1639 1906 1653 1963 (
1672 1908 1813 1948 Tzana
1827 1906 1906 1947 Iac.
1919 1907 1952 1960 ),
1970 1919 2094 1961 quam
2114 1906 2192 1948 sub
2213 1906 2421 1965 ἰσημερινῷ
2439 1909 2626 1952 collocat.
2650 1913 2666 1966 ΙΙ
2689 1935 2747 1946 --

1501 1982 1566 2011 12.
1585 1972 1675 2010 τῶν
1690 1967 1995 2024 Αὗξωμιτῶν
2014 1967 2325 2024 λεγομένων.
2341 2002 2351 2011 .
2371 2002 2380 2012 .
2407 1969 2567 2028 εἰςῆν]
2586 1972 2653 2014 τὸν
2671 1973 2747 2016 Ab·

1498 2031 1668 2087 ξωμίτην
1683 2030 1935 2087 λεγόμενον..
1956 2030 2007 2080 εἰς
2023 2031 2068 2072 δν
2083 2031 2231 2074 codex.
2253 2033 2269 2088 ΙΙ
2288 2032 2382 2086 -ὴ
2397 2049 2450 2090 με
2462 2038 2555 2091 ρῶν
2575 2036 2656 2078 πέν
2669 2038 2745 2095 τε]

1497 2095 1631 2150 Igitur
1663 2092 1844 2137 Adulide
1874 2094 2086 2138 Auxomin
2119 2095 2198 2136 iter
2226 2103 2288 2137 est
2318 2094 2483 2138 dierum
2519 2106 2628 2139 octo.
2667 2100 2748 2144 Via

1498 2165 1637 2199 autem
1669 2171 1692 2198 a
1725 2155 1853 2198 Coloe
1885 2170 1934 2197 ea
1964 2155 2048 2207 sere
2079 2164 2167 2198 erat
2201 2171 2293 2212 quae
2317 2171 2429 2200 nunc
2464 2172 2487 2201 a
2517 2159 2662 2202 Dima
2694 2160 2748 2204 ad

1500 2221 1644 2259 Axum
1661 2217 1792 2259 ducit.
1808 2214 1952 2272 Itaque
1966 2216 2184 2271 longitudo
2200 2217 2358 2261 itineris
2377 2234 2507 2277 usque
2521 2220 2574 2263 ad
2592 2222 2746 2265 Adulin

1500 2287 1589 2321 erat
1614 2293 1721 2323 1200
1739 2279 1904 2320 circiter
1925 2278 2156 2320 stadiorum
2190 2293 2265 2335 per
2294 2282 2506 2336 regionem
2529 2287 2748 2328 montosis-

1501 2342 1664 2393 simam,
1680 2341 1785 2383 adeo
1801 2350 1847 2383 ut
1867 2341 1974 2383 ultra
1998 2341 2076 2385 150
2097 2341 2228 2384 stadia
2244 2343 2286 2384 in
2306 2343 2419 2386 diem
2441 2358 2526 2387 non
2540 2346 2625 2389 sint
2637 2362 2752 2390 com·

1500 2403 1700 2461 putanda.
1724 2405 1793 2446 Sic
1814 2404 1894 2446 iter
1919 2403 2097 2445 efficitur
2118 2413 2214 2447 octo
2235 2404 2415 2447 dierum.
2453 2407 2595 2449 Minus
2621 2422 2746 2452 acm-

1502 2476 1590 2509 rate
1605 2468 1832 2523 Procopius
1845 2466 1874 2508 l.
1893 2467 1922 2509 l.
1943 2466 2166 2509 duodecim
2181 2467 2298 2519 dicit,
2320 2468 2559 2524 quindecim
2575 2471 2747 2515 Nonno·

1502 2545 1571 2571 sus
1592 2529 1703 2586 apud
1721 2530 1845 2572 Phot.
1869 2528 1965 2571 eod.
1984 2530 2008 2571 3
2033 2531 2050 2583 (
2069 2531 2138 2571 Fr.
2157 2531 2265 2572 nist.
2278 2538 2310 2572 t.
2336 2532 2413 2583 1v,
2436 2545 2481 2588 p.
2503 2532 2616 2590 180)
2642 2533 2749 2579 ῐΔιε-
2806 2561 2808 2566 -

1502 2594 1683 2646 στηκέναι
1717 2593 1811 2649 φησὶ
1831 2590 1902 2645 ’τὴν
1926 2592 2098 2634 Ἇδουλιν
2133 2596 2202 2646 τῆς
2227 2592 2451 2650 Αὗξούμεως
2471 2593 2519 2637 ιε’
2539 2594 2750 2652 ἡμερῶν..,
2802 2616 2808 2637 «ῑ

1503 2655 1637 2697 Κεῖται
1650 2654 1692 2697 δὲ
1712 2654 1737 2708 ἡ
1757 2654 1836 2708 Αὕη
1854 2656 1870 2708 (
1887 2654 1987 2696 hod.
2009 2654 2150 2711 Sawe)
2176 2653 2215 2696 ἐν
2234 2656 2339 2712 μέσῳ
2357 2659 2425 2709 τῆς
2443 2671 2485 2698 τε
2504 2655 2748 2713 Αὖξουμιτῶν
2795 2640 2808 2710 ⁸3

1503 2717 1648 2769 καὶτῆς
1661 2721 1737 2758 τῶν
1762 2715 1985 2758 Ἆδουλιτῶν
2002 2716 2166 2764 πόλεως.
2195 2716 2212 2770 ΙΙ
2230 2739 2287 2747 -
2304 2719 2367 2766 14.
2389 2716 2483 2769 Κυη
2497 2731 2543 2759 νε
2558 2718 2597 2759 ίο
2608 2719 2647 2774 υ]
2674 2721 2750 2763 Re·
2802 2751 2805 2753 »

1503 2781 1571 2835 gio
1589 2794 1681 2836 quoe
1706 2779 1759 2821 ab
1789 2779 1973 2821 Auxumi
1994 2792 2134 2819 versus
2156 2792 2347 2819 occasum
2380 2779 2458 2821 sita
2478 2787 2554 2831 est,
2579 2784 2749 2827 nomine
2798 2800 2808 2831 ;.

1504 2843 1827 2895 Kolta-Mazagn
1837 2856 1950 2883 nunc
1957 2839 2254 2897 comprehendi
2267 2840 2383 2882 solet.
2398 2843 2591 2885 Proxime
2606 2846 2749 2889 Auxu-

1504 2905 1606 2947 midi
1625 2904 1783 2961 adjacet
1794 2904 1908 2946 Slu're
1922 2903 1983 2945 vel
2000 2903 2087 2945 sire
2101 2904 2328 2959 provincia,
2344 2918 2468 2959 quam
2483 2906 2748 2952 Vincentusa

1503 2968 1612 3010 Sirio
1627 2982 1743 3018 eane,
1769 2967 1955 3020 Κυηνεῗον
1977 2980 2078 3009 vero
2097 2980 2120 3007 a
2138 2966 2240 3007 κύων
2258 2965 2411 3008 dictam
2430 2982 2518 3010 oese
2535 2969 2746 3025 opinatur.
2780 2987 2782 2989 ’

1503 3030 1601 3072 Tale
1622 3030 1724 3087 quid
1751 3031 1913 3087 putanti
1937 3037 2047 3072 certe
2074 3029 2262 3082 Κυηνεῖον
2285 3029 2532 3072 mutandum
2565 3031 2671 3075 sonet
2704 3034 2747 3077 in
2779 3067 2782 3073 .

1506 3093 1708 3146 Κυνηεῗον.
1729 3094 1745 3147 ΙΙ
1761 3117 1818 3125 --
1836 3097 1899 3134 16.
1915 3091 1957 3148 ἢ]
1976 3091 2115 3133 malim
2131 3091 2209 3133 καὶ.
2233 3093 2326 3146 11-
2339 3094 2404 3134 18.
2423 3093 2470 3134 oe
2482 3109 2515 3134 ω
2528 3108 2579 3149 ρο
2592 3097 2745 3153 ῦνται]
2775 3103 2782 3138 ’ῑ

1505 3156 1727 3197 Nonnosus
1752 3155 1781 3197 l.
1812 3154 1839 3196 l.
1859 3155 1967 3196 circa
1991 3157 2109 3196 Auen
2141 3153 2243 3195 vidit
2275 3153 2495 3210 ἐλεφάντων
2512 3156 2659 3209 πλῆθος
2676 3157 2747 3200 οὖιι

1505 3216 1660 3273 ὀλίγον,
1683 3216 1787 3258 ἀλλὰ
1803 3217 1944 3272 σχεδον
1960 3217 2011 3265 ὡς
2030 3217 2220 3273 χιλιάδων
2236 3218 2359 3259 πέντε·
2382 3216 2566 3275 ἐνέμοντο
2582 3219 2623 3262 δὲ
2637 3218 2748 3265 οὗτοι

1506 3280 1543 3321 oi
1567 3279 1766 3335 ἐλέφαντες
1786 3279 1825 3321 ἔν
1844 3280 1964 3336 πεδίῳ
1981 3279 2158 3336 μεγάλῳ,
2182 3280 2247 3321 καὶ
2266 3280 2447 3330 πελάζειν
2467 3280 2599 3333 αὺτοῖς
2617 3282 2769 3327 etant

1507 3346 1583 3384 τῶν
1615 3341 1816 3398 ἐγχωρίων
1846 3340 1893 3395 ἦν
1918 3342 2078 3385 εὔκολον
2105 3342 2192 3385 οῦδὲ
2221 3342 2363 3399 εἴργειν
2387 3346 2456 3397 τῆς
2481 3348 2618 3402 νομῆς.
2650 3347 2669 3403 ΙΙ
2689 3357 2768 3394 -ηὶ,

1507 3407 1805 3461 προκεῖνται
1835 3409 1922 3447 τοῦ
1953 3404 2234 3463 ἐμπορίου]
2271 3407 2412 3448 Minus
2443 3416 2634 3451 accurate
2666 3409 2748 3455 hoo

1506 3467 1663 3510 dictum
1678 3483 1756 3525 pro
1772 3469 1991 3525 πρόκεινται
2010 3472 2078 3511 τοῦ
2094 3469 2240 3511 κόλπου
2260 3473 2328 3511 τοῦ
2345 3469 2544 3528 ίμπορίου.
2565 3472 2749 3529 Intellige

1508 3531 1660 3574 insulas
1674 3546 1766 3588 quie
1795 3547 1908 3574 nunc
1932 3540 2131 3574 vocantur
2153 3531 2341 3589 archipr!
2369 3531 2420 3574 de
2440 3532 2645 3576 Dahatac.
2666 3533 2748 3579 Pii-⁴

1509 3595 1602 3635 nius
1637 3603 1730 3651 post
1762 3595 1962 3638 Aduliton
1985 3594 2128 3651 oppidi
2153 3596 2405 3636 mentionem
2425 3596 2558 3651 pergit
2580 3608 2590 3637 t
2614 3599 2748 3654 δαμνᾷ

1508 3658 1723 3715 AEtleiopes
1738 3660 1958 3712 Aroteres(
1974 3657 2075 3700 hod.
2099 3661 2253 3699 Azorte
2276 3656 2408 3699 trihus
2426 3658 2470 3699 in
2487 3655 2642 3714 Ὀρεινῇ
2658 3673 2687 3714 χ
2689 3671 2751 3715 tp·

1505 3720 1674 3777 σονήσῳ,
1699 3720 1811 3762 unde
1842 3721 1976 3763 Graeei
2004 3719 2189 3762 fecerunt
2216 3717 2419 3775 ’Λροτῆρες
2435 3721 2478 3774 );
2498 3718 2642 3761 insultu
2657 3733 2685 3777 q
2750 3770 2754 3771 ⁷

1506 3783 1643 3824 Aliaw
1675 3786 1691 3835 (
1709 3783 1848 3831 Alica,
1873 3783 2013 3832 Eloeee,
2038 3782 2157 3824 Icta-a
2178 3795 2264 3823 var.
2297 3780 2410 3832 lect.;
2451 3779 2655 3823 Ἀλαλαίου

1505 3846 1598 3902 ripl.
1619 3850 1635 3900 )
1659 3855 1870 3895 iocantur,
1906 3845 2002 3887 item
2015 3843 2219 3887 Bacchias
2236 3853 2275 3886 et
2287 3843 2591 3886 Antibacchias
2612 3845 2631 3899 (
2645 3843 2756 3891 Βάκ

1505 3924 1580 3963 χου
1603 3909 1666 3950 καὶ
1700 3908 1949 3964 Ἀντιὸάκχου
1978 3907 2085 3950 Ptol.
2105 3909 2122 3962 )
2154 3915 2194 3948 ct
2226 3906 2454 3948 Stratioton
2492 3907 2510 3960 (
2523 3906 2753 3962 Στράτωνος,

1506 3975 1620 4023 νῆσος
1655 3970 1929 4021 Artemidor.;
1973 3972 2196 4026 Ypostrote
2227 3969 2381 4022 Geogr.
2420 3969 2522 4009 Rav.
2556 3968 2613 4018 V,
2641 3967 2690 4008 18
2706 3964 2743 4022 )’.

1506 4034 1618 4076 Hinc
1642 4034 1683 4075 in
1702 4049 1775 4077 ortt
1792 4033 1909 4076 siuns
1934 4030 2165 4085 incognitus
2180 4031 2196 4085 (
2211 4028 2403 4072 Hauat-it
2415 4029 2515 4072 Bm'e
2531 4026 2670 4080 hodie,
2689 4022 2745 4068 dc
2763 4033 2781 4090 ἠ
2803 4058 2805 4063 -
