2808 4342
186 219 274 260 ³92
529 257 572 299 .

179 311 504 377 τεσσαράκοντα·
541 308 666 371 ὅρμος
693 302 853 350 ναυσίν.
919 299 1021 348 Ἀπὸ
1053 297 1096 345 δὲ
1131 297 1345 361 Κορδύλης
1378 300 1417 351 ἔς

180 381 488 445 Ἑρμώνασσαν
526 375 648 423 πέντε
688 371 759 419 καὶ
796 367 1106 430 τεσσαράκοντα
1120 384 1132 396 ·
1179 366 1252 413 καὶ
1295 368 1417 430 δεῦρο

179 448 320 512 ὅρμος.
385 446 487 495 Ἀπὸ
514 446 555 492 δὲ
580 439 883 505 ’Ἑρμωνάσσης
910 438 969 491 εἷς
997 438 1293 501 Τραπεζοῦντα
1315 435 1416 482 στά-

180 520 259 564 διοι
286 515 483 573 ἑξήκοντα
500 531 512 542 ·
544 513 718 558 ἐνταῦθα
749 507 799 555 σὺ
821 507 951 559 ποιεῖς
964 504 1115 567 λιμένα
1130 522 1142 534 ·
1163 505 1297 552 πάλαι
1313 505 1416 569 γὰρ,

138 602 159 631 s
181 587 275 633 ὅσον
294 581 565 632 ἀποσαλεύειν
583 578 673 643 ὥρα
697 577 829 635 ἔτους,
847 574 972 640 ὅρμος
986 569 1054 633 ἦν.

241 673 298 703 ss.
331 652 399 700 T&
434 650 478 696 δὲ
516 649 600 694 ἀπὸ
636 649 950 712 Τραπεζοῦντος
988 644 1255 705 διαστήματα
1293 644 1418 709 μέχρι

178 717 491 781 Διοσκουριάδος
528 715 772 779 προείρηται
809 714 876 761 διὰ
910 716 991 761 τῶν
1024 717 1225 774 ποταμῶν
1251 716 1419 776 ἀναμε-

177 788 375 849 τρηθέντα
392 801 403 813 ·
435 784 689 849 ἀθροίζονται
711 783 754 831 δὲ
777 782 859 830 ἀπὸ
881 785 1192 846 Τραπεζοῦντος
1214 784 1270 836 εἷς
1299 786 1420 831 Διοσ-

176 856 372 919 κουριάδα
389 891 402 915 ,
436 853 510 912 τὴν
549 858 620 901 νῦν
654 851 967 903 Σεὸαστόπολιν
999 852 1274 914 καλουμένην,
1317 853 1420 900 στά-

116 944 154 974 10
180 926 255 972 διοι
278 925 473 988 δισχίλιοι
495 923 698 971 διακόσιοι
721 923 936 981 ἑξήκοντα.

241 1011 299 1043 2⁶.
333 994 445 1043 Τάδε
470 993 545 1056 μὲν
567 994 620 1039 τὰ
643 994 727 1040 ἀπὸ
751 993 978 1048 Βυζαντίου
1001 991 1211 1039 πλεόντων
1240 993 1283 1038 ἐν
1307 984 1419 1056 δεξιᾷ

179 1066 236 1116 ὡς
267 1064 338 1110 ἐπὶ
367 1063 695 1126 Διοσκουριάδα,
733 1064 773 1116 ἐς
810 1061 910 1125 ὅπερ
933 1060 1210 1123 στρατόπεδον
1247 1062 1420 1126 τελευτᾷ

177 1132 404 1195 Ῥωμαίοις
435 1137 461 1189 ἡ
490 1132 733 1195 ἐπικράτεια
759 1133 801 1178 ἕν
836 1130 947 1195 ὣξιᾷ
978 1131 1231 1178 ἐσπλεόντων
1267 1133 1322 1184 εἰς
1349 1130 1418 1178 τὸν

176 1203 351 1251 Πόντον.
420 1202 543 1250 Ἐπεὶ
579 1200 622 1247 δὲ
654 1201 865 1262 ἐπυθόμην
891 1200 1026 1249 Κότυν
1058 1200 1418 1258 τετελευτηκέναι,

111 1289 151 1319 ιε
174 1273 243 1319 τὸν
271 1271 447 1335 βασιλέα
469 1277 539 1319 τοῦ
560 1271 776 1330 Βοσπόρου
795 1275 865 1317 τοῦ
891 1270 1129 1333 Κιμμερίου
1147 1270 1418 1331 καλουμένου,

180 1340 371 1402 ἐπιμελὲς
387 1341 649 1401 ἐποιησάμην
660 1341 731 1386 καὶ
747 1339 817 1385 τὸν
834 1339 959 1402 μέχρι
974 1343 1047 1385 τοῦ
1059 1338 1271 1401 Βοσπόρου
1289 1341 1418 1386 πλοῦν

175 1411 362 1467 δηλῶσαί
391 1429 468 1457 σοι·
491 1414 574 1469 ὡς,
595 1410 634 1456 εί
653 1428 692 1455 τι
715 1410 925 1470 βουλεύοιο
957 1409 1053 1471 περὶ
1084 1414 1156 1455 τοῦ
1186 1409 1414 1471 Βοσπόρου,

178 1482 361 1545 ὑπάρχοι
392 1500 456 1527 σοι
478 1480 550 1527 καὶ
574 1481 687 1526 τόνδε
725 1478 793 1525 τὸν
828 1481 957 1525 πλοῦν
981 1478 1040 1539 μὴ
1067 1480 1277 1540 ἀγνοοῦντι
1314 1480 1420 1540 βου-

174 1549 382 1596 λεῦεσθαι.

110 1634 153 1664 so
241 1636 296 1667 τι.
333 1618 609 1681 Ὀρμηθεῖσιν
633 1610 702 1663 οὖν
731 1618 777 1662 ἐκ
800 1615 1147 1678 Διοσκουριάδος,
1185 1618 1345 1678 πρῶτος
1370 1615 1418 1661 ἂν

176 1688 239 1743 εἴη
274 1686 401 1750 ὅρμος
433 1689 475 1733 ἐν
518 1688 756 1733 Πιτυοῦντι·
794 1683 954 1731 στάδιοι
989 1685 1219 1747 τριακόσιοι
1262 1686 1418 1741 πεντή-

173 1774 316 1804 κοντα.
385 1755 574 1804 Ἐνθένδε
598 1757 638 1807 ἐς
669 1754 742 1811 τὴν
770 1754 947 1810 Νιτικὴν
971 1754 1130 1801 στάδιοι
1160 1755 1419 1811 πεντήκοντα

173 1825 245 1871 καὶ
283 1825 457 1870 ἑκατόν·
481 1822 629 1887 ἵναπερ
666 1824 799 1869 πάλαι
836 1821 936 1887 ᾤκει
971 1823 1080 1876 ἔθνος
1111 1823 1342 1883 Σκυθικὸν,
1374 1817 1421 1868 οὗ

173 1987 435 2042 Trapezunte
459 1985 631 2035 distans,
657 2000 740 2027 see.
773 1984 879 2026 Tab.
921 1985 1130 2039 Peuting.;
1173 1983 1339 2026 Cordule
1374 1986 1416 2027 in

173 2048 329 2103 Geogr.
346 2049 446 2090 Rav.
462 2047 707 2090 Ptolemaeus
721 2048 882 2103 p.’337‚
902 2060 952 2089 10
962 2046 1162 2103 Κορδύλην
1175 2047 1281 2087 inter
1293 2045 1420 2087 medi-

173 2118 363 2153 terranea
373 2119 571 2153 recenset.
587 2112 697 2153 Situs
711 2110 825 2152 locus
839 2110 910 2151 ubi
927 2123 1039 2151 nune
1049 2118 1210 2151 exstant
1220 2110 1350 2151 ruinae
1364 2109 1416 2151 ad

173 2172 317 2228 Akjal·
336 2173 478 2215 Kaleln.
496 2172 708 2214 Hamilton
724 2174 760 2223 1,
781 2187 825 2228 p.
843 2174 942 2220 248.
958 2171 1083 2214 Aliud
1102 2170 1304 2227 oppidum
1320 2172 1418 2227 Κόρα

173 2232 272 2274 δυλα
284 2234 391 2275 inter
405 2233 588 2275 Athenas
596 2241 637 2273 et
651 2231 860 2274 Adienum
874 2233 975 2274 fluv,
989 2234 1113 2275 situm
1129 2247 1179 2273 ex
1196 2237 1419 2288 Anonymo

174 2303 215 2336 et
244 2295 465 2338 Ptolemaeo
497 2295 704 2336 novimus.
729 2294 840 2336 Vide
857 2309 982 2352 supra
1008 2302 1097 2338 not.
1127 2293 1179 2335 ad
1201 2297 1224 2347 5
1252 2297 1293 2336 8.
1320 2296 1336 2350 11
1362 2319 1420 2328 -

174 2370 217 2399 2.
238 2355 626 2413 Ἑρμώνασσαν]
645 2357 840 2413 Stephan.
861 2370 871 2399 ε
893 2356 1204 2414 Ἑρμώνασσα...
1223 2356 1419 2407 Μένιππος

174 2420 215 2461 δὲ
247 2420 394 2476 χωρίον
424 2419 713 2476 Τραπεζοῦντος
746 2419 785 2461 ἐν
811 2418 996 2477 Περίπλῳ
1026 2425 1103 2462 τῶν
1136 2420 1205 2460 δύο
1238 2420 1414 2461 Πόντων·

181 2480 386 2531 Ἑκαταῖος
412 2481 454 2524 δὲ
492 2482 559 2523 καὶ
587 2481 818 2538 Θεόπομπος
852 2483 966 2524 πόλιν
997 2482 1115 2535 αὐτήν
1148 2497 1253 2538 φασι.
1294 2482 1419 2538 Apud

175 2548 317 2588 Anon.
337 2554 508 2587 vocatur
532 2543 723 2601 Ἕρμῦση,
737 2545 834 2587 sort.
852 2546 1055 2588 librorum
1073 2546 1187 2587 vitio.
1209 2544 1275 2586 Cf.
1295 2560 1420 2601 supra

173 2617 263 2650 not.
283 2623 328 2664 p.
352 2609 450 2663 39¹·
475 2608 728 2650 Stadiasmus
742 2608 859 2650 ducit
876 2608 930 2651 ad
947 2608 1048 2650 hod.
1075 2608 1272 2649 Platona.
1305 2610 1420 2649 Eun-

175 2670 270 2711 dem
290 2671 426 2712 loeuni
450 2685 474 2712 a
497 2671 631 2713 Plinio
655 2671 891 2728 LiviopoIin
909 2672 1046 2713 vocari
1067 2678 1185 2727 putat
1207 2670 1420 2712 Hamilton

174 2746 218 2788 p.
240 2735 338 2783 248,
358 2748 435 2787 ego
453 2734 617 2776 dubito.

233 2797 256 2847 S
290 2800 358 2845 26,
380 2795 408 2836 l.
430 2799 496 2845 εἰ..
518 2796 643 2837 Κότυ
659 2812 677 2837 ν
695 2796 846 2852 ]'Nihil
869 2797 953 2838 huc
970 2797 1176 2852 pertinere
1195 2796 1330 2851 Cotyn
1349 2810 1416 2852 ap.

175 2856 309 2898 Tacit.
341 2857 491 2898 Annal.
521 2859 619 2907 XII,
660 2861 726 2908 18,
752 2872 836 2899 non
864 2867 923 2898 est
943 2873 1019 2899 cur
1039 2858 1229 2914 pluribus
1253 2872 1421 2899 monea-

176 2925 262 2959 tur.
285 2917 407 2960 Illum
427 2918 605 2972 intellige
624 2921 759 2973 Cotyn
779 2918 831 2959 de
850 2933 935 2973 quo
955 2920 1134 2972 Phlegon
1151 2922 1166 2971 (
1185 2922 1253 2960 Fr.
1269 2921 1322 2961 Η.
1341 2922 1418 2970 ῙΠ,

175 2993 221 3035 p.
250 2983 331 3035 607
366 2980 417 3022 fr.
457 2982 538 3035 20)
572 2995 639 3036 ap.
666 2981 926 3021 Constantin.
961 2981 1164 3035 Porphyr.
1204 2984 1265 3022 De
1289 2982 1417 3023 them.

176 3043 235 3094 11,
261 3055 327 3084 ια.

196 3094 202 3099 ’
234 3102 560 3159 §27,1.21.3v
584 3103 1056 3159 Πιτυοῦντι]5ιταΙ)ο
1071 3117 1114 3158 p.
1138 3106 1218 3157 496
1237 3118 1286 3143 ex
1309 3108 1423 3146 Arte·

178 3166 343 3209 midoro
368 3164 495 3208 refert
521 3173 616 3222 post
640 3165 958 3207 Heniochorum
978 3179 1093 3206 oram
1124 3166 1240 3220 sequi
1261 3166 1326 3206 τὸν
1352 3167 1419 3206 Πι-

176 3233 342 3274 τυοῦντα
358 3228 427 3272 τὸν
449 3231 571 3286 μέγαν
588 3228 816 3286 τριακοσίων
844 3227 1028 3279 ἑξήκοντα
1051 3230 1067 3281 (
1086 3227 1281 3284 σταδίων)
1310 3230 1422 3283 μέχρι

178 3293 492 3349 Διοσκουριάδος,
519 3291 626 3334 adeo
657 3301 705 3334 ut
735 3299 869 3333 totum
892 3290 1006 3331 hunc
1028 3297 1202 3331 tractum
1225 3304 1248 3331 a
1272 3291 1421 3345 pinetis

179 3356 375 3411 Pityunta
393 3353 546 3395 dixisse
562 3353 766 3395 videatur.
785 3354 848 3394 De
868 3351 972 3394 urbe
986 3351 1143 3395 Plinius
1156 3352 1235 3402 vl,
1255 3352 1278 3392 5
1294 3354 1318 3405 S
1337 3356 1385 3393 16
1409 3365 1418 3393 z

181 3420 234 3458 In
269 3417 426 3458 inlustro
452 3431 497 3457 eo
535 3425 673 3458 tractu
703 3415 853 3471 Pio-us
888 3413 1087 3471 oppidum
1115 3413 1169 3455 ab
1200 3413 1423 3456 Heniochis

180 3478 386 3534 direptum
401 3487 477 3520 est.
498 3480 638 3532 Quare
657 3492 793 3533 nequo
811 3477 1012 3520 Arrianus
1032 3490 1166 3532 neque
1180 3475 1423 3519 Ptolemaeus

105 3559 115 3572 ·
180 3538 327 3580 urbem
353 3548 604 3591 memorant;
622 3548 763 3596 postea
790 3539 966 3580 Romani
986 3538 1041 3579 ibi
1065 3537 1272 3580 castellum
1296 3537 1422 3579 :adifi-

181 3609 346 3650 oerunt‚
371 3610 472 3643 teste
498 3603 702 3658 Procopio
731 3604 794 3643 De
823 3601 919 3643 hell.
942 3601 1073 3643 Goth.
1104 3602 1182 3651 IV,
1201 3604 1225 3650 4
1247 3614 1291 3657 p.
1322 3602 1419 3655 473,

182 3663 257 3720 qui
286 3663 521 3718 Pit-mntem
541 3679 564 3706 a
580 3664 849 3706 Dioscuriade
875 3663 1029 3705 distare
1051 3672 1170 3705 notat
1189 3665 1299 3705 δυοῖν
1331 3661 1422 3719 ἡμέ-

179 3739 267 3782 ραιν
288 3724 382 3782 ὁδῷ.
407 3726 594 3766 Zosimus
625 3729 666 3774 1,
690 3728 740 3766 32
771 3728 812 3767 in
844 3726 1019 3768 Gallieni
1049 3726 1221 3769 historia
1250 3726 1420 3782 Pityun-

181 3796 266 3830 tem
280 3786 490 3830 castellum
508 3786 610 3829 dicit
625 3788 746 3842 τείχει
764 3804 803 3829 τε
829 3790 1000 3845 μεγίστῳ
1015 3789 1341 3845 περιὸεὸλημένον
1356 3789 1421 3830 καὶ

180 3848 322 3904 λιμένα
344 3846 602 3905 εὗορμότατον
627 3847 786 3903 ἔχοντα.
811 3851 893 3891 Sita
913 3860 999 3892 erat
1019 3850 1091 3892 ubi
1115 3865 1227 3892 nune
1248 3859 1307 3892 est
1327 3850 1420 3892 Pie-

181 3909 332 3952 sunda.
367 3911 571 3953 Distantia
590 3919 726 3952 tamen
757 3925 824 3966 ap.
854 3913 1076 3953 Arrianum
1111 3923 1151 3954 et
1178 3912 1419 3955 Strabonem

177 3969 292 4026 Justo
319 3972 456 4014 minor
484 3980 559 4023 est,
581 3986 712 4028 quum
734 3972 840 4014 linea
865 3982 975 4015 recta
1004 3989 1026 4015 a
1051 3978 1137 4030 Cap
1154 3974 1350 4016 Iskuriali
1368 3973 1420 4016 ad

183 4032 391 4075 Piesumla
411 4035 452 4075 in
480 4035 638 4091 mappis
656 4036 808 4077 nostris
826 4036 907 4077 sint
924 4036 1054 4077 stadia
1072 4040 1169 4083 400.
1194 4035 1316 4092 Apud
1339 4035 1421 4078 Pli-

1323 196 1576 244 Annum

1456 1758 1462 1764 ”
1490 1754 1633 1797 stadiis
1669 1754 1840 1797 distans.
1901 1754 2007 1798 Inde
2032 1755 2086 1797 ad
2128 1756 2307 1799 Niticam
2339 1766 2506 1800 eentum
2538 1768 2580 1801 et
2609 1759 2735 1816 quin·

2698 57 2760 82 *³3*

2701 98 2750 131 ‘fr

2563 200 2632 267 (⁸⁷,
2649 179 2743 258 ιιι..

1486 304 1592 356 um,
1634 303 1707 347 ubi
1737 305 1861 347 ‚uuo
1901 306 2096 359 navibus,
2162 307 2416 365 uadi-aginta.
2444 346 2448 351 .
2477 313 2513 353 A
2548 311 2686 371 comiy

1488 377 1588 405 vero
1616 362 1668 405 ad
1699 364 2019 408 numentanam
2231 369 2316 413 ‘uta
2348 371 2559 426 quinque3
2590 382 2630 415 et
2666 376 2701 418 i·

1487 420 1624 462 statio.
1684 418 1752 461 Ab
1769 420 2045 463 Hermonassa
2273 431 2730 485 mnusque,sexagiu

1487 474 1633 516 stadia.
1694 474 1774 516 mc
1805 482 1851 516 tu
1881 483 2052 532 portum
2081 489 2202 518 curas
2230 477 2342 532 fies-ig
2379 494 2475 524 uam
2507 483 2607 525 olim
2651 506 2653 509 -
2721 492 2735 520 1.

1487 535 1631 586 statio,
1656 534 1730 577 ubi
1762 536 1903 577 aestivo
1941 544 2099 578 tantum
2131 545 2319 594 tempore
2350 554 2472 584 naves
2490 543 2533 585 in
2563 548 2726 590 ancoris

1488 602 1596 638 stare
1615 604 1819 652 poterant.
2774 646 2779 648 γ

1546 656 1616 698 25.
1648 658 1856 699 Locorum
1878 665 2014 699 autem
2037 658 2264 709 intervalla,
2284 660 2578 716 aTrapezunte
2593 678 2726 724 usqua
2782 671 2783 690 ³

1489 722 1542 766 ad
1560 723 1877 768 Dioscuriadem
1890 755 1903 776 ,
1922 725 2145 767 (luminum
2164 726 2384 768 intervallis
2405 727 2727 790 dimensasupn
2757 765 2762 770 .
2780 751 2781 754 ¹

1482 790 1572 848 jam
1593 793 1808 836 attulimus
1826 807 1837 836 ε
1854 808 1950 851 qua!
1963 795 1998 836 si
2016 795 2254 849 colligamus
2268 828 2277 845 ,
2296 804 2417 837 erunt
2432 811 2454 838 a
2471 798 2729 855 Trapemnoe
2766 801 2767 806 ’

1489 860 1544 903 ad
1568 861 1908 914 Dioscuriadem,
1941 877 2053 906 nune
2077 864 2374 921 sebastopolim
2398 865 2575 919 dictam,
2599 868 2728 915 stadia

1490 928 1554 971 bis
1570 930 1680 972 mille
1697 929 1878 972 ducenta
1896 932 2117 985 sexaginta.

1549 1001 1619 1039 26.
1650 1000 1788 1053 Atque
1816 997 1903 1039 haee
1931 997 2102 1054 quidem
2133 1001 2290 1042 itineris
2322 1001 2458 1045 dextri
2480 1018 2503 1045 a
2533 1006 2731 1061 Byzantio

1494 1066 1808 1109 Dioscuriadem
1831 1081 1962 1123 usque
1976 1098 1988 1119 ,
2022 1066 2135 1123 quod
2166 1077 2345 1111 eastrum
2368 1071 2529 1127 imperii
2553 1074 2730 1116 Romani

1492 1136 1693 1177 terminus
1725 1144 1787 1177 oet
1806 1150 1831 1177 a
1866 1135 2023 1177 dextris
2054 1136 2237 1177 Pontum
2271 1137 2620 1193 ingredientibus,
2643 1156 2730 1183 sese

1490 1203 1616 1247 oli'ert
1653 1205 1775 1246 ratio.
1830 1206 1980 1258 Quum
2022 1218 2120 1245 vero
2162 1205 2335 1261 Cotym,
2380 1220 2517 1261 regem
2555 1210 2729 1267 Bospori

1492 1275 1728 1325 Cimmerii,
1759 1273 2004 1315 defunctum
2036 1275 2342 1329 cognovissem,
2364 1290 2533 1332 operam
2554 1277 2731 1321 dedise·

1490 1342 1631 1384 ‹lulam
1647 1374 1660 1394 ,
1681 1351 1728 1383 ut
1742 1342 1850 1383 hanc
1868 1341 1943 1383 tibi
1965 1342 2088 1383 etiam
2104 1341 2157 1383 ad
2178 1344 2412 1399 Bosporum
2430 1345 2731 1401 navigationem

1489 1420 1675 1467 apertam
1697 1409 1914 1452 redderem
1938 1423 1948 1451 ε
1974 1418 2035 1461 ut,
2066 1411 2100 1451 si
2132 1410 2236 1466 quid
2266 1410 2370 1453 sorte
2387 1411 2441 1454 de
2461 1415 2647 1472 Bosporo
2665 1430 2732 1459 ea·

1490 1493 1590 1534 pere
1621 1478 1719 1520 velis
1748 1478 1935 1530 consilii,
1973 1478 2051 1520 hac
2078 1478 2151 1520 tibi
2185 1479 2444 1534 navigatione
2471 1485 2660 1536 cognita,
2687 1483 2730 1526 id

1490 1561 1611 1602 agere
1628 1547 1774 1603 possis.

1550 1629 1621 1670 27.
1651 1614 1913 1658 Solventibus
1945 1616 2082 1671 itaque
2112 1630 2136 1657 a
2169 1616 2440 1659 Dioscuriade
2470 1619 2605 1675 prima
2645 1634 2733 1663 sese

1491 1686 1615 1729 offert
1645 1688 1768 1729 statio
1800 1689 1842 1729 in
1875 1688 2090 1744 Pityunte,
2128 1689 2321 1731 trecentis
2355 1698 2396 1731 et
2431 1691 2731 1748 quinquaginta

1494 1826 1690 1880 quaginta
1720 1824 1880 1878 stadia,
1911 1824 1985 1867 ubi
2018 1825 2117 1868 olim
2151 1840 2249 1881 gens
2284 1827 2471 1883 Scythica
2504 1828 2731 1887 habitabat,v

1488 1986 1606 2027 nium
1624 1987 1702 2036 VI,
1727 1989 1769 2037 4,
1794 1988 1818 2039 S
1847 1989 1895 2036 ¹4
1916 1994 2010 2043 post
2039 1986 2322 2043 Sebastopolin
2349 1997 2604 2031 memoratur
2629 2003 2639 2031 :
2662 2004 2735 2048 op-
2755 1982 2759 1983 ⁷
2790 1980 2797 2039 ἶ

1481 2047 1633 2105 pidum
1658 2051 1837 2103 Cygnus,
1859 2050 2008 2101 flamen
2041 2058 2081 2090 et
2101 2048 2301 2106 oppidum
2333 2050 2484 2092 Penius
2508 2051 2730 2106 (Poent'us,
2749 2052 2760 2061 ⁰
2794 2041 2799 2071 ³

1490 2124 1575 2152 var.
1609 2111 1701 2152 lect.
1721 2111 1761 2167 )‚
1799 2110 1944 2152 deinde
1981 2111 2125 2152 multis
2161 2111 2397 2154 nominibus
2433 2113 2734 2157 Heniochorum

1486 2182 1640 2225 gentes.
1663 2173 1789 2229 Apud
1814 2174 2021 2229 Scylacem
2042 2182 2138 2229 post
2162 2174 2398 2216 Dioscurim
2421 2177 2608 2232 sequitur
2624 2176 2733 2233 Αἰγί·
2772 2180 2802 2226 -,,-ἰ

1488 2251 1573 2284 πιος
1594 2234 1766 2290 ποταμὸς
1789 2243 1831 2276 et
1850 2234 2002 2277 deinde
2024 2236 2250 2291 Μετάσωρις
2271 2237 2458 2293 ποταμός.
2490 2238 2734 2283 Ptolemaeus
2769 2235 2804 2289 [³

1489 2297 1670 2354 denique
1690 2299 1744 2339 ita
1764 2297 1886 2338 babet
1905 2310 1915 2338 z

1685 2393 1930 2448 Διοσκουριάς
2086 2395 2159 2448 7ιο
2190 2393 2254 2435 10'
2274 2418 2331 2426 —
2353 2395 2427 2444 46⁰
2450 2394 2520 2445 45'

1688 2455 1811 2511 Κόραξ
1832 2471 1921 2499 ποτ.
2087 2458 2161 2511 70⁰
2188 2455 2255 2499 30¹
2277 2481 2334 2489 —
2359 2460 2432 2511 47⁰
2470 2475 2487 2496 ο

1688 2518 1879 2575 Καρτερὸν
1896 2520 2027 2574 τεῖχος
2085 2521 2158 2573 7οο
2210 2539 2227 2555 ·
2275 2544 2333 2551 —
2355 2522 2429 2570 460
2454 2519 2520 2563 5ο’

1687 2581 1866 2637 Θέσσυρις
1887 2596 1975 2623 ποτ.
2085 2584 2159 2636 690
2186 2585 2252 2631 100'
2274 2605 2331 2613 —
2354 2585 2427 2636 47⁰
2468 2603 2485 2618 ι·

1666 2639 1892 2685 Ὀἰνάνθεια
2091 2647 2166 2698 690
2190 2643 2257 2694 40'
2274 2668 2334 2677 —
2357 2647 2432 2699 470
2459 2644 2524 2687 15⁹

1491 2734 1539 2774 In
1557 2732 1619 2773 his
1642 2735 1797 2787 Qrgnus
1813 2732 2014 2789 oppidum
2030 2731 2155 2773 hodie
2174 2732 2298 2774 suerit
2315 2733 2531 2784 Soukoum,
2558 2747 2636 2778 no
2655 2736 2762 2779 stap'
2796 2754 2801 2774 ι

1490 2794 1570 2835 diis
1595 2794 1648 2836 ab
1677 2794 1873 2837 Iskuriali
1903 2794 2094 2836 dissitum
2111 2825 2122 2845 ‚
2148 2794 2201 2835 ad
2236 2795 2407 2837 fluvium
2425 2827 2436 2847 ,
2463 2797 2535 2852 qui
2564 2791 2758 2845 sortasse(
2796 2828 2800 2836 ·

1491 2864 1552 2898 αι
1569 2855 1693 2913 Κόραξ
1707 2856 1931 2907 Ptolemaei,
1949 2855 2122 2913 Αἰγίπιος
2136 2857 2325 2913 Scylacis.
2345 2859 2466 2900 Certe
2483 2860 2540 2901 ita
2554 2858 2638 2902 sere
2654 2868 2733 2904 sta-
2749 2847 2757 2860 ⁵

1491 2918 1693 2961 tuendum
1705 2928 1780 2970 est,
1798 2920 1831 2960 si
1849 2918 2137 2963 distantiarum
2153 2921 2355 2962 rationem
2369 2920 2576 2964 habueris.
2593 2923 2734 2976 Quam
2754 2932 2759 2940 ’
2802 2947 2804 2955 ν

1493 2982 1524 3022 si
1549 2981 1652 3023 nihil
1678 2980 1905 3023 curandam
1928 2990 2070 3038 putes,
2099 2981 2238 3024 licebit
2264 2984 2461 3024 Coracem
2483 2997 2734 3040 componere

1491 3058 1586 3084 cum
1606 3042 1810 3085 hodierno
1830 3042 1968 3085 Kodor·
1984 3044 2126 3093 fluvio,
2150 3052 2191 3085 et
2212 3044 2401 3100 Καρτερδν
2418 3046 2550 3100 τεῖχος
2571 3059 2655 3087 non
2677 3045 2731 3088 ad

1491 3105 1700 3145 castellum
1720 3104 1886 3159 aliquod
1903 3104 2077 3156 referre,
2098 3104 2168 3146 sed
2184 3105 2236 3146 ad
2257 3119 2440 3157 murum,
2456 3120 2542 3161 quo
2557 3107 2732 3150 Dioscu-
2762 3119 2767 3126 ⁴

1492 3165 1617 3206 riadis
1637 3166 1778 3207 incolae
1798 3166 1996 3206 ditionem
2017 3166 2130 3207 urbis
2152 3174 2296 3208 contra
2318 3166 2513 3209 barbaros
2535 3170 2731 3212 muniisse

1493 3226 1710 3277 videntum
1734 3227 1884 3268 rudera
1906 3226 1993 3281 ejus
2022 3228 2122 3269 vidit
2144 3228 2304 3269 Dubois
2326 3231 2342 3281 (
2365 3230 2467 3284 Vos.
2503 3232 2538 3280 1,
2562 3244 2605 3287 p.
2633 3231 2729 3287 307.
2755 3243 2761 3246 “

1494 3290 1623 3346 315),
1645 3291 1715 3344 qui
1745 3289 1797 3330 ad
1816 3288 1993 3330 eundem
2027 3291 2232 3345 pertinere
2262 3292 2492 3346 suspicatur
2526 3291 2745 3349 Κοραξικδν.

1492 3354 1623 3406 τεῖχος
1651 3352 1846 3407 Stephani
1878 3354 2076 3408 Byrantii.
2094 3377 2150 3384 —
2173 3354 2407 3408 pityuntem
2431 3362 2472 3395 et
2493 3356 2704 3410 proximu
2732 3392 2735 3398 ,

1493 3413 1584 3454 urbi
1609 3414 1780 3454 fluvium
1813 3413 1969 3455 Plinius
2005 3417 2028 3467 s
2055 3417 2101 3463 14
2129 3415 2232 3470 (qui
2257 3414 2370 3457 locus
2401 3424 2542 3472 aperte
2564 3431 2647 3460 non
2691 3439 2747 3452 -2

1491 3476 1637 3518 eodem
1667 3477 1779 3517 lonte
1816 3477 1950 3526 fluxit,
1972 3491 2021 3517 ex
2043 3491 2128 3532 quo
2159 3492 2335 3533 sequens
2363 3492 2529 3533 segmen
2553 3481 2701 3536 petitu·
2725 3491 2737 3522 *ε

1491 3542 1583 3593 est)
1602 3539 1803 3595 appellare
1820 3538 1982 3579 videtur
1999 3542 2188 3590 Peneum,
2210 3539 2326 3596 cujus
2352 3540 2444 3583 loeo
2466 3541 2614 3598 Pity-us
2638 3575 2642 3578 »
2662 3564 2677 3577 u
2731 3572 2734 3582 2

1492 3609 1608 3657 ptum
1637 3610 1696 3642 est
1732 3616 1753 3642 a
1790 3601 1972 3643 Bai-baro
2007 3610 2047 3643 et
2074 3601 2608 3659 Dalecampio.·1·'ortassel
2643 3625 2698 3654 'a'
2720 3622 2734 3645 s

1491 3662 1590 3704 dum
1606 3664 1772 3712 Pincus,
1789 3663 1901 3719 quod
1922 3664 2045 3706 latine
2064 3663 2253 3706 redderet
2272 3665 2517 3708 vocabulum
2535 3678 2712 3722 graecutn
2729 3675 2734 3710 ἒ,

1492 3725 1661 3768 Accedit
1677 3725 1787 3781 quod
1812 3726 1932 3766 sicuti
1953 3725 2243 3768 Artemidorus
2270 3726 2506 3769 Heniochos
2528 3741 2659 3784 usque
2704 3736 2734 3771 μθ
2787 3779 2790 3782 ,

1491 3791 1724 3843 Pityunte-m
1747 3789 1992 3844 pertinuisse
2010 3787 2127 3839 dicit,
2151 3790 2211 3830 sic
2234 3788 2343 3832 idem
2363 3788 2415 3831 de
2440 3791 2577 3832 Peneo
2605 3788 2682 3833 rel*-
2715 3794 2728 3842 J
2747 3811 2749 3814 ·
2766 3783 2786 3799 ‘⁵

1490 3850 1659 3891 Plinius.
1683 3852 1872 3905 Denique
1891 3864 1991 3891 num
2011 3849 2158 3892 eodem
2181 3852 2383 3907 pertineat
2401 3852 2617 3909 Thessyris
2649 3862 2656 3873 ·
2678 3875 2698 3886 ·=
2720 3859 2721 3863 ’

1490 3912 1635 3963 Ιοπιωί,
1660 3915 1877 3954 Metasoris
1913 3913 2102 3969 Scylacis,
2128 3914 2267 3955 nescio
2299 3914 2484 3970 quidem,
2517 3915 2624 3971 prob
2662 3922 2691 3947 ·‘
2787 3948 2790 3954 .

1494 3982 1630 4015 tamen
1662 3991 1748 4016 esse
1772 3974 1951 4017 videtur.
1978 3977 1994 4029 ΙΙ
2018 3998 2075 4008 -
2093 3988 2162 4017 22.
2195 3975 2230 4017 N
2246 3975 2416 4030 ιτική],
2449 3975 2615 4019 aliunde
2658 3998 2662 4010 ·
2739 3991 2742 3995 ’

1499 4045 1616 4087 nota;
1644 4036 1836 4078 distantia
1856 4036 1969 4083 ducit
1986 4036 2037 4078 ad
2060 4040 2217 4094 lte-prem
2241 4037 2281 4080 n.
2301 4045 2340 4079 et
2360 4037 2492 4091 Gagri
2512 4052 2610 4095 opp.
2636 4037 2654 4094 fl
