2756 4354
129 188 265 224 exul
455 215 499 257 ·

130 295 206 332 tur
223 298 369 344 usquc
390 281 447 328 ad
465 281 671 342 Oponem
686 292 743 322 ex
763 274 956 326 tabulis,
980 284 1082 330 quae
1107 262 1368 311 annotatio-

131 374 235 405 nem
255 356 474 404 scribenti
492 362 656 416 praesto
676 349 788 396 mibi
809 355 966 403 erant,
982 341 1151 388 certius
1170 337 1368 383 ‹lefinire

135 450 226 479 non
246 442 478 495 poteram3
502 428 672 475 scilicet
696 424 808 469 fides
836 419 1095 466 tabularum
1108 450 1123 475 ,
1143 430 1248 476 quai
1264 422 1369 459 ante

134 508 261 554 illam
310 504 526 552 Carlessii
566 505 579 559 (
597 495 997 557 Trigonomem’cal
1027 505 1183 547 sur-ver
1213 488 1276 539 of
1296 489 1370 533 the

135 582 398 630 North-ease
409 587 532 623 coast
545 574 606 632 of
613 572 769 629 affrica
788 572 844 627 ὁ]
860 571 1004 614 Lieut.
1027 569 1077 624 T.
1098 567 1152 612 G.
1172 566 1366 618 Car-less,

135 660 304 703 Indiae·
326 669 455 710 nuos.
480 649 623 707 1838)
642 644 938 707 prodierunt,
958 642 1009 688 in
1030 641 1116 687 hac
1128 654 1224 686 orae
1241 647 1371 701 parte

137 745 267 792 paene
288 727 413 772 nulla
430 734 522 779 est;
545 736 691 781 neque
713 734 816 780 quae
843 727 947 780 post
965 732 1042 764 an.
1067 716 1187 763 1838
1206 714 1256 760 in
1278 728 1374 776 pu-

137 804 308 850 blicum
333 800 468 846 edite
490 805 621 852 sunt,
647 803 869 857 quantum
891 790 1105 855 equidem
1122 788 1248 848 scio,
1272 789 1371 833 An-

138 880 198 938 gli
241 877 374 923 istius
407 889 593 936 operam
633 872 681 917 in
724 886 836 917 usus
877 884 986 916 suos
1025 873 1370 914 converterunt.

137 953 264 999 Nunc
300 953 482 996 demum
514 945 729 992 Carlessii
768 945 951 1007 mappis
989 943 1166 1005 potitus
1191 954 1295 1001 quas
1314 938 1373 984 ad

138 1029 273 1073 situm
286 1026 450 1071 horum
467 1022 782 1084 emporiorum
802 1020 1035 1082 pertinent
1049 1016 1213 1063 melius
1237 1028 1374 1076 quam

138 1103 185 1147 in
209 1100 504 1147 annotatione
525 1098 610 1143 feci
633 1096 865 1158 explicare
883 1093 1084 1139 tentabo.
1105 1116 1171 1127 —
1194 1089 1378 1136 Plinius

137 1176 215 1233 vt,
240 1176 340 1236 345
367 1180 451 1232 ι7ί.
473 1189 499 1220 0
522 1174 629 1219 sinu
649 1169 846 1218 Arabico
866 1171 915 1215 in
941 1167 1155 1214 Aualiten
1185 1178 1378 1227 progre-

139 1251 271 1297 diens
285 1250 486 1312 primum
510 1256 734 1293 memorat
749 1247 959 1305 oppidum
987 1245 1176 1294 Gazam,
1211 1239 1379 1285 deinde

134 1331 475 1387 promontorium
509 1335 554 1369 et
582 1334 760 1384 portum
796 1324 1075 1378 Mossyliten.
1109 1318 1230 1363 Gaza
1267 1331 1379 1361 vero

141 1413 297 1467 aperte
324 1412 393 1447 est
412 1400 687 1446 hodiernum
706 1399 887 1443 Bunder
901 1398 1054 1440 Gaze‘m
1075 1394 1174 1455 (47⁰
1198 1393 1324 1452 long.
1347 1389 1378 1453 ),

143 1490 279 1541 caput
291 1478 439 1539 gentis
450 1513 462 1535 ,
478 1492 581 1539 quae
594 1485 783 1521 vocatur
800 1474 1113 1532 Miffertlxaine
1126 1472 1379 1528 Somaub‘s.

143 1554 360 1615 Quinque
382 1553 511 1598 locus
530 1560 704 1597 constat
726 1548 1046 1603 munimentis,
1080 1562 1182 1608 quae
1201 1545 1384 1604 singula

145 1640 305 1691 puteos
324 1629 519 1685 habent,
537 1639 582 1674 et
603 1637 783 1673 centum
810 1626 902 1671 fere
921 1625 1133 1685 tuguriis.
1161 1622 1384 1668 Proxime

145 1705 254 1751 hinc
288 1720 448 1751 versus
476 1705 700 1750 orientem
733 1712 909 1748 montes
928 1700 1141 1747 altissimi
1159 1699 1215 1745 ad
1236 1699 1382 1760 ipsam

146 1796 274 1827 oram
316 1780 560 1836 accedunt,
590 1782 741 1836 Djibel
775 1778 980 1822 Amat-ah
1023 1776 1162 1836 (5000
1193 1774 1312 1836 ped.)
1336 1774 1385 1819 in

148 1858 237 1901 Bas
248 1856 454 1900 Amat-ah
470 1855 648 1910 exiens,
663 1864 707 1898 et
728 1864 834 1915 post
849 1854 910 1897 60
925 1851 1072 1898 stadia
1088 1849 1212 1896 alind
1221 1848 1383 1910 jugum

149 1930 287 1990 (4600
310 1929 416 1992 ped.
437 1928 472 1992 ),
490 1929 615 1990 quod
638 1929 809 1974 desinit
839 1928 888 1973 in
908 1930 998 1973 nas
1026 1924 1305 1986 Gori‚·juxta
1338 1923 1385 1969 id

149 2005 326 2066 adjacet
362 2008 519 2063 Djt'bel
548 2006 771 2051 Haismah
814 2004 967 2067 (3800
998 2002 1102 2065 ped.
1126 2003 1157 2065 l.
1202 2002 1388 2047 Summa

149 2082 374 2128 montium
397 2080 535 2144 plana
573 2091 678 2128 sunt
713 2079 954 2141 thui-isque
976 2077 1220 2123 arboribus
1252 2087 1383 2123 tecta.

149 2156 204 2203 ln
220 2158 366 2204 altero
391 2158 556 2204 borum
584 2159 1006 2220 promontoriorum
1051 2154 1385 2214 Mossyliticum

150 2243 357 2280 nostrum
381 2234 677 2295 quaerendum
702 2243 785 2279 est.
813 2232 1018 2278 Altitudo
1039 2229 1142 2292 ejus
1163 2230 1211 2275 in
1230 2244 1389 2276 caussa

153 2310 293 2357 fuisse
325 2310 511 2356 videtur
542 2321 592 2356 ut
626 2310 852 2369 insignem
876 2309 919 2354 ei
939 2308 1214 2354 Ptolemaeus
1237 2307 1388 2352 locum

150 2384 199 2429 in
223 2383 394 2431 tabulis
411 2379 679 2430 concederet
697 2386 924 2444 longeque
953 2384 1002 2428 in
1027 2398 1169 2438 mare,
1186 2380 1385 2443 projice·

151 2469 236 2508 ret.
265 2459 433 2506 Portus
448 2471 596 2506 autem
617 2470 662 2505 et
679 2460 937 2519 emporium
958 2459 1095 2504 fuerit
1114 2458 1388 2504 hodiernum

152 2537 332 2580 Btmder
358 2537 552 2591 Bar-the,
577 2535 636 2581 ab
660 2540 749 2580 Ras
790 2536 996 2579 Antaroh
1022 2550 1080 2590 70
1116 2535 1208 2579 sere
1230 2534 1390 2580 stadiis

153 2625 362 2656 occasum
381 2625 543 2655 versus
560 2610 752 2665 distans,
773 2619 960 2670 puteum
979 2608 1152 2653 habens
1166 2618 1209 2653 et
1232 2609 1390 2654 castel·

155 2685 249 2729 lum
274 2694 319 2729 et
358 2685 487 2730 vicos
523 2684 655 2730 duos.
693 2683 826 2728 Alius
855 2683 986 2728 vicus
1019 2684 1171 2727 Bor-ala
1206 2684 1392 2729 nomine

155 2758 356 2803 occurrit
372 2758 428 2803 ad
448 2761 541 2818 Cap
562 2760 679 2812 Gor-1⁰,
706 2761 857 2803 minus
873 2758 952 2803 ille
974 2757 1031 2804 ad
1052 2758 1389 2818 navigationem

157 2833 442 2880 commodus.
465 2834 602 2889 Gaza,
617 2849 753 2894 quam
766 2848 793 2879 0
806 2832 929 2879 Juba
949 2833 1132 2881 Plinius
1152 2844 1391 2894 memorat,

156 2923 299 2970 quum
337 2924 365 2954 a
395 2907 560 2954 Nostro
591 2923 683 2953 non
715 2908 994 2963 nominetur,
1015 2918 1281 2955 mercaturae
1307 2910 1391 2955 sre-

156 2986 345 3046 quentia
374 2983 432 3030 ab
463 2984 544 3030 illa
580 2983 832 3045 Mossylum
869 2984 1106 3045 paullatim
1133 2985 1394 3032 transducta

155 3074 256 3108 esse
275 3059 477 3115 videtur,
499 3059 673 3121 quippe
694 3058 819 3120 quod
849 3059 964 3121 ipsis
987 3059 1221 3106 montibus
1246 3061 1392 3107 thuri-

158 3137 269 3183 feris
286 3134 570 3197 subJacebat.
599 3136 744 3182 Distat
766 3151 792 3181 a
825 3135 1000 3182 Mundu
1042 3138 1159 3183 1300
1183 3136 1274 3182 sere
1296 3147 1394 3183 sta-

156 3212 250 3270 dia,
273 3211 521 3259 secundum
549 3212 779 3273 periplum
812 3212 884 3258 δύο
921 3212 1095 3275 δρόμους
1127 3212 1154 3269 ἢ
1188 3219 1310 3275 τριῖς.
1335 3240 1393 3249 -

160 3288 225 3335 Τὸ
243 3287 465 3350 λιγόμινον
487 3288 866 3349 Νιιλοπτολιμαῖον
892 3287 953 3351 (l.
975 3287 1305 3347 Νιιλοποτάμιον
1324 3289 1394 3335 vel

161 3363 475 3423 Νιιλοποταμία
486 3365 529 3424 t)
549 3363 747 3425 pertinet
761 3363 819 3409 ad
834 3363 1027 3409 fluvium
1048 3363 1159 3410 satis
1173 3363 1395 3425 amplum,

161 3439 241 3499 qui
269 3440 527 3485 minoribus
553 3438 834 3500 quibusdam
851 3449 1010 3486 auctus
1033 3449 1136 3502 post
1157 3441 1243 3486 130
1267 3455 1293 3486 a
1308 3443 1399 3485 Bas

164 3514 270 3558 Gore'
298 3514 444 3559 stadia
464 3515 682 3560 occurrit.
718 3515 784 3560 De
811 3530 865 3561 eo
891 3515 955 3560 ita
975 3514 1023 3560 in
1047 3514 1203 3562 tabula
1219 3515 1398 3562 Carles·

163 3587 262 3634 sius
284 3605 294 3632 ι
325 3607 344 3627 ι
374 3586 511 3633 River
525 3588 636 3634 with
662 3604 688 3633 a
707 3599 872 3635 stream
890 3589 943 3635 os
952 3589 1038 3636 salt
1056 3601 1196 3636 water
1217 3591 1242 3636 5
1267 3589 1399 3637 miles

166 3661 284 3709 stom
309 3662 384 3709 the
422 3677 523 3720 sea,
561 3663 803 3723 navigable
836 3664 906 3710 sor
940 3663 1069 3710 small
1095 3663 1228 3711 boats
1250 3680 1313 3726 up
1352 3676 1399 3712 to

119 3761 130 3771 ·
163 3736 242 3784 tbe
262 3746 387 3785 town
406 3747 452 3783 at
464 3737 575 3797 high
597 3748 759 3796 water5
784 3738 1045 3800 discharges
1061 3755 1087 3785 a
1109 3739 1234 3799 large
1256 3755 1398 3801 quan-

166 3811 254 3874 tity
289 3813 342 3857 of
362 3820 503 3859 water
524 3811 696 3873 during
716 3813 793 3859 the
819 3814 952 3873 rainy
995 3829 1176 3862 season.
1216 3837 1234 3856 n
1270 3817 1400 3863 Ostio

166 3885 343 3948 adjttcet
376 3886 736 3945 munimentum3
772 3891 928 3950 paucis
951 3888 1059 3935 hinc
1082 3890 1244 3938 stadiis
1270 3907 1400 3938 occa-

166 3977 267 4010 sum
286 3978 445 4011 versus
460 3963 606 4010 ruinae
624 3974 816 4011 exstant.
835 3963 887 4011 ln
906 3964 1247 4014 mediterrancis
1266 3974 1323 4022 40
1341 3968 1400 4014 01)

1179 149 1658 203 PROLEGOMENA.

1436 259 1559 306 ostio
1585 257 1747 305 stadiis
1763 256 1820 303 ad
1841 257 1991 316 ipsum
2014 254 2205 301 fluvium
2222 253 2447 315 oppidum
2467 263 2538 300 est
2564 280 2584 314 ‚⁵
2650 262 2660 279 ¹>

1435 337 1517 379 der
1530 335 1695 394 ΚΙροκ.
1719 332 1820 379 Huc
1837 332 2036 394 pertinet
2059 328 2178 385 Κόὸη
2195 317 2392 391 ἐμπόριοῦ
2412 327 2525 391 (80⁰)
2545 344 2628 391 qu.

1437 410 1710 457 Ptolemaeus
1738 407 1937 454 medium
1970 406 2115 470 ponit*
2133 408 2251 450 inter
2276 403 2529 465 Mossylum
2554 404 2637 470 (ῃἸ

1431 495 1476 531 et
1498 484 1797 544 Elephantem
1819 491 2019 528 montem
2054 480 2194 540 (81⁰).
2224 478 2375 533 Quum
2395 478 2445 524 in
2475 481 2561 525 hoc
2595 502 2603 519 .

1439 571 1515 607 ctu
1540 559 1726 607 nonnisi
1746 559 1938 618 integris
1964 555 2187 618 gradibus
2210 554 2450 600 distantias
2466 555 2570 603 loco
2609 578 2613 594 ·

1436 637 1714 697 distinguat,
1740 651 1832 681 non
1862 632 2134 696 premendas
2168 646 2267 677 esse
2290 646 2524 678 mensuras
2540 630 2670 691 in·-vv

1437 713 1615 774 ligitur.
1654 711 1820 757 Melius
1869 725 1978 756 sane
2018 708 2246 754 distantiae
2291 705 2595 767 quadrarent,
2633 706 2677 756 si

1442 786 1585 844 Κόῦην
1605 786 1775 832 referre
1796 785 1910 831 velis
1932 784 1988 830 ad
2009 787 2173 828 Yibour
2193 785 2347 837 Kube'r,
2381 792 2426 827 at
2448 780 2535 827 hoc
2554 796 2679 843 non-

1438 863 1530 910 nisi
1543 860 1912 924 promontorium
1927 868 1996 905 est
2010 857 2293 904 habitatione
2306 872 2518 914 vacuum,
2534 854 2676 919 idque

1440 937 1783 999 Kabir(1(eb1'r)
1804 935 1905 981 sive
1923 949 2132 994 magnum
2165 943 2357 979 vocatur
2388 943 2439 978 ut
2460 947 2486 978 a
2523 930 2680 994 proxit

1440 1029 1516 1059 mo
1550 1014 1712 1056 Yibour
1729 1005 2099 1070 Sughe'r(Segle1‘r-)
2121 1006 2220 1052 sive
2251 1023 2392 1067 parvo
2425 1007 2679 1067 distingua-

1443 1098 1534 1134 tur.
1558 1113 1619 1122 —-
1641 1085 1871 1144 Deinceps
1899 1090 2211 1128 memorantur
2232 1082 2479 1143 Ταπαπηγη
2496 1080 2602 1143 (sic)
2630 1091 2677 1127 et
2703 1128 2706 1131 Α

1444 1162 1608 1224 δαφνὼν
1642 1159 1802 1221 μικρός.
1837 1158 2096 1218 Utrumque
2115 1170 2280 1201 nomen
2305 1154 2360 1201 ad
2386 1154 2580 1201 eundem
2602 1155 2678 1201 10-

1443 1253 1546 1283 cum
1571 1236 1807 1298 pertinere
1830 1243 1968 1296 puto,
1997 1241 2049 1278 ut
2078 1246 2187 1277 mox
2213 1229 2405 1277 Ἀκάνναι
2443 1240 2488 1276 et
2519 1227 2681 1294 δαφνὸν

1446 1313 1597 1373 μέγας
1620 1312 1812 1357 alterum
1827 1318 1896 1355 est
1910 1307 2023 1363 vici,
2049 1309 2239 1353 alterum
2261 1305 2512 1367 adjacentis
2531 1305 2679 1352 laure-

1449 1388 1500 1434 ti.
1518 1387 1653 1449 Apud
1665 1385 1942 1432 Carlessium
1961 1392 2067 1446 post
2077 1383 2301 1429 minorem
2311 1383 2486 1439 vicum,
2500 1382 2682 1428 Oen-bah

1447 1463 1656 1519 nomine,
1691 1477 1798 1507 mox
1831 1460 2041 1520 sequitur
2063 1474 2293 1504 amoenum
2314 1458 2473 1504 viretis
2506 1456 2683 1504 frutici·

1445 1538 1626 1599 busque
1649 1536 1899 1599 oppidum,
1922 1536 2104 1579 Bunder
2126 1534 2353 1592 ΜανιζγαΙι,
2381 1533 2456 1579 cui
2476 1531 2683 1595 superja-

1448 1620 1553 1660 cent
1599 1612 1848 1659 celsissimi·
1879 1620 2055 1656 montes
2099 1610 2245 1668 (5000
2270 1608 2406 1671 ped.)
2458 1608 2686 1656 thuriferi.

1450 1689 1603 1750 Prope
1619 1697 1802 1733 notatur
1825 1701 1954 1747 aquae
1965 1685 2186 1730 fluentum
2211 1684 2260 1729 in
2273 1682 2487 1745 paludem
2510 1683 2685 1732 exiens.

1454 1787 1473 1804 ι
1506 1763 1689 1809 Bunder
1715 1762 1927 1820 Mur-(rab
1948 1761 1989 1805 is
2013 1759 2089 1804 the
2106 1758 2336 1820 principal
2357 1767 2479 1804 town
2514 1773 2576 1804 on
2594 1757 2688 1810 this

1449 1840 1620 1902 partos
1642 1839 1716 1884 the
1737 1847 1877 1894 coast,
1898 1835 1987 1881 and
2004 1836 2214 1881 contains
2236 1835 2261 1879 5
2281 1834 2408 1883 forts.
2434 1854 2454 1876 υ
2476 1820 2717 1901 Cuma}

1452 1918 1588 1963 Hunc
1619 1915 1763 1975 igitur
1802 1914 1953 1959 locum
1991 1911 2165 1974 Peripli
2206 1920 2366 1957 auctor
2396 1908 2718 1962 indicaverit,

1453 1991 1589 2055 Apud
1612 1990 1882 2036 Strabonem
1903 1997 2095 2033 vocatur
2114 1989 2302 2049 Δαφνοῧς
2320 1984 2447 2046 λιμὴν
2466 1983 2539 2032 καὶ
2557 1973 2716 2038 wora-⁶,

1452 2067 1529 2129 μία
1568 2067 1820 2119 Ἀπόλλωνος
1860 2063 2113 2125 καλουμένη.
2148 2063 2431 2111 Vocabulum
2467 2080 2708 2127 tartum.

1452 2144 1502 2189 in
1541 2143 1644 2205 ipso
1674 2142 1833 2189 codice
1863 2150 2093 2201 tamquam
2123 2149 2392 2201 corruptum
2418 2137 2702 2204 exhibetur&
2734 2127 2737 2155 ³

1452 2234 1556 2280 quae
1579 2217 1765 2279 quidem
1802 2215 2005 2262 nominis
2039 2214 2301 2276 corruptela
2340 2224 2386 2260 et
2421 2214 2707 2274 graecissans,
2738 2242 2739 2247 =

1453 2294 1570 2341 illud
1600 2293 1853 2346 Ἀπόλλωνος
1887 2306 1943 2338 ex
1965 2289 2124 2338 eodem
2152 2291 2277 2336 sonte
2302 2289 2601 2339 manaverint.
2626 2312 2693 2328 —

1453 2370 1631 2435 Ἐλέφας
1665 2368 1921 2432 ἀκρωτήριον
1947 2378 2017 2415 est
2047 2371 2137 2413 Ras
2171 2370 2220 2412 el
2253 2370 2348 2427 Fa,
2388 2368 2470 2422 [ιδ’
2489 2365 2562 2413 28'
2587 2365 2602 2431 (
2627 2376 2631 2384 ’
2652 2392 2676 2405 ιΔ
2700 2415 2706 2422 „

1455 2448 1643 2501 Feeluk‚
1678 2446 1767 2491 800
1786 2444 1874 2491 feet
1895 2442 2034 2503 high,
2062 2441 2233 2505 shaped
2257 2442 2349 2488 like
2370 2456 2428 2488 an
2450 2441 2664 2505 elephant
2674 2447 2698 2499 ,²

1454 2533 1687 2594 generally
1726 2531 1871 2577 called
1899 2533 1965 2591 by
2002 2530 2077 2575 the
2100 2529 2278 2575 natives
2302 2528 2390 2575 Ras
2413 2528 2634 2575 Belmook
2666 2542 2701 2573 ι

1453 2610 1698 2668 (ἰηιεεε).
1731 2607 2017 2666 Quamquam
2056 2605 2143 2650 hoc
2176 2619 2343 2649 nomen
2366 2603 2426 2650 ab
2463 2603 2696 2664 indigeni

1456 2684 1727 2730 transfertur
1755 2682 1810 2728 ad
1843 2681 2208 2744 promontorium
2236 2680 2411 2726 hu'mile
2446 2690 2492 2727 et
2524 2695 2709 2728 areno-

1454 2776 1555 2806 sum
1573 2794 1586 2816 ,
1613 2757 1736 2819 quod
1761 2757 1819 2803 ab
1844 2757 1927 2802 illo
1950 2767 2018 2802 est
2033 2771 2242 2802 occasum
2265 2771 2427 2802 versus
2446 2755 2543 2817 (48⁰
2583 2754 2673 2819 23')
2701 2767 2710 2783 -’

1453 2846 1498 2881 οι
1537 2835 1583 2880 in
1621 2833 1887 2895 propinquo
1911 2831 2049 2877 habet
2072 2832 2221 2877 locum
2254 2833 2439 2876 Bemder
2467 2832 2618 2881 Fituk.
2649 2829 2670 2879 1

1457 2910 1603 2965 locus,
1645 2908 1729 2954 etsi
1766 2907 1947 2953 ancoris
1967 2906 2196 2967 jaciendis
2220 2905 2512 2963 commodus,
2536 2921 2673 2970 empo
2703 2948 2705 2950 .

1458 2987 1577 3031 rium
1621 2983 1837 3029 habuisse
1867 2998 1958 3028 non
1994 2981 2199 3038 videtur3
2231 2990 2511 3027 memoratur
2543 2989 2704 3034 turn.⁴>

1458 3060 1579 3121 apud
1603 3058 1871 3104 Strabonem
1897 3063 1965 3114 (ex
1989 3056 2307 3114 Artemidoro)
2333 3054 2490 3102 verbis
2515 3054 2658 3120 Ἐλίφ
2683 3085 2698 3104 -.

1456 3136 1505 3181 τὸ
1522 3135 1612 3197 ὄρος
1635 3134 1704 3179 καὶ
1738 3131 1946 3195 διῶρυξ.
1986 3132 2211 3178 Nimirum
2248 3147 2387 3192 quum
2423 3131 2478 3176 ad
2518 3133 2654 3178 Bemd
2700 3147 2714 3178 ·,

1461 3210 1594 3255 Filulc
1615 3225 1695 3271 per
1711 3218 1922 3267 angustas
1942 3208 2090 3252 fauces
2114 3221 2238 3251 mare
2261 3206 2400 3251 intret
2416 3205 2462 3251 in
2482 3204 2639 3267 palud·
2696 3247 2698 3250 .

1460 3285 1597 3344 longe
1618 3294 1871 3346 patentem,
1897 3282 1942 3327 id
1968 3283 2116 3343 ipsum
2142 3296 2255 3326 voce
2278 3278 2423 3343 διῶρυξ
2448 3280 2679 3329 indicatur.

1461 3361 1614 3409 Sensit
1648 3375 1740 3405 rem
1769 3358 2039 3404 Letronnius
2071 3358 2127 3404 ad
2160 3357 2371 3405 Strabon.
2398 3373 2520 3406 vers.
2550 3357 2659 3418 gall.
2690 3372 2694 3376 “

1468 3457 1487 3478 ι
1514 3436 1728 3490 Strabon,
1753 3434 1832 3488 ait,
1860 3433 2044 3489 entend,
2067 3433 2117 3494 je
2136 3421 2271 3489 croiS,
2292 3449 2353 3479 un
2378 3432 2435 3479 de
2451 3447 2524 3480 ces
2542 3432 2702 3480 ensons‘

1462 3520 1663 3558 cements
1691 3510 1850 3555 etroits
1880 3513 1941 3555 οὺ
1966 3511 2008 3555 10
2040 3525 2137 3554 mer
2159 3519 2287 3555 entre
2316 3519 2361 3555 et
2383 3511 2569 3571 penetre
2596 3510 2622 3556 δ

1463 3588 1616 3634 marce
1638 3587 1771 3631 haute
1794 3601 1917 3632 assez
1935 3596 2072 3631 avant
2093 3585 2205 3631 dans
2227 3587 2291 3631 les
2308 3595 2474 3645 terres,
2496 3595 2541 3631 et
2562 3582 2685 3646 qu'o·

1463 3661 1643 3725 appelle
1672 3663 1819 3706 creeks
1846 3677 1902 3707 en
1932 3662 2198 3721 Angleterre
2220 3671 2264 3707 et
2300 3676 2356 3707 en
2379 3660 2644 3721 Amerique.

1463 3740 1665 3799 Elephas
1669 3740 1836 3796 flue-lus
1868 3740 1915 3784 in
1938 3738 2124 3801 Periplo
2148 3748 2424 3784 memoratus
2442 3738 2500 3783 ab
2522 3737 2718 3783 orient

1462 3815 1768 3877 promontorii
1825 3814 1997 3861 labitur
2055 3815 2102 3860 in
2161 3815 2294 3860 alveo
2331 3811 2618 3875 profundissi
2650 3833 2655 3843 =

1463 3892 1480 3953 (
1501 3913 1519 3931 ι
1541 3890 1628 3937 bed
1646 3893 1741 3936 osa
1766 3895 1886 3937 river
1911 3893 2002 3938 250
2021 3892 2049 3939 s.
2074 3891 2189 3953 deep
2206 3901 2249 3937 et
2270 3906 2363 3952 9⁰0
2392 3889 2526 3936 wide.
2547 3889 2597 3935 ln
2626 3885 2693 3934 tl·

1465 3967 1552 4029 dry
1576 3983 1735 4014 season
1756 3967 1831 4013 tlte
1848 3968 1974 4013 river
1995 3968 2034 4014 is
2061 3966 2301 4026 navigable
2323 3965 2393 4011 sor
2411 3963 2544 4010 boats
2563 3964 2659 4009 301·
2679 3990 2682 3996 ,
