<?xml version="1.0" encoding="UTF-8"?>
<!DOCTYPE html PUBLIC "-//W3C//DTD XHTML 1.0 Transitional//EN"
    "http://www.w3.org/TR/xhtml1/DTD/xhtml1-transitional.dtd">
<html xmlns="http://www.w3.org/1999/xhtml" xml:lang="en" lang="en">
 <head>
  <title>
</title>
<meta http-equiv="Content-Type" content="text/html;charset=utf-8" />
  <meta name='ocr-system' content='tesseract 3.04.00' />
  <meta name='ocr-capabilities' content='ocr_page ocr_carea ocr_par ocr_line ocrx_word'/>
</head>
<body>
  <div class='ocr_page' id='page_1' title='image "./geographigraeci00mueluoft_0524.png"; bbox 0 0 2808 4342; ppageno 0'>
   <div class='ocr_carea' id='block_1_1' title="bbox 149 252 1464 1803">
    <p class='ocr_par' dir='ltr' id='par_1_1' title="bbox 217 252 1460 557">
     <span class='ocr_line' id='line_1_1' title="bbox 222 252 1453 353; baseline -0.013 -15"><span class='ocrx_word' id='word_1_1' title='bbox 222 287 413 353; x_wconf 63' lang='grc' dir='ltr'>βραχέα,</span> <span class='ocrx_word' id='word_1_2' title='bbox 459 252 649 347; x_wconf 48' lang='grc' dir='ltr'>κατεκερ</span> <span class='ocrx_word' id='word_1_3' title='bbox 698 285 740 329; x_wconf 74' lang='lat' dir='ltr'><strong>tv</strong></span> <span class='ocrx_word' id='word_1_4' title='bbox 789 283 850 345; x_wconf 73' lang='grc' dir='ltr'>τῷ</span> <span class='ocrx_word' id='word_1_5' title='bbox 887 265 1097 341; x_wconf 66' lang='grc' dir='ltr'>μεσσηγδς</span> <span class='ocrx_word' id='word_1_6' title='bbox 1146 277 1357 331; x_wconf 78' lang='grc' dir='ltr'>Λευκάδος</span> <span class='ocrx_word' id='word_1_7' title='bbox 1403 297 1453 327; x_wconf 68' lang='grc' dir='ltr'><strong>τε</strong></span> 
     </span>
     <span class='ocr_line' id='line_1_2' title="bbox 220 346 1459 419; baseline -0.009 -14"><span class='ocrx_word' id='word_1_8' title='bbox 220 357 346 415; x_wconf 83' lang='grc' dir='ltr'>νήσου</span> <span class='ocrx_word' id='word_1_9' title='bbox 383 358 521 419; x_wconf 75' lang='grc' dir='ltr'>ἰσθμῷ</span> <span class='ocrx_word' id='word_1_10' title='bbox 557 352 629 401; x_wconf 78' lang='grc' dir='ltr'>καὶ</span> <span class='ocrx_word' id='word_1_11' title='bbox 662 348 928 412; x_wconf 77' lang='grc' dir='ltr'>Ἀκαρνανίης</span> <span class='ocrx_word' id='word_1_12' title='bbox 965 346 1253 393; x_wconf 72' lang='grc' dir='ltr'>ἂποδίδεικται</span> <span class='ocrx_word' id='word_1_13' title='bbox 1293 346 1459 409; x_wconf 81' lang='grc' dir='ltr'>σημήῖα</span> 
     </span>
     <span class='ocr_line' id='line_1_3' title="bbox 218 414 1460 484; baseline -0.007 -12"><span class='ocrx_word' id='word_1_14' title='bbox 218 426 326 472; x_wconf 81' lang='grc' dir='ltr'>τοῖσι</span> <span class='ocrx_word' id='word_1_15' title='bbox 347 420 699 484; x_wconf 64' lang='grc' dir='ltr'><strong>ναυτιλλομένοισι</strong></span> <span class='ocrx_word' id='word_1_16' title='bbox 720 421 792 463; x_wconf 73' lang='grc' dir='ltr'><strong>τοῦ</strong></span> <span class='ocrx_word' id='word_1_17' title='bbox 814 415 873 476; x_wconf 80' lang='grc' dir='ltr'><strong>μὴ</strong></span> <span class='ocrx_word' id='word_1_18' title='bbox 894 414 1132 462; x_wconf 65' lang='grc' dir='ltr'>ἐποκέλλειν</span> <span class='ocrx_word' id='word_1_19' title='bbox 1161 417 1205 462; x_wconf 65' lang='grc' dir='ltr'><strong>ἓν</strong></span> <span class='ocrx_word' id='word_1_20' title='bbox 1227 416 1336 463; x_wconf 82' lang='grc' dir='ltr'>τοῖσι</span> <span class='ocrx_word' id='word_1_21' title='bbox 1360 420 1460 479; x_wconf 84' lang='grc' dir='ltr'>βρα-</span> 
     </span>
     <span class='ocr_line' id='line_1_4' title="bbox 217 483 1460 557; baseline -0.005 -18"><span class='ocrx_word' id='word_1_22' title='bbox 217 493 315 557; x_wconf 67' lang='grc' dir='ltr'>χέσι</span> <span class='ocrx_word' id='word_1_23' title='bbox 329 494 404 547; x_wconf 77' lang='grc' dir='ltr'><strong>τὰς</strong></span> <span class='ocrx_word' id='word_1_24' title='bbox 426 491 535 544; x_wconf 75' lang='grc' dir='ltr'>νέας·</span> <span class='ocrx_word' id='word_1_25' title='bbox 573 492 623 549; x_wconf 78' lang='lat' dir='ltr'><strong>(a)</strong></span> <span class='ocrx_word' id='word_1_26' title='bbox 646 485 754 533; x_wconf 73' lang='grc' dir='ltr'>ἀλλὰ</span> <span class='ocrx_word' id='word_1_27' title='bbox 783 485 836 533; x_wconf 76' lang='grc' dir='ltr'>τὰ</span> <span class='ocrx_word' id='word_1_28' title='bbox 860 483 936 546; x_wconf 62' lang='grc' dir='ltr'><strong>μὲν</strong></span> <span class='ocrx_word' id='word_1_29' title='bbox 972 484 1083 532; x_wconf 75' lang='grc' dir='ltr'>κατὰ</span> <span class='ocrx_word' id='word_1_30' title='bbox 1105 486 1301 534; x_wconf 77' lang='grc' dir='ltr'>Λευκάδα</span> <span class='ocrx_word' id='word_1_31' title='bbox 1309 522 1323 544; x_wconf 86' lang='grc'><em>,</em></span> <span class='ocrx_word' id='word_1_32' title='bbox 1343 488 1460 551; x_wconf 74' lang='grc' dir='ltr'>ψαμ-</span> 
     </span>
    </p>

    <p class='ocr_par' dir='ltr' id='par_1_2' title="bbox 177 553 1460 899">
     <span class='ocr_line' id='line_1_5' title="bbox 177 553 1458 625; baseline -0.005 -15"><span class='ocrx_word' id='word_1_33' title='bbox 177 580 199 611; x_wconf 75' lang='lat' dir='ltr'><strong>s</strong></span> <span class='ocrx_word' id='word_1_34' title='bbox 219 562 361 625; x_wconf 75' lang='grc' dir='ltr'>μῶδεα</span> <span class='ocrx_word' id='word_1_35' title='bbox 387 562 529 615; x_wconf 68' lang='grc' dir='ltr'>ἰόντα,</span> <span class='ocrx_word' id='word_1_36' title='bbox 551 556 623 603; x_wconf 77' lang='grc' dir='ltr'>καὶ</span> <span class='ocrx_word' id='word_1_37' title='bbox 651 556 781 602; x_wconf 79' lang='grc' dir='ltr'>τοῖσιν</span> <span class='ocrx_word' id='word_1_38' title='bbox 808 554 1048 602; x_wconf 69' lang='grc' dir='ltr'>ἰποκείλασι</span> <span class='ocrx_word' id='word_1_39' title='bbox 1073 553 1230 617; x_wconf 74' lang='grc' dir='ltr'>ταχίην</span> <span class='ocrx_word' id='word_1_40' title='bbox 1252 554 1329 612; x_wconf 81' lang='grc' dir='ltr'><strong>τὴν</strong></span> <span class='ocrx_word' id='word_1_41' title='bbox 1352 557 1458 603; x_wconf 79' lang='grc' dir='ltr'>ὓπο-</span> 
     </span>
     <span class='ocr_line' id='line_1_6' title="bbox 218 622 1459 688; baseline -0.002 -15"><span class='ocrx_word' id='word_1_42' title='bbox 218 631 409 687; x_wconf 67' lang='grc' dir='ltr'>νόσςησιν</span> <span class='ocrx_word' id='word_1_43' title='bbox 442 627 602 674; x_wconf 66' lang='grc' dir='ltr'>ἐνδιδοῖ·</span> <span class='ocrx_word' id='word_1_44' title='bbox 624 628 729 671; x_wconf 86' lang='grc' dir='ltr'>κεῖθι</span> <span class='ocrx_word' id='word_1_45' title='bbox 751 622 796 671; x_wconf 76' lang='grc' dir='ltr'><strong>δὲ</strong></span> <span class='ocrx_word' id='word_1_46' title='bbox 817 623 949 683; x_wconf 85' lang='grc' dir='ltr'>πηλός</span> <span class='ocrx_word' id='word_1_47' title='bbox 965 625 1082 671; x_wconf 66' lang='grc' dir='ltr'>’ἔστιν</span> <span class='ocrx_word' id='word_1_48' title='bbox 1101 625 1168 670; x_wconf 69' lang='grc' dir='ltr'><strong>ἐπ’</strong></span> <span class='ocrx_word' id='word_1_49' title='bbox 1188 623 1366 688; x_wconf 68' lang='grc' dir='ltr'>ἑκάτερα</span> <span class='ocrx_word' id='word_1_50' title='bbox 1386 627 1459 673; x_wconf 77' lang='grc' dir='ltr'><strong>τοῦ</strong></span> 
     </span>
     <span class='ocr_line' id='line_1_7' title="bbox 216 692 1459 759; baseline -0.002 -15"><span class='ocrx_word' id='word_1_51' title='bbox 216 697 442 757; x_wconf 74' lang='grc' dir='ltr'>πλεομένου</span> <span class='ocrx_word' id='word_1_52' title='bbox 467 692 595 758; x_wconf 72' lang='grc' dir='ltr'>βαθὺς</span> <span class='ocrx_word' id='word_1_53' title='bbox 625 693 699 741; x_wconf 74' lang='grc' dir='ltr'>καὶ</span> <span class='ocrx_word' id='word_1_54' title='bbox 722 692 925 751; x_wconf 74' lang='grc' dir='ltr'>ἰλυώδης,</span> <span class='ocrx_word' id='word_1_55' title='bbox 955 692 1065 740; x_wconf 77' lang='grc' dir='ltr'>ὥστε</span> <span class='ocrx_word' id='word_1_56' title='bbox 1092 694 1263 757; x_wconf 67' lang='grc' dir='ltr'>οὐδεμιῇ</span> <span class='ocrx_word' id='word_1_57' title='bbox 1287 697 1459 759; x_wconf 79' lang='grc' dir='ltr'>μηχανῇ</span> 
     </span>
     <span class='ocr_line' id='line_1_8' title="bbox 216 756 1460 827; baseline 0 -15"><span class='ocrx_word' id='word_1_58' title='bbox 216 765 479 813; x_wconf 69' lang='grc' dir='ltr'>ἐποκείλασιν</span> <span class='ocrx_word' id='word_1_59' title='bbox 497 756 548 822; x_wconf 72' lang='grc' dir='ltr'><strong>ἦν</strong></span> <span class='ocrx_word' id='word_1_60' title='bbox 558 765 844 821; x_wconf 74' lang='grc' dir='ltr'>ἀποσωθῆναι.</span> <span class='ocrx_word' id='word_1_61' title='bbox 914 764 964 825; x_wconf 80' lang='grc' dir='ltr'>(ε)</span> <span class='ocrx_word' id='word_1_62' title='bbox 977 760 1089 812; x_wconf 66' lang='lat' dir='ltr'><strong>Ost·</strong></span> <span class='ocrx_word' id='word_1_63' title='bbox 1101 762 1183 827; x_wconf 77' lang='grc' dir='ltr'><strong>γὰρ</strong></span> <span class='ocrx_word' id='word_1_64' title='bbox 1196 764 1331 812; x_wconf 74' lang='grc' dir='ltr'>κοντοὶ</span> <span class='ocrx_word' id='word_1_65' title='bbox 1350 764 1460 812; x_wconf 72' lang='grc' dir='ltr'>κατὰ</span> 
     </span>
     <span class='ocr_line' id='line_1_9' title="bbox 216 830 1460 899; baseline 0 -18"><span class='ocrx_word' id='word_1_66' title='bbox 216 839 288 882; x_wconf 78' lang='grc' dir='ltr'><strong>τοῦ</strong></span> <span class='ocrx_word' id='word_1_67' title='bbox 298 835 435 891; x_wconf 76' lang='grc' dir='ltr'>πηλοῦ</span> <span class='ocrx_word' id='word_1_68' title='bbox 453 832 637 886; x_wconf 81' lang='grc' dir='ltr'>δύνοντες</span> <span class='ocrx_word' id='word_1_69' title='bbox 655 832 773 880; x_wconf 79' lang='grc' dir='ltr'>αὖτοὶ</span> <span class='ocrx_word' id='word_1_70' title='bbox 791 830 907 880; x_wconf 70' lang='grc' dir='ltr'>οὖδίν</span> <span class='ocrx_word' id='word_1_71' title='bbox 925 852 966 879; x_wconf 89' lang='grc' dir='ltr'><strong>τι</strong></span> <span class='ocrx_word' id='word_1_72' title='bbox 981 832 1215 896; x_wconf 70' lang='grc' dir='ltr'>ἃπωφέλεον</span> <span class='ocrx_word' id='word_1_73' title='bbox 1226 868 1239 891; x_wconf 92' lang='grc'><em>,</em></span> <span class='ocrx_word' id='word_1_74' title='bbox 1254 832 1460 899; x_wconf 80' lang='grc' dir='ltr'>ἀνθρώπῳ</span> 
     </span>
    </p>

    <p class='ocr_par' dir='ltr' id='par_1_3' title="bbox 149 900 1464 1803">
     <span class='ocr_line' id='line_1_10' title="bbox 155 900 1459 963; baseline 0 -12"><span class='ocrx_word' id='word_1_75' title='bbox 155 922 192 952; x_wconf 89' lang='grc'><strong>10</strong></span> <span class='ocrx_word' id='word_1_76' title='bbox 215 922 259 951; x_wconf 84' lang='grc' dir='ltr'><strong>τε</strong></span> <span class='ocrx_word' id='word_1_77' title='bbox 279 903 455 959; x_wconf 75' lang='grc' dir='ltr'>ἒκὸἦναι</span> <span class='ocrx_word' id='word_1_78' title='bbox 483 907 556 950; x_wconf 75' lang='grc' dir='ltr'><strong>τοῦ</strong></span> <span class='ocrx_word' id='word_1_79' title='bbox 584 904 756 949; x_wconf 77' lang='grc' dir='ltr'>ἀπῶσαι</span> <span class='ocrx_word' id='word_1_80' title='bbox 777 901 851 954; x_wconf 73' lang='grc' dir='ltr'><strong>τὰς</strong></span> <span class='ocrx_word' id='word_1_81' title='bbox 874 902 968 956; x_wconf 75' lang='grc' dir='ltr'>νίας</span> <span class='ocrx_word' id='word_1_82' title='bbox 986 903 1028 956; x_wconf 70' lang='grc' dir='ltr'>ἒς</span> <span class='ocrx_word' id='word_1_83' title='bbox 1048 900 1101 948; x_wconf 77' lang='grc' dir='ltr'>τὰ</span> <span class='ocrx_word' id='word_1_84' title='bbox 1123 901 1333 963; x_wconf 82' lang='grc' dir='ltr'>πλεόμενα</span> <span class='ocrx_word' id='word_1_85' title='bbox 1357 902 1459 951; x_wconf 74' lang='grc' dir='ltr'>ἄπο·</span> 
     </span>
     <span class='ocr_line' id='line_1_11' title="bbox 215 967 1464 1037; baseline -0.001 -17"><span class='ocrx_word' id='word_1_86' title='bbox 215 992 284 1037; x_wconf 88' lang='grc' dir='ltr'><strong>ρον</strong></span> <span class='ocrx_word' id='word_1_87' title='bbox 315 972 486 1035; x_wconf 73' lang='grc' dir='ltr'>ἐγίνετο·</span> <span class='ocrx_word' id='word_1_88' title='bbox 526 971 665 1020; x_wconf 79' lang='grc' dir='ltr'>ἔδυνον</span> <span class='ocrx_word' id='word_1_89' title='bbox 688 972 771 1036; x_wconf 77' lang='grc' dir='ltr'><strong>γὰρ</strong></span> <span class='ocrx_word' id='word_1_90' title='bbox 792 971 901 1019; x_wconf 76' lang='grc' dir='ltr'>κατὰ</span> <span class='ocrx_word' id='word_1_91' title='bbox 926 976 998 1019; x_wconf 75' lang='grc' dir='ltr'><strong>τοῦ</strong></span> <span class='ocrx_word' id='word_1_92' title='bbox 1026 973 1163 1028; x_wconf 75' lang='grc' dir='ltr'>πηλοῦ</span> <span class='ocrx_word' id='word_1_93' title='bbox 1194 971 1287 1020; x_wconf 80' lang='grc' dir='ltr'>ἔστε</span> <span class='ocrx_word' id='word_1_94' title='bbox 1309 972 1378 1021; x_wconf 73' lang='grc' dir='ltr'><strong>ἐπὶ</strong></span> <span class='ocrx_word' id='word_1_95' title='bbox 1407 967 1464 1020; x_wconf 77' lang='grc' dir='ltr'><strong>τδι</strong></span> 
     </span>
     <span class='ocr_line' id='line_1_12' title="bbox 215 1040 1462 1107; baseline 0.001 -18"><span class='ocrx_word' id='word_1_96' title='bbox 215 1042 386 1100; x_wconf 77' lang='grc' dir='ltr'>στήθεα.</span> <span class='ocrx_word' id='word_1_97' title='bbox 456 1040 509 1107; x_wconf 76' lang='grc' dir='ltr'><strong>(ο)</strong></span> <span class='ocrx_word' id='word_1_98' title='bbox 530 1041 656 1091; x_wconf 78' lang='grc' dir='ltr'>Οὕτω</span> <span class='ocrx_word' id='word_1_99' title='bbox 679 1042 730 1099; x_wconf 84' lang='grc' dir='ltr'><strong>δὴ</strong></span> <span class='ocrx_word' id='word_1_100' title='bbox 745 1043 943 1106; x_wconf 82' lang='grc' dir='ltr'>χαλεπῶς</span> <span class='ocrx_word' id='word_1_101' title='bbox 963 1041 1296 1096; x_wconf 80' lang='grc' dir='ltr'>διεκπλώσαντες</span> <span class='ocrx_word' id='word_1_102' title='bbox 1312 1043 1351 1095; x_wconf 74' lang='grc' dir='ltr'>ἒς</span> <span class='ocrx_word' id='word_1_103' title='bbox 1367 1061 1462 1090; x_wconf 86' lang='grc' dir='ltr'>στα·</span> 
     </span>
     <span class='ocr_line' id='line_1_13' title="bbox 215 1111 1461 1176; baseline 0.001 -18"><span class='ocrx_word' id='word_1_104' title='bbox 215 1111 325 1166; x_wconf 86' lang='grc' dir='ltr'>δίους</span> <span class='ocrx_word' id='word_1_105' title='bbox 340 1111 574 1166; x_wconf 72' lang='grc' dir='ltr'>ἱξακοσίους</span> <span class='ocrx_word' id='word_1_106' title='bbox 588 1111 697 1158; x_wconf 78' lang='grc' dir='ltr'>κατὰ</span> <span class='ocrx_word' id='word_1_107' title='bbox 712 1111 786 1158; x_wconf 77' lang='grc' dir='ltr'><strong>νέα</strong></span> <span class='ocrx_word' id='word_1_108' title='bbox 798 1112 1261 1176; x_wconf 15' lang='grc' dir='ltr'>ἕκαστοιῦὸρμισθέντες,</span> <span class='ocrx_word' id='word_1_109' title='bbox 1286 1113 1461 1159; x_wconf 79' lang='grc' dir='ltr'>ἐνταῦθα</span> 
     </span>
     <span class='ocr_line' id='line_1_14' title="bbox 216 1181 1461 1247; baseline -0.001 -18"><span class='ocrx_word' id='word_1_110' title='bbox 216 1182 380 1229; x_wconf 78' lang='grc' dir='ltr'>δείπνου</span> <span class='ocrx_word' id='word_1_111' title='bbox 404 1181 687 1242; x_wconf 76' lang='grc' dir='ltr'>ἐμνήσθησαν·</span> <span class='ocrx_word' id='word_1_112' title='bbox 708 1182 763 1244; x_wconf 71' lang='grc'><strong>(6)</strong></span> <span class='ocrx_word' id='word_1_113' title='bbox 779 1181 857 1240; x_wconf 82' lang='grc' dir='ltr'><strong>τὴν</strong></span> <span class='ocrx_word' id='word_1_114' title='bbox 877 1182 1008 1230; x_wconf 81' lang='grc' dir='ltr'>νύκτα</span> <span class='ocrx_word' id='word_1_115' title='bbox 1027 1182 1070 1230; x_wconf 76' lang='grc' dir='ltr'><strong>δὲ</strong></span> <span class='ocrx_word' id='word_1_116' title='bbox 1090 1183 1172 1241; x_wconf 80' lang='grc' dir='ltr'><strong>ἤδη</strong></span> <span class='ocrx_word' id='word_1_117' title='bbox 1194 1182 1304 1230; x_wconf 83' lang='grc' dir='ltr'>κατὰ</span> <span class='ocrx_word' id='word_1_118' title='bbox 1332 1182 1461 1247; x_wconf 81' lang='grc' dir='ltr'>βάθεα</span> 
     </span>
     <span class='ocr_line' id='line_1_15' title="bbox 156 1250 1462 1317; baseline 0.001 -20"><span class='ocrx_word' id='word_1_119' title='bbox 156 1267 195 1298; x_wconf 79' lang='lat'><strong>15</strong></span> <span class='ocrx_word' id='word_1_120' title='bbox 217 1251 376 1300; x_wconf 76' lang='grc' dir='ltr'>ἔπλωον</span> <span class='ocrx_word' id='word_1_121' title='bbox 390 1287 403 1313; x_wconf 85' lang='grc'><em>,</em></span> <span class='ocrx_word' id='word_1_122' title='bbox 420 1251 493 1299; x_wconf 77' lang='grc' dir='ltr'>καὶ</span> <span class='ocrx_word' id='word_1_123' title='bbox 511 1251 586 1309; x_wconf 78' lang='grc' dir='ltr'><strong>τὴν</strong></span> <span class='ocrx_word' id='word_1_124' title='bbox 602 1250 750 1309; x_wconf 72' lang='grc' dir='ltr'>ἐπεξῆς</span> <span class='ocrx_word' id='word_1_125' title='bbox 772 1252 933 1316; x_wconf 80' lang='grc' dir='ltr'>ἡμέρην</span> <span class='ocrx_word' id='word_1_126' title='bbox 953 1252 1046 1300; x_wconf 79' lang='grc' dir='ltr'>ἔστε</span> <span class='ocrx_word' id='word_1_127' title='bbox 1066 1252 1134 1300; x_wconf 78' lang='grc' dir='ltr'><strong>ἐπὶ</strong></span> <span class='ocrx_word' id='word_1_128' title='bbox 1158 1252 1368 1317; x_wconf 86' lang='grc' dir='ltr'>βουλυτόν·</span> <span class='ocrx_word' id='word_1_129' title='bbox 1390 1252 1462 1300; x_wconf 81' lang='grc' dir='ltr'>καὶ</span> 
     </span>
     <span class='ocr_line' id='line_1_16' title="bbox 213 1315 1461 1387; baseline -0.001 -19"><span class='ocrx_word' id='word_1_130' title='bbox 213 1315 338 1380; x_wconf 73' lang='grc' dir='ltr'>ἦλθον</span> <span class='ocrx_word' id='word_1_131' title='bbox 363 1321 553 1376; x_wconf 83' lang='grc' dir='ltr'>σταδίους</span> <span class='ocrx_word' id='word_1_132' title='bbox 591 1322 867 1375; x_wconf 78' lang='grc' dir='ltr'>ἐννακοσίους·</span> <span class='ocrx_word' id='word_1_133' title='bbox 903 1322 976 1369; x_wconf 81' lang='grc' dir='ltr'>καὶ</span> <span class='ocrx_word' id='word_1_134' title='bbox 1012 1322 1364 1387; x_wconf 81' lang='grc' dir='ltr'>κατωρμίσθησαν</span> <span class='ocrx_word' id='word_1_135' title='bbox 1393 1321 1461 1368; x_wconf 73' lang='grc' dir='ltr'><strong>ἐπὶ</strong></span> 
     </span>
     <span class='ocr_line' id='line_1_17' title="bbox 212 1391 1463 1457; baseline -0.001 -18"><span class='ocrx_word' id='word_1_136' title='bbox 212 1395 274 1457; x_wconf 73' lang='grc' dir='ltr'>τῷ</span> <span class='ocrx_word' id='word_1_137' title='bbox 289 1392 466 1454; x_wconf 84' lang='grc' dir='ltr'>στόματι</span> <span class='ocrx_word' id='word_1_138' title='bbox 482 1397 555 1439; x_wconf 73' lang='grc' dir='ltr'><strong>τοῦ</strong></span> <span class='ocrx_word' id='word_1_139' title='bbox 575 1391 809 1457; x_wconf 73' lang='grc' dir='ltr'>Εὐφράτεω</span> <span class='ocrx_word' id='word_1_140' title='bbox 826 1391 926 1455; x_wconf 75' lang='grc' dir='ltr'>πρὸς</span> <span class='ocrx_word' id='word_1_141' title='bbox 939 1391 1063 1455; x_wconf 81' lang='grc' dir='ltr'>κώμῃ</span> <span class='ocrx_word' id='word_1_142' title='bbox 1081 1393 1160 1439; x_wconf 77' lang='grc' dir='ltr'>τινὶ</span> <span class='ocrx_word' id='word_1_143' title='bbox 1172 1397 1245 1450; x_wconf 79' lang='grc' dir='ltr'><strong>τῆς</strong></span> <span class='ocrx_word' id='word_1_144' title='bbox 1258 1392 1463 1441; x_wconf 55' lang='lat' dir='ltr'><strong>Baculo&gt;-</strong></span> 
     </span>
     <span class='ocr_line' id='line_1_18' title="bbox 215 1460 1462 1526; baseline -0.002 -17"><span class='ocrx_word' id='word_1_145' title='bbox 215 1460 304 1519; x_wconf 90' lang='grc' dir='ltr'>νίης</span> <span class='ocrx_word' id='word_1_146' title='bbox 317 1461 473 1526; x_wconf 81' lang='grc' dir='ltr'>χώρης·</span> <span class='ocrx_word' id='word_1_147' title='bbox 490 1460 645 1523; x_wconf 84' lang='grc' dir='ltr'>οὕνομα</span> <span class='ocrx_word' id='word_1_148' title='bbox 663 1462 705 1508; x_wconf 84' lang='grc' dir='ltr'><strong>δὲ</strong></span> <span class='ocrx_word' id='word_1_149' title='bbox 720 1462 826 1524; x_wconf 72' lang='grc' dir='ltr'>αὐτῇ</span> <span class='ocrx_word' id='word_1_150' title='bbox 839 1461 1067 1525; x_wconf 84' lang='grc' dir='ltr'>Διρίδωτις·</span> <span class='ocrx_word' id='word_1_151' title='bbox 1089 1464 1141 1524; x_wconf 89' lang='grc'><strong>(7)</strong></span> <span class='ocrx_word' id='word_1_152' title='bbox 1153 1461 1220 1509; x_wconf 74' lang='grc' dir='ltr'><strong>ἵνα</strong></span> <span class='ocrx_word' id='word_1_153' title='bbox 1234 1461 1462 1509; x_wconf 77' lang='grc' dir='ltr'>λιὸανωτόν</span> 
     </span>
     <span class='ocr_line' id='line_1_19' title="bbox 213 1530 1459 1595; baseline -0.001 -17"><span class='ocrx_word' id='word_1_154' title='bbox 213 1549 260 1579; x_wconf 79' lang='grc' dir='ltr'><strong>τε</strong></span> <span class='ocrx_word' id='word_1_155' title='bbox 280 1531 363 1578; x_wconf 71' lang='grc' dir='ltr'><strong>ἀπὸ</strong></span> <span class='ocrx_word' id='word_1_156' title='bbox 378 1534 451 1587; x_wconf 77' lang='grc' dir='ltr'><strong>τῆς</strong></span> <span class='ocrx_word' id='word_1_157' title='bbox 470 1532 697 1595; x_wconf 70' lang='grc' dir='ltr'>ἔμπορικῆς</span> <span class='ocrx_word' id='word_1_158' title='bbox 712 1534 788 1593; x_wconf 67' lang='grc' dir='ltr'>γῆς</span> <span class='ocrx_word' id='word_1_159' title='bbox 811 1533 848 1577; x_wconf 81' lang='grc' dir='ltr'><strong>οἱ</strong></span> <span class='ocrx_word' id='word_1_160' title='bbox 871 1530 1045 1595; x_wconf 80' lang='grc' dir='ltr'>ἔμποροι</span> <span class='ocrx_word' id='word_1_161' title='bbox 1065 1530 1296 1593; x_wconf 81' lang='grc' dir='ltr'>ἀγινέουσι,</span> <span class='ocrx_word' id='word_1_162' title='bbox 1314 1530 1387 1578; x_wconf 75' lang='grc' dir='ltr'>καὶ</span> <span class='ocrx_word' id='word_1_163' title='bbox 1405 1530 1459 1577; x_wconf 76' lang='grc' dir='ltr'>τὰ</span> 
     </span>
     <span class='ocr_line' id='line_1_20' title="bbox 149 1599 1460 1665; baseline 0 -18"><span class='ocrx_word' id='word_1_164' title='bbox 149 1615 193 1647; x_wconf 71' lang='lat'><strong>20</strong></span> <span class='ocrx_word' id='word_1_165' title='bbox 213 1599 322 1647; x_wconf 65' lang='lat' dir='ltr'><strong>ma</strong></span> <span class='ocrx_word' id='word_1_166' title='bbox 334 1599 412 1647; x_wconf 78' lang='grc' dir='ltr'><strong>ὅσα</strong></span> <span class='ocrx_word' id='word_1_167' title='bbox 428 1599 674 1661; x_wconf 78' lang='grc' dir='ltr'>θυμιήματα</span> <span class='ocrx_word' id='word_1_168' title='bbox 690 1603 716 1655; x_wconf 83' lang='grc' dir='ltr'>ἡ</span> <span class='ocrx_word' id='word_1_169' title='bbox 730 1599 918 1663; x_wconf 77' lang='grc' dir='ltr'>Ἀροίὸων</span> <span class='ocrx_word' id='word_1_170' title='bbox 930 1600 1124 1665; x_wconf 75' lang='grc' dir='ltr'>γῆφέρει.</span> <span class='ocrx_word' id='word_1_171' title='bbox 1148 1601 1199 1662; x_wconf 77' lang='grc'><strong>(8)</strong></span> <span class='ocrx_word' id='word_1_172' title='bbox 1214 1600 1316 1649; x_wconf 80' lang='grc' dir='ltr'><strong>Ἀπὸ</strong></span> <span class='ocrx_word' id='word_1_173' title='bbox 1329 1600 1372 1647; x_wconf 84' lang='grc' dir='ltr'><strong>δὲ</strong></span> <span class='ocrx_word' id='word_1_174' title='bbox 1389 1604 1460 1647; x_wconf 71' lang='grc' dir='ltr'><strong>τοῦ</strong></span> 
     </span>
     <span class='ocr_line' id='line_1_21' title="bbox 213 1668 1462 1734; baseline -0.001 -17"><span class='ocrx_word' id='word_1_175' title='bbox 213 1669 417 1730; x_wconf 79' lang='grc' dir='ltr'>στόματος</span> <span class='ocrx_word' id='word_1_176' title='bbox 441 1672 513 1716; x_wconf 75' lang='grc' dir='ltr'><strong>τοῦ</strong></span> <span class='ocrx_word' id='word_1_177' title='bbox 531 1669 761 1734; x_wconf 70' lang='grc' dir='ltr'>Εὐφράτεω</span> <span class='ocrx_word' id='word_1_178' title='bbox 773 1668 868 1715; x_wconf 82' lang='grc' dir='ltr'>ἔστε</span> <span class='ocrx_word' id='word_1_179' title='bbox 893 1669 933 1722; x_wconf 80' lang='grc' dir='ltr'>ἔς</span> <span class='ocrx_word' id='word_1_180' title='bbox 949 1669 1183 1717; x_wconf 77' lang='grc' dir='ltr'>Βαὸυλῶνα</span> <span class='ocrx_word' id='word_1_181' title='bbox 1202 1670 1329 1717; x_wconf 84' lang='grc' dir='ltr'>πλόον</span> <span class='ocrx_word' id='word_1_182' title='bbox 1350 1668 1462 1733; x_wconf 77' lang='grc' dir='ltr'>λέγει</span> 
     </span>
     <span class='ocr_line' id='line_1_22' title="bbox 212 1731 1460 1803; baseline -0.002 -15"><span class='ocrx_word' id='word_1_183' title='bbox 212 1738 404 1803; x_wconf 74' lang='grc' dir='ltr'>Νέαρχος</span> <span class='ocrx_word' id='word_1_184' title='bbox 426 1738 616 1793; x_wconf 86' lang='grc' dir='ltr'>σταδίους</span> <span class='ocrx_word' id='word_1_185' title='bbox 633 1731 735 1785; x_wconf 74' lang='grc' dir='ltr'>εἶναι</span> <span class='ocrx_word' id='word_1_186' title='bbox 760 1741 801 1792; x_wconf 77' lang='grc' dir='ltr'>ἐς</span> <span class='ocrx_word' id='word_1_187' title='bbox 824 1738 1073 1801; x_wconf 78' lang='grc' dir='ltr'>τρισχιλίους</span> <span class='ocrx_word' id='word_1_188' title='bbox 1093 1739 1165 1787; x_wconf 76' lang='grc' dir='ltr'>καὶ</span> <span class='ocrx_word' id='word_1_189' title='bbox 1192 1738 1460 1803; x_wconf 83' lang='grc' dir='ltr'>τριηκοσίους.</span> 
     </span>
    </p>
   </div>
   <div class='ocr_carea' id='block_1_2' title="bbox 211 1902 1467 2897">
    <p class='ocr_par' dir='ltr' id='par_1_4' title="bbox 211 1902 1467 2897">
     <span class='ocr_line' id='line_1_23' title="bbox 211 1902 1463 1959; baseline -0.002 -13"><span class='ocrx_word' id='word_1_190' title='bbox 211 1904 318 1947; x_wconf 82' lang='grc' dir='ltr'>λοισι</span> <span class='ocrx_word' id='word_1_191' title='bbox 334 1906 387 1946; x_wconf 99' lang='lat' dir='ltr'><strong>A.</strong></span> <span class='ocrx_word' id='word_1_192' title='bbox 409 1904 506 1959; x_wconf 74' lang='grc'><strong>(1-</strong></span> <span class='ocrx_word' id='word_1_193' title='bbox 520 1916 560 1945; x_wconf 83' lang='grc'><strong>2.</strong></span> <span class='ocrx_word' id='word_1_194' title='bbox 584 1904 650 1945; x_wconf 65' lang='grc' dir='ltr'>καὶ</span> <span class='ocrx_word' id='word_1_195' title='bbox 664 1905 804 1945; x_wconf 83' lang='lat' dir='ltr'><strong>omisit</strong></span> <span class='ocrx_word' id='word_1_196' title='bbox 826 1906 880 1945; x_wconf 91' lang='lat' dir='ltr'><strong>D.</strong></span> <span class='ocrx_word' id='word_1_197' title='bbox 908 1904 998 1958; x_wconf 71' lang='grc'><strong>1)-</strong></span> <span class='ocrx_word' id='word_1_198' title='bbox 1015 1904 1055 1944; x_wconf 92' lang='grc'><strong>8.</strong></span> <span class='ocrx_word' id='word_1_199' title='bbox 1091 1902 1178 1944; x_wconf 83' lang='grc' dir='ltr'>οὔτε</span> <span class='ocrx_word' id='word_1_200' title='bbox 1196 1903 1272 1959; x_wconf 78' lang='grc' dir='ltr'><strong>γὰρ</strong></span> <span class='ocrx_word' id='word_1_201' title='bbox 1290 1906 1341 1946; x_wconf 90' lang='lat' dir='ltr'><strong>A.</strong></span> <span class='ocrx_word' id='word_1_202' title='bbox 1369 1905 1386 1959; x_wconf 76' lang='grc' dir='ltr'><strong>Ι)</strong></span> <span class='ocrx_word' id='word_1_203' title='bbox 1405 1928 1463 1935; x_wconf 90' lang='grc'><strong>-</strong></span> 
     </span>
     <span class='ocr_line' id='line_1_24' title="bbox 216 1962 1456 2023; baseline -0.001 -13"><span class='ocrx_word' id='word_1_204' title='bbox 216 1978 285 2010; x_wconf 74' lang='grc'><strong>12.</strong></span> <span class='ocrx_word' id='word_1_205' title='bbox 297 1965 392 2016; x_wconf 68' lang='lat' dir='ltr'><strong>leex</strong></span> <span class='ocrx_word' id='word_1_206' title='bbox 404 1964 549 2009; x_wconf 89' lang='lat' dir='ltr'><strong>Ladd.</strong></span> <span class='ocrx_word' id='word_1_207' title='bbox 562 1965 818 2008; x_wconf 89' lang='lat' dir='ltr'><strong>Schmieder.</strong></span> <span class='ocrx_word' id='word_1_208' title='bbox 841 1967 940 2020; x_wconf 75' lang='lat' dir='ltr'><strong>ll—¹</strong></span> <span class='ocrx_word' id='word_1_209' title='bbox 950 1969 992 2007; x_wconf 86' lang='lat'><strong>6.</strong></span> <span class='ocrx_word' id='word_1_210' title='bbox 1011 1962 1036 2018; x_wconf 76' lang='grc' dir='ltr'>ἦ</span> <span class='ocrx_word' id='word_1_211' title='bbox 1048 1965 1101 2007; x_wconf 86' lang='grc' dir='ltr'><strong>λθ</strong></span> <span class='ocrx_word' id='word_1_212' title='bbox 1113 1982 1134 2007; x_wconf 90' lang='grc' dir='ltr'><strong>ο</strong></span> <span class='ocrx_word' id='word_1_213' title='bbox 1145 1967 1194 2023; x_wconf 84' lang='grc' dir='ltr'><strong>ν]</strong></span> <span class='ocrx_word' id='word_1_214' title='bbox 1211 1968 1326 2008; x_wconf 87' lang='lat' dir='ltr'><strong>Fort.</strong></span> <span class='ocrx_word' id='word_1_215' title='bbox 1340 1965 1456 2019; x_wconf 75' lang='grc' dir='ltr'>ἤνυον</span> 
     </span>
     <span class='ocr_line' id='line_1_25' title="bbox 212 2027 1458 2085; baseline 0 -14"><span class='ocrx_word' id='word_1_216' title='bbox 212 2029 278 2072; x_wconf 81' lang='lat' dir='ltr'><strong>vel</strong></span> <span class='ocrx_word' id='word_1_217' title='bbox 299 2027 440 2082; x_wconf 78' lang='grc' dir='ltr'>ἤνυτον</span> <span class='ocrx_word' id='word_1_218' title='bbox 458 2028 537 2084; x_wconf 76' lang='lat' dir='ltr'><strong>leg.</strong></span> <span class='ocrx_word' id='word_1_219' title='bbox 557 2037 675 2085; x_wconf 91' lang='lat' dir='ltr'><strong>putat</strong></span> <span class='ocrx_word' id='word_1_220' title='bbox 694 2028 922 2070; x_wconf 78' lang='lat' dir='ltr'><strong>Dt‘ibnerus</strong></span> <span class='ocrx_word' id='word_1_221' title='bbox 937 2028 981 2070; x_wconf 89' lang='lat' dir='ltr'><strong>in</strong></span> <span class='ocrx_word' id='word_1_222' title='bbox 1002 2027 1222 2071; x_wconf 89' lang='lat' dir='ltr'><strong>locutionis</strong></span> <span class='ocrx_word' id='word_1_223' title='bbox 1241 2028 1458 2071; x_wconf 81' lang='lat' dir='ltr'>insolentia</span> 
     </span>
     <span class='ocr_line' id='line_1_26' title="bbox 213 2090 1462 2147; baseline -0.002 -12"><span class='ocrx_word' id='word_1_224' title='bbox 213 2090 448 2135; x_wconf 75' lang='lat' dir='ltr'><strong>offendens.</strong></span> <span class='ocrx_word' id='word_1_225' title='bbox 463 2094 519 2133; x_wconf 91' lang='lat' dir='ltr'><strong>At</strong></span> <span class='ocrx_word' id='word_1_226' title='bbox 533 2091 723 2133; x_wconf 86' lang='lat' dir='ltr'><strong>similiter</strong></span> <span class='ocrx_word' id='word_1_227' title='bbox 734 2091 936 2134; x_wconf 84' lang='lat' dir='ltr'><strong>Arrianus</strong></span> <span class='ocrx_word' id='word_1_228' title='bbox 950 2092 1059 2147; x_wconf 86' lang='lat' dir='ltr'><strong>Exp.</strong></span> <span class='ocrx_word' id='word_1_229' title='bbox 1076 2092 1154 2142; x_wconf 85' lang='lat'><strong>111,</strong></span> <span class='ocrx_word' id='word_1_230' title='bbox 1173 2104 1243 2143; x_wconf 87' lang='grc'><strong>21,</strong></span> <span class='ocrx_word' id='word_1_231' title='bbox 1263 2092 1286 2133; x_wconf 88' lang='grc'>3</span> <span class='ocrx_word' id='word_1_232' title='bbox 1304 2104 1313 2132; x_wconf 92' lang='lat'><strong>:</strong></span> <span class='ocrx_word' id='word_1_233' title='bbox 1336 2090 1462 2134; x_wconf 81' lang='grc' dir='ltr'>ἐλθὼν</span> 
     </span>
     <span class='ocr_line' id='line_1_27' title="bbox 212 2151 1460 2211; baseline 0.001 -16"><span class='ocrx_word' id='word_1_234' title='bbox 212 2151 286 2206; x_wconf 80' lang='grc' dir='ltr'><strong>τὴν</strong></span> <span class='ocrx_word' id='word_1_235' title='bbox 310 2153 428 2195; x_wconf 70' lang='grc' dir='ltr'>νύκτα</span> <span class='ocrx_word' id='word_1_236' title='bbox 446 2152 560 2206; x_wconf 81' lang='grc' dir='ltr'>ὅλην.</span> <span class='ocrx_word' id='word_1_237' title='bbox 588 2154 606 2208; x_wconf 81' lang='lat'><strong>11</strong></span> <span class='ocrx_word' id='word_1_238' title='bbox 630 2176 689 2185; x_wconf 94' lang='lat'>—</span> <span class='ocrx_word' id='word_1_239' title='bbox 710 2166 778 2208; x_wconf 86' lang='grc'><strong>17.</strong></span> <span class='ocrx_word' id='word_1_240' title='bbox 796 2153 860 2195; x_wconf 70' lang='grc' dir='ltr'><strong>ἐπὶ</strong></span> <span class='ocrx_word' id='word_1_241' title='bbox 873 2153 1066 2208; x_wconf 86' lang='grc' dir='ltr'>στόματος</span> <span class='ocrx_word' id='word_1_242' title='bbox 1079 2154 1163 2205; x_wconf 89' lang='lat' dir='ltr'><strong>BC,</strong></span> <span class='ocrx_word' id='word_1_243' title='bbox 1182 2152 1245 2195; x_wconf 74' lang='grc' dir='ltr'><strong>ἐπὶ</strong></span> <span class='ocrx_word' id='word_1_244' title='bbox 1260 2156 1329 2196; x_wconf 79' lang='grc' dir='ltr'><strong>τοῦ</strong></span> <span class='ocrx_word' id='word_1_245' title='bbox 1345 2155 1460 2211; x_wconf 87' lang='grc' dir='ltr'>στόμ.</span> 
     </span>
     <span class='ocr_line' id='line_1_28' title="bbox 212 2213 1460 2271; baseline -0.001 -11"><span class='ocrx_word' id='word_1_246' title='bbox 212 2220 270 2269; x_wconf 86' lang='lat' dir='ltr'><strong>A,</strong></span> <span class='ocrx_word' id='word_1_247' title='bbox 286 2215 349 2259; x_wconf 64' lang='grc' dir='ltr'><strong>ἐπὶ</strong></span> <span class='ocrx_word' id='word_1_248' title='bbox 362 2219 418 2271; x_wconf 80' lang='grc' dir='ltr'>τῷ</span> <span class='ocrx_word' id='word_1_249' title='bbox 439 2214 605 2271; x_wconf 80' lang='grc' dir='ltr'>στόματι</span> <span class='ocrx_word' id='word_1_250' title='bbox 627 2215 677 2256; x_wconf 92' lang='lat' dir='ltr'><strong>L.</strong></span> <span class='ocrx_word' id='word_1_251' title='bbox 702 2214 720 2269; x_wconf 78' lang='grc' dir='ltr'><strong>ΙΙ</strong></span> <span class='ocrx_word' id='word_1_252' title='bbox 738 2238 796 2246; x_wconf 89' lang='lat'><strong>—-</strong></span> <span class='ocrx_word' id='word_1_253' title='bbox 817 2217 883 2257; x_wconf 89' lang='lat'><strong>18.</strong></span> <span class='ocrx_word' id='word_1_254' title='bbox 904 2214 1109 2270; x_wconf 77' lang='grc' dir='ltr'>Διρῦδωτις</span> <span class='ocrx_word' id='word_1_255' title='bbox 1129 2217 1184 2267; x_wconf 90' lang='lat' dir='ltr'><strong>D,</strong></span> <span class='ocrx_word' id='word_1_256' title='bbox 1208 2213 1392 2271; x_wconf 86' lang='grc' dir='ltr'>Ἰρίδωτις</span> <span class='ocrx_word' id='word_1_257' title='bbox 1411 2218 1460 2260; x_wconf 93' lang='lat' dir='ltr'><strong>C.</strong></span> 
     </span>
     <span class='ocr_line' id='line_1_29' title="bbox 213 2274 1464 2333; baseline 0.002 -14"><span class='ocrx_word' id='word_1_258' title='bbox 213 2277 398 2333; x_wconf 78' lang='lat' dir='ltr'>Reliquis</span> <span class='ocrx_word' id='word_1_259' title='bbox 433 2274 707 2332; x_wconf 80' lang='lat' dir='ltr'><strong>scriptoribus</strong></span> <span class='ocrx_word' id='word_1_260' title='bbox 758 2282 933 2317; x_wconf 85' lang='lat' dir='ltr'><strong>vocatur</strong></span> <span class='ocrx_word' id='word_1_261' title='bbox 969 2275 1166 2332; x_wconf 79' lang='grc' dir='ltr'>Τερηδὼν.</span> <span class='ocrx_word' id='word_1_262' title='bbox 1208 2277 1265 2319; x_wconf 86' lang='lat' dir='ltr'><strong>V.</strong></span> <span class='ocrx_word' id='word_1_263' title='bbox 1314 2277 1464 2321; x_wconf 87' lang='lat' dir='ltr'><strong>Strabo</strong></span> 
     </span>
     <span class='ocr_line' id='line_1_30' title="bbox 212 2338 1465 2397; baseline -0.001 -15"><span class='ocrx_word' id='word_1_264' title='bbox 212 2354 257 2397; x_wconf 87' lang='lat' dir='ltr'><strong>p.</strong></span> <span class='ocrx_word' id='word_1_265' title='bbox 280 2338 360 2395; x_wconf 84' lang='lat'><strong>765</strong></span> <span class='ocrx_word' id='word_1_266' title='bbox 397 2340 487 2393; x_wconf 87' lang='lat' dir='ltr'><strong>(ex</strong></span> <span class='ocrx_word' id='word_1_267' title='bbox 521 2338 829 2393; x_wconf 84' lang='lat' dir='ltr'><strong>Eratosthene)</strong></span> <span class='ocrx_word' id='word_1_268' title='bbox 860 2351 870 2379; x_wconf 71' lang='grc' dir='ltr'><strong>Ξ</strong></span> <span class='ocrx_word' id='word_1_269' title='bbox 907 2338 1022 2395; x_wconf 81' lang='grc' dir='ltr'>μέχρι</span> <span class='ocrx_word' id='word_1_270' title='bbox 1059 2338 1275 2395; x_wconf 83' lang='grc' dir='ltr'>Τερηδόνος</span> <span class='ocrx_word' id='word_1_271' title='bbox 1303 2340 1370 2381; x_wconf 69' lang='grc' dir='ltr'>καὶ</span> <span class='ocrx_word' id='word_1_272' title='bbox 1398 2344 1465 2394; x_wconf 85' lang='grc' dir='ltr'><strong>τῆς</strong></span> 
     </span>
     <span class='ocr_line' id='line_1_31' title="bbox 214 2399 1464 2458; baseline 0.002 -14"><span class='ocrx_word' id='word_1_273' title='bbox 214 2402 379 2455; x_wconf 74' lang='grc' dir='ltr'>ἔκὸολῆς</span> <span class='ocrx_word' id='word_1_274' title='bbox 394 2403 463 2443; x_wconf 77' lang='grc' dir='ltr'><strong>τοῦ</strong></span> <span class='ocrx_word' id='word_1_275' title='bbox 480 2399 681 2458; x_wconf 75' lang='grc' dir='ltr'>Εὐφράτου</span> <span class='ocrx_word' id='word_1_276' title='bbox 691 2433 703 2453; x_wconf 88' lang='grc'><em>,</em></span> <span class='ocrx_word' id='word_1_277' title='bbox 723 2415 747 2443; x_wconf 89' lang='lat' dir='ltr'><strong>a</strong></span> <span class='ocrx_word' id='word_1_278' title='bbox 766 2415 852 2457; x_wconf 90' lang='lat' dir='ltr'><strong>quo</strong></span> <span class='ocrx_word' id='word_1_279' title='bbox 867 2400 960 2443; x_wconf 91' lang='lat' dir='ltr'><strong>loco</strong></span> <span class='ocrx_word' id='word_1_280' title='bbox 973 2400 1185 2458; x_wconf 79' lang='lat' dir='ltr'><strong>profectus</strong></span> <span class='ocrx_word' id='word_1_281' title='bbox 1207 2402 1464 2446; x_wconf 83' lang='lat' dir='ltr'><strong>Androsthe-</strong></span> 
     </span>
     <span class='ocr_line' id='line_1_32' title="bbox 212 2463 1465 2523; baseline 0.001 -16"><span class='ocrx_word' id='word_1_282' title='bbox 212 2480 287 2507; x_wconf 91' lang='lat' dir='ltr'><strong>nes</strong></span> <span class='ocrx_word' id='word_1_283' title='bbox 306 2464 470 2508; x_wconf 87' lang='lat' dir='ltr'><strong>Arabiae</strong></span> <span class='ocrx_word' id='word_1_284' title='bbox 497 2478 615 2506; x_wconf 87' lang='lat' dir='ltr'><strong>oram</strong></span> <span class='ocrx_word' id='word_1_285' title='bbox 641 2464 753 2519; x_wconf 86' lang='lat' dir='ltr'><strong>legit.</strong></span> <span class='ocrx_word' id='word_1_286' title='bbox 782 2463 900 2505; x_wconf 85' lang='lat' dir='ltr'>Idem</span> <span class='ocrx_word' id='word_1_287' title='bbox 918 2478 962 2520; x_wconf 88' lang='lat' dir='ltr'><strong>p.</strong></span> <span class='ocrx_word' id='word_1_288' title='bbox 981 2466 1073 2507; x_wconf 92' lang='lat' dir='ltr'><strong>8oa</strong></span> <span class='ocrx_word' id='word_1_289' title='bbox 1096 2464 1307 2521; x_wconf 82' lang='lat' dir='ltr'>Babylone</span> <span class='ocrx_word' id='word_1_290' title='bbox 1331 2480 1465 2523; x_wconf 88' lang='lat' dir='ltr'><strong>usque</strong></span> 
     </span>
     <span class='ocr_line' id='line_1_33' title="bbox 213 2525 1465 2584; baseline 0.002 -15"><span class='ocrx_word' id='word_1_291' title='bbox 213 2527 267 2569; x_wconf 86' lang='lat' dir='ltr'><strong>ad</strong></span> <span class='ocrx_word' id='word_1_292' title='bbox 281 2527 506 2584; x_wconf 82' lang='lat' dir='ltr'>Euphratis</span> <span class='ocrx_word' id='word_1_293' title='bbox 526 2526 679 2568; x_wconf 89' lang='lat' dir='ltr'><strong>ostium</strong></span> <span class='ocrx_word' id='word_1_294' title='bbox 698 2534 739 2568; x_wconf 89' lang='lat' dir='ltr'><strong>et</strong></span> <span class='ocrx_word' id='word_1_295' title='bbox 758 2525 1022 2568; x_wconf 87' lang='lat' dir='ltr'><strong>Teredonem</strong></span> <span class='ocrx_word' id='word_1_296' title='bbox 1037 2527 1146 2570; x_wconf 94' lang='grc'><strong>3000</strong></span> <span class='ocrx_word' id='word_1_297' title='bbox 1163 2527 1294 2570; x_wconf 86' lang='lat' dir='ltr'><strong>stadia</strong></span> <span class='ocrx_word' id='word_1_298' title='bbox 1312 2543 1399 2571; x_wconf 88' lang='lat' dir='ltr'><strong>esse</strong></span> <span class='ocrx_word' id='word_1_299' title='bbox 1414 2545 1465 2572; x_wconf 88' lang='lat' dir='ltr'><strong>ex</strong></span> 
     </span>
     <span class='ocr_line' id='line_1_34' title="bbox 213 2588 1464 2645; baseline 0.001 -12"><span class='ocrx_word' id='word_1_300' title='bbox 213 2589 361 2633; x_wconf 89' lang='lat' dir='ltr'><strong>eodem</strong></span> <span class='ocrx_word' id='word_1_301' title='bbox 383 2590 658 2633; x_wconf 78' lang='lat' dir='ltr'><strong>Eratosthene</strong></span> <span class='ocrx_word' id='word_1_302' title='bbox 673 2588 816 2631; x_wconf 79' lang='lat' dir='ltr'><strong>refert.</strong></span> <span class='ocrx_word' id='word_1_303' title='bbox 832 2589 989 2632; x_wconf 84' lang='lat' dir='ltr'>Plinius</span> <span class='ocrx_word' id='word_1_304' title='bbox 1007 2591 1086 2642; x_wconf 86' lang='lat' dir='ltr'><strong>VI,</strong></span> <span class='ocrx_word' id='word_1_305' title='bbox 1109 2591 1201 2645; x_wconf 72' lang='grc'><strong>325</strong></span> <span class='ocrx_word' id='word_1_306' title='bbox 1225 2591 1301 2642; x_wconf 74' lang='grc'><strong>145</strong></span> <span class='ocrx_word' id='word_1_307' title='bbox 1323 2605 1333 2633; x_wconf 75' lang='lat' dir='ltr'><em>z</em></span> <span class='ocrx_word' id='word_1_308' title='bbox 1357 2595 1464 2634; x_wconf 86' lang='lat' dir='ltr'><strong>Par·</strong></span> 
     </span>
     <span class='ocr_line' id='line_1_35' title="bbox 218 2651 1466 2709; baseline 0.001 -15"><span class='ocrx_word' id='word_1_309' title='bbox 218 2652 327 2694; x_wconf 76' lang='lat' dir='ltr'><strong>thico</strong></span> <span class='ocrx_word' id='word_1_310' title='bbox 352 2661 490 2694; x_wconf 70' lang='lat' dir='ltr'><strong>atatem</strong></span> <span class='ocrx_word' id='word_1_311' title='bbox 516 2667 637 2707; x_wconf 75' lang='lat' dir='ltr'><strong>regno</strong></span> <span class='ocrx_word' id='word_1_312' title='bbox 666 2651 968 2706; x_wconf 78' lang='lat' dir='ltr'><strong>navigantibus</strong></span> <span class='ocrx_word' id='word_1_313' title='bbox 988 2651 1110 2694; x_wconf 82' lang='lat' dir='ltr'><strong>vicus</strong></span> <span class='ocrx_word' id='word_1_314' title='bbox 1146 2653 1323 2695; x_wconf 82' lang='lat' dir='ltr'><em>Teredon</em></span> <span class='ocrx_word' id='word_1_315' title='bbox 1352 2653 1466 2709; x_wconf 82' lang='lat' dir='ltr'><strong>infra</strong></span> 
     </span>
     <span class='ocr_line' id='line_1_36' title="bbox 215 2713 1462 2773; baseline 0.004 -18"><span class='ocrx_word' id='word_1_316' title='bbox 215 2716 476 2769; x_wconf 80' lang='lat' dir='ltr'><strong>confluentem</strong></span> <span class='ocrx_word' id='word_1_317' title='bbox 495 2714 733 2773; x_wconf 76' lang='lat' dir='ltr'><em>Euphratis</em></span> <span class='ocrx_word' id='word_1_318' title='bbox 748 2723 787 2755; x_wconf 83' lang='lat' dir='ltr'><strong>et</strong></span> <span class='ocrx_word' id='word_1_319' title='bbox 808 2713 963 2767; x_wconf 75' lang='lat' dir='ltr'><strong>Tigris.</strong></span> <span class='ocrx_word' id='word_1_320' title='bbox 982 2715 1158 2771; x_wconf 85' lang='lat' dir='ltr'><strong>Dionys.</strong></span> <span class='ocrx_word' id='word_1_321' title='bbox 1176 2717 1334 2771; x_wconf 84' lang='lat' dir='ltr'><strong>Perieg.</strong></span> <span class='ocrx_word' id='word_1_322' title='bbox 1354 2719 1462 2772; x_wconf 88' lang='lat'>980:</span> 
     </span>
     <span class='ocr_line' id='line_1_37' title="bbox 216 2774 1461 2835; baseline 0.005 -19"><span class='ocrx_word' id='word_1_323' title='bbox 216 2774 394 2833; x_wconf 73' lang='grc' dir='ltr'>ὓστατίῃς</span> <span class='ocrx_word' id='word_1_324' title='bbox 409 2780 605 2834; x_wconf 77' lang='grc' dir='ltr'>προχοῇσι</span> <span class='ocrx_word' id='word_1_325' title='bbox 617 2777 833 2834; x_wconf 85' lang='grc' dir='ltr'>Τερηδόνος</span> <span class='ocrx_word' id='word_1_326' title='bbox 852 2774 969 2834; x_wconf 62' lang='grc' dir='ltr'>ἐγγυς</span> <span class='ocrx_word' id='word_1_327' title='bbox 984 2776 1127 2819; x_wconf 80' lang='grc' dir='ltr'>ὁδεύων</span> <span class='ocrx_word' id='word_1_328' title='bbox 1153 2776 1168 2835; x_wconf 95' lang='grc'>(</span> <span class='ocrx_word' id='word_1_329' title='bbox 1184 2778 1461 2835; x_wconf 66' lang='lat' dir='ltr'><strong>Euphrates).</strong></span> 
     </span>
     <span class='ocr_line' id='line_1_38' title="bbox 218 2838 1467 2897; baseline 0.005 -19"><span class='ocrx_word' id='word_1_330' title='bbox 218 2839 429 2879; x_wconf 85' lang='lat' dir='ltr'><strong>Ammian.</strong></span> <span class='ocrx_word' id='word_1_331' title='bbox 460 2841 622 2890; x_wconf 80' lang='lat' dir='ltr'><strong>xxm,</strong></span> <span class='ocrx_word' id='word_1_332' title='bbox 645 2843 686 2890; x_wconf 84' lang='lat'><strong>6,</strong></span> <span class='ocrx_word' id='word_1_333' title='bbox 713 2853 764 2882; x_wconf 87' lang='lat'><strong>10</strong></span> <span class='ocrx_word' id='word_1_334' title='bbox 789 2852 800 2880; x_wconf 73' lang='grc' dir='ltr'>ε</span> <span class='ocrx_word' id='word_1_335' title='bbox 832 2838 1069 2891; x_wconf 80' lang='lat' dir='ltr'><strong>Navigaeio</strong></span> <span class='ocrx_word' id='word_1_336' title='bbox 1091 2838 1275 2897; x_wconf 81' lang='lat' dir='ltr'><strong>adusque</strong></span> <span class='ocrx_word' id='word_1_337' title='bbox 1298 2841 1467 2884; x_wconf 84' lang='lat' dir='ltr'><strong>Teredo-</strong></span> 
     </span>
    </p>
   </div>
   <div class='ocr_carea' id='block_1_3' title="bbox 217 2899 1466 3023">
    <p class='ocr_par' dir='ltr' id='par_1_5' title="bbox 217 2899 1466 3023">
     <span class='ocr_line' id='line_1_39' title="bbox 217 2899 1466 2961; baseline 0.005 -21"><span class='ocrx_word' id='word_1_338' title='bbox 217 2913 306 2941; x_wconf 85' lang='lat' dir='ltr'><strong>ncm</strong></span> <span class='ocrx_word' id='word_1_339' title='bbox 322 2899 575 2956; x_wconf 77' lang='lat' dir='ltr'><strong>porrigitur,</strong></span> <span class='ocrx_word' id='word_1_340' title='bbox 609 2900 681 2940; x_wconf 82' lang='lat' dir='ltr'><strong>ubi</strong></span> <span class='ocrx_word' id='word_1_341' title='bbox 696 2909 798 2956; x_wconf 76' lang='lat' dir='ltr'><strong>post</strong></span> <span class='ocrx_word' id='word_1_342' title='bbox 818 2902 1015 2955; x_wconf 78' lang='lat' dir='ltr'><strong>jacturas</strong></span> <span class='ocrx_word' id='word_1_343' title='bbox 1035 2902 1288 2959; x_wconf 77' lang='lat' dir='ltr'><strong>multiplices</strong></span> <span class='ocrx_word' id='word_1_344' title='bbox 1316 2904 1466 2961; x_wconf 78' lang='lat' dir='ltr'><em>pelago</em></span> 
     </span>
     <span class='ocr_line' id='line_1_40' title="bbox 218 2960 1466 3023; baseline 0.004 -20"><span class='ocrx_word' id='word_1_345' title='bbox 218 2960 415 3003; x_wconf 80' lang='lat' dir='ltr'><strong>miscetur</strong></span> <span class='ocrx_word' id='word_1_346' title='bbox 433 2961 685 3019; x_wconf 78' lang='lat' dir='ltr'><strong>Euphrates.</strong></span> <span class='ocrx_word' id='word_1_347' title='bbox 718 2962 950 3023; x_wconf 71' lang='lat' dir='ltr'><strong>Stephanus</strong></span> <span class='ocrx_word' id='word_1_348' title='bbox 967 2964 1062 3018; x_wconf 84' lang='lat' dir='ltr'><strong>Byz.</strong></span> <span class='ocrx_word' id='word_1_349' title='bbox 1083 2977 1092 3003; x_wconf 90' lang='lat'>:</span> <span class='ocrx_word' id='word_1_350' title='bbox 1121 2964 1319 3019; x_wconf 77' lang='grc' dir='ltr'>Τερηδὼν,</span> <span class='ocrx_word' id='word_1_351' title='bbox 1355 2967 1466 3017; x_wconf 81' lang='grc' dir='ltr'>πόλις</span> 
     </span>
    </p>
   </div>
   <div class='ocr_carea' id='block_1_4' title="bbox 217 3020 1465 4086">
    <p class='ocr_par' dir='ltr' id='par_1_6' title="bbox 217 3020 1465 4086">
     <span class='ocr_line' id='line_1_41' title="bbox 219 3020 1460 3082; baseline 0.004 -17"><span class='ocrx_word' id='word_1_352' title='bbox 219 3020 283 3066; x_wconf 64' lang='grc' dir='ltr'><strong>ἰπὶ</strong></span> <span class='ocrx_word' id='word_1_353' title='bbox 300 3026 349 3081; x_wconf 80' lang='grc' dir='ltr'>τῇ</span> <span class='ocrx_word' id='word_1_354' title='bbox 374 3022 556 3079; x_wconf 77' lang='grc' dir='ltr'>Ἐρυθρᾷ.</span> <span class='ocrx_word' id='word_1_355' title='bbox 582 3022 811 3080; x_wconf 74' lang='lat' dir='ltr'><strong>Abydenus</strong></span> <span class='ocrx_word' id='word_1_356' title='bbox 831 3037 899 3079; x_wconf 86' lang='lat' dir='ltr'><strong>ap.</strong></span> <span class='ocrx_word' id='word_1_357' title='bbox 932 3024 1086 3065; x_wconf 87' lang='lat' dir='ltr'><strong>Euscb.</strong></span> <span class='ocrx_word' id='word_1_358' title='bbox 1119 3025 1274 3067; x_wconf 89' lang='lat' dir='ltr'><strong>Chron.</strong></span> <span class='ocrx_word' id='word_1_359' title='bbox 1305 3042 1346 3082; x_wconf 92' lang='lat' dir='ltr'><strong>p.</strong></span> <span class='ocrx_word' id='word_1_360' title='bbox 1374 3042 1422 3070; x_wconf 85' lang='lat'><strong>21</strong></span> <span class='ocrx_word' id='word_1_361' title='bbox 1450 3043 1460 3070; x_wconf 89' lang='lat'><strong>:</strong></span> 
     </span>
     <span class='ocr_line' id='line_1_42' title="bbox 217 3083 1463 3138; baseline 0.003 -11"><span class='ocrx_word' id='word_1_362' title='bbox 217 3083 597 3127; x_wconf 78' lang='lat' dir='ltr'><em>Nabuchodonosor</em></span> <span class='ocrx_word' id='word_1_363' title='bbox 617 3084 660 3127; x_wconf 76' lang='lat' dir='ltr'><strong>in</strong></span> <span class='ocrx_word' id='word_1_364' title='bbox 686 3084 827 3127; x_wconf 77' lang='lat' dir='ltr'><strong>limine</strong></span> <span class='ocrx_word' id='word_1_365' title='bbox 854 3085 1049 3127; x_wconf 72' lang='lat' dir='ltr'><strong>Arabim.</strong></span> <span class='ocrx_word' id='word_1_366' title='bbox 1081 3086 1256 3138; x_wconf 68' lang='lat' dir='ltr'><strong>regionis</strong></span> <span class='ocrx_word' id='word_1_367' title='bbox 1295 3089 1463 3131; x_wconf 77' lang='lat' dir='ltr'><strong>Teredo-</strong></span> 
     </span>
     <span class='ocr_line' id='line_1_43' title="bbox 218 3146 1465 3204; baseline 0.003 -15"><span class='ocrx_word' id='word_1_368' title='bbox 218 3162 308 3190; x_wconf 85' lang='lat' dir='ltr'><strong>nem</strong></span> <span class='ocrx_word' id='word_1_369' title='bbox 333 3148 470 3190; x_wconf 82' lang='lat' dir='ltr'><strong>urbem</strong></span> <span class='ocrx_word' id='word_1_370' title='bbox 481 3146 709 3202; x_wconf 74' lang='lat' dir='ltr'><strong>fundarit.</strong></span> <span class='ocrx_word' id='word_1_371' title='bbox 734 3146 890 3191; x_wconf 86' lang='lat' dir='ltr'><strong>Euseb.</strong></span> <span class='ocrx_word' id='word_1_372' title='bbox 918 3149 989 3190; x_wconf 87' lang='lat' dir='ltr'><strong>Pr.</strong></span> <span class='ocrx_word' id='word_1_373' title='bbox 1018 3149 1095 3190; x_wconf 86' lang='lat' dir='ltr'><strong>Ev.</strong></span> <span class='ocrx_word' id='word_1_374' title='bbox 1117 3162 1158 3204; x_wconf 90' lang='lat' dir='ltr'><strong>p.</strong></span> <span class='ocrx_word' id='word_1_375' title='bbox 1182 3150 1279 3199; x_wconf 75' lang='lat'><strong>456,</strong></span> <span class='ocrx_word' id='word_1_376' title='bbox 1299 3152 1336 3191; x_wconf 89' lang='lat' dir='ltr'>D</span> <span class='ocrx_word' id='word_1_377' title='bbox 1365 3164 1374 3191; x_wconf 91' lang='lat'>:</span> <span class='ocrx_word' id='word_1_378' title='bbox 1395 3152 1465 3193; x_wconf 81' lang='grc' dir='ltr'>Τε-</span> 
     </span>
     <span class='ocr_line' id='line_1_44' title="bbox 219 3208 1464 3267; baseline 0.002 -14"><span class='ocrx_word' id='word_1_379' title='bbox 219 3210 364 3267; x_wconf 86' lang='grc' dir='ltr'>ρηδόνα</span> <span class='ocrx_word' id='word_1_380' title='bbox 392 3209 536 3253; x_wconf 78' lang='grc' dir='ltr'>ἔκτισιν</span> <span class='ocrx_word' id='word_1_381' title='bbox 571 3210 670 3253; x_wconf 78' lang='grc' dir='ltr'>κατὰ</span> <span class='ocrx_word' id='word_1_382' title='bbox 703 3210 771 3260; x_wconf 80' lang='grc' dir='ltr'><strong>τὰς</strong></span> <span class='ocrx_word' id='word_1_383' title='bbox 800 3209 968 3267; x_wconf 79' lang='grc' dir='ltr'>Ἆράὸων</span> <span class='ocrx_word' id='word_1_384' title='bbox 998 3208 1189 3260; x_wconf 80' lang='grc' dir='ltr'>είσ6ολάς.</span> <span class='ocrx_word' id='word_1_385' title='bbox 1222 3212 1464 3257; x_wconf 65' lang='lat' dir='ltr'><strong>Ptolemaeus</strong></span> 
     </span>
     <span class='ocr_line' id='line_1_45' title="bbox 217 3271 1463 3329; baseline 0.002 -15"><span class='ocrx_word' id='word_1_386' title='bbox 217 3271 366 3314; x_wconf 88' lang='lat' dir='ltr'><strong>urbem</strong></span> <span class='ocrx_word' id='word_1_387' title='bbox 388 3272 510 3328; x_wconf 86' lang='lat' dir='ltr'><strong>ponit</strong></span> <span class='ocrx_word' id='word_1_388' title='bbox 531 3271 712 3315; x_wconf 89' lang='lat' dir='ltr'><strong>mediam</strong></span> <span class='ocrx_word' id='word_1_389' title='bbox 731 3274 840 3315; x_wconf 88' lang='lat' dir='ltr'><strong>inter</strong></span> <span class='ocrx_word' id='word_1_390' title='bbox 861 3272 1060 3315; x_wconf 73' lang='lat' dir='ltr'><strong>orientale</strong></span> <span class='ocrx_word' id='word_1_391' title='bbox 1077 3287 1200 3315; x_wconf 88' lang='lat' dir='ltr'><strong>suum</strong></span> <span class='ocrx_word' id='word_1_392' title='bbox 1221 3273 1403 3329; x_wconf 80' lang='lat' dir='ltr'>Tigridis</span> <span class='ocrx_word' id='word_1_393' title='bbox 1424 3284 1463 3317; x_wconf 89' lang='lat' dir='ltr'><strong>ct</strong></span> 
     </span>
     <span class='ocr_line' id='line_1_46' title="bbox 219 3334 1465 3392; baseline 0.001 -14"><span class='ocrx_word' id='word_1_394' title='bbox 219 3335 473 3378; x_wconf 88' lang='lat' dir='ltr'><strong>occidentale</strong></span> <span class='ocrx_word' id='word_1_395' title='bbox 491 3336 663 3378; x_wconf 88' lang='lat' dir='ltr'><strong>ostium.</strong></span> <span class='ocrx_word' id='word_1_396' title='bbox 687 3337 764 3378; x_wconf 83' lang='lat' dir='ltr'><strong>His</strong></span> <span class='ocrx_word' id='word_1_397' title='bbox 791 3337 825 3378; x_wconf 90' lang='lat' dir='ltr'><strong>si</strong></span> <span class='ocrx_word' id='word_1_398' title='bbox 845 3334 1057 3378; x_wconf 78' lang='lat' dir='ltr'>addideris</span> <span class='ocrx_word' id='word_1_399' title='bbox 1078 3350 1170 3392; x_wconf 71' lang='lat' dir='ltr'><strong>quae</strong></span> <span class='ocrx_word' id='word_1_400' title='bbox 1200 3334 1254 3379; x_wconf 90' lang='lat' dir='ltr'><strong>de</strong></span> <span class='ocrx_word' id='word_1_401' title='bbox 1276 3337 1465 3379; x_wconf 86' lang='lat' dir='ltr'><strong>muribus</strong></span> 
     </span>
     <span class='ocr_line' id='line_1_47' title="bbox 218 3396 1462 3455; baseline 0.003 -17"><span class='ocrx_word' id='word_1_402' title='bbox 218 3396 469 3439; x_wconf 87' lang='lat' dir='ltr'><strong>Teredontis</strong></span> <span class='ocrx_word' id='word_1_403' title='bbox 496 3412 547 3440; x_wconf 87' lang='lat' dir='ltr'><strong>ex</strong></span> <span class='ocrx_word' id='word_1_404' title='bbox 565 3400 747 3455; x_wconf 81' lang='lat' dir='ltr'><strong>Amynta</strong></span> <span class='ocrx_word' id='word_1_405' title='bbox 764 3397 887 3440; x_wconf 77' lang='lat' dir='ltr'><strong>affert</strong></span> <span class='ocrx_word' id='word_1_406' title='bbox 915 3398 1100 3442; x_wconf 79' lang='lat' dir='ltr'><strong>AElianus</strong></span> <span class='ocrx_word' id='word_1_407' title='bbox 1120 3399 1174 3440; x_wconf 88' lang='lat' dir='ltr'><strong>N.</strong></span> <span class='ocrx_word' id='word_1_408' title='bbox 1195 3400 1278 3441; x_wconf 91' lang='lat' dir='ltr'><strong>An.</strong></span> <span class='ocrx_word' id='word_1_409' title='bbox 1301 3399 1359 3450; x_wconf 84' lang='lat' dir='ltr'><strong>V,</strong></span> <span class='ocrx_word' id='word_1_410' title='bbox 1396 3403 1462 3450; x_wconf 72' lang='grc'><strong>14.</strong></span> 
     </span>
     <span class='ocr_line' id='line_1_48' title="bbox 220 3460 1461 3517; baseline 0.004 -16"><span class='ocrx_word' id='word_1_411' title='bbox 220 3461 359 3511; x_wconf 87' lang='lat' dir='ltr'>XVII,</span> <span class='ocrx_word' id='word_1_412' title='bbox 385 3464 450 3511; x_wconf 88' lang='lat'><strong>16,</strong></span> <span class='ocrx_word' id='word_1_413' title='bbox 472 3460 643 3503; x_wconf 87' lang='lat' dir='ltr'><strong>habebis</strong></span> <span class='ocrx_word' id='word_1_414' title='bbox 668 3475 761 3517; x_wconf 84' lang='lat' dir='ltr'><strong>quae</strong></span> <span class='ocrx_word' id='word_1_415' title='bbox 791 3460 845 3504; x_wconf 90' lang='lat' dir='ltr'><strong>de</strong></span> <span class='ocrx_word' id='word_1_416' title='bbox 867 3477 918 3504; x_wconf 93' lang='lat' dir='ltr'><strong>eo</strong></span> <span class='ocrx_word' id='word_1_417' title='bbox 939 3461 1032 3505; x_wconf 91' lang='lat' dir='ltr'><strong>loco</strong></span> <span class='ocrx_word' id='word_1_418' title='bbox 1063 3460 1287 3505; x_wconf 88' lang='lat' dir='ltr'><strong>traduntur</strong></span> <span class='ocrx_word' id='word_1_419' title='bbox 1304 3462 1461 3506; x_wconf 83' lang='lat' dir='ltr'><strong>omnia.</strong></span> 
     </span>
     <span class='ocr_line' id='line_1_49' title="bbox 222 3521 1464 3580; baseline 0.006 -19"><span class='ocrx_word' id='word_1_420' title='bbox 222 3521 354 3563; x_wconf 85' lang='lat' dir='ltr'><strong>Situm</strong></span> <span class='ocrx_word' id='word_1_421' title='bbox 377 3521 466 3577; x_wconf 78' lang='lat' dir='ltr'><strong>ejus</strong></span> <span class='ocrx_word' id='word_1_422' title='bbox 483 3523 714 3565; x_wconf 83' lang='lat' dir='ltr'><strong>accuratius</strong></span> <span class='ocrx_word' id='word_1_423' title='bbox 731 3522 905 3567; x_wconf 85' lang='lat' dir='ltr'><strong>definire</strong></span> <span class='ocrx_word' id='word_1_424' title='bbox 933 3524 1180 3567; x_wconf 87' lang='lat' dir='ltr'><strong>certioribus</strong></span> <span class='ocrx_word' id='word_1_425' title='bbox 1212 3526 1464 3580; x_wconf 80' lang='lat' dir='ltr'><strong>argumentis</strong></span> 
     </span>
     <span class='ocr_line' id='line_1_50' title="bbox 222 3583 1461 3645; baseline 0.006 -22"><span class='ocrx_word' id='word_1_426' title='bbox 222 3583 291 3624; x_wconf 69' lang='lat' dir='ltr'><strong>vix</strong></span> <span class='ocrx_word' id='word_1_427' title='bbox 313 3584 421 3625; x_wconf 84' lang='lat' dir='ltr'><strong>licet.</strong></span> <span class='ocrx_word' id='word_1_428' title='bbox 446 3586 549 3629; x_wconf 83' lang='lat' dir='ltr'><strong>Satis</strong></span> <span class='ocrx_word' id='word_1_429' title='bbox 569 3601 667 3629; x_wconf 82' lang='lat' dir='ltr'><strong>vero</strong></span> <span class='ocrx_word' id='word_1_430' title='bbox 682 3586 735 3629; x_wconf 91' lang='lat' dir='ltr'><strong>de</strong></span> <span class='ocrx_word' id='word_1_431' title='bbox 753 3602 803 3629; x_wconf 90' lang='lat' dir='ltr'><strong>eo</strong></span> <span class='ocrx_word' id='word_1_432' title='bbox 817 3589 1034 3641; x_wconf 84' lang='lat' dir='ltr'><strong>convenit,</strong></span> <span class='ocrx_word' id='word_1_433' title='bbox 1051 3590 1204 3631; x_wconf 85' lang='lat' dir='ltr'><strong>ostium</strong></span> <span class='ocrx_word' id='word_1_434' title='bbox 1221 3588 1461 3645; x_wconf 76' lang='lat' dir='ltr'><strong>Euphratis,</strong></span> 
     </span>
     <span class='ocr_line' id='line_1_51' title="bbox 223 3646 1460 3703; baseline 0.005 -16"><span class='ocrx_word' id='word_1_435' title='bbox 223 3646 292 3688; x_wconf 89' lang='lat' dir='ltr'><strong>cui</strong></span> <span class='ocrx_word' id='word_1_436' title='bbox 323 3647 557 3703; x_wconf 75' lang='lat' dir='ltr'><strong>impositam</strong></span> <span class='ocrx_word' id='word_1_437' title='bbox 587 3649 849 3693; x_wconf 87' lang='lat' dir='ltr'><strong>Teredonem</strong></span> <span class='ocrx_word' id='word_1_438' title='bbox 892 3652 1106 3694; x_wconf 82' lang='lat' dir='ltr'><strong>Nearchus</strong></span> <span class='ocrx_word' id='word_1_439' title='bbox 1131 3652 1248 3703; x_wconf 89' lang='lat' dir='ltr'><strong>dicit,</strong></span> <span class='ocrx_word' id='word_1_440' title='bbox 1280 3652 1323 3693; x_wconf 87' lang='lat' dir='ltr'><strong>in</strong></span> <span class='ocrx_word' id='word_1_441' title='bbox 1358 3651 1460 3694; x_wconf 90' lang='lat' dir='ltr'><strong>hod.</strong></span> 
     </span>
     <span class='ocr_line' id='line_1_52' title="bbox 222 3708 1464 3778; baseline 0.006 -27"><span class='ocrx_word' id='word_1_442' title='bbox 222 3708 340 3752; x_wconf 71' lang='lat' dir='ltr'><strong>&#39;Klior</strong></span> <span class='ocrx_word' id='word_1_443' title='bbox 370 3709 546 3752; x_wconf 83' lang='lat' dir='ltr'><strong>Abdilla</strong></span> <span class='ocrx_word' id='word_1_444' title='bbox 572 3726 659 3753; x_wconf 83' lang='lat' dir='ltr'><strong>csse</strong></span> <span class='ocrx_word' id='word_1_445' title='bbox 692 3714 980 3778; x_wconf 54' lang='lat' dir='ltr'><strong>quaere-ndum,</strong></span> <span class='ocrx_word' id='word_1_446' title='bbox 1012 3717 1055 3757; x_wconf 89' lang='lat' dir='ltr'><strong>in</strong></span> <span class='ocrx_word' id='word_1_447' title='bbox 1092 3730 1218 3773; x_wconf 89' lang='lat' dir='ltr'><strong>quem</strong></span> <span class='ocrx_word' id='word_1_448' title='bbox 1251 3713 1464 3772; x_wconf 84' lang='lat' dir='ltr'><strong>Pallacopa</strong></span> 
     </span>
     <span class='ocr_line' id='line_1_53' title="bbox 223 3771 1465 3835; baseline 0.004 -20"><span class='ocrx_word' id='word_1_449' title='bbox 223 3771 341 3815; x_wconf 78' lang='lat' dir='ltr'><strong>alveo</strong></span> <span class='ocrx_word' id='word_1_450' title='bbox 363 3773 513 3815; x_wconf 84' lang='lat' dir='ltr'><strong>fluvius</strong></span> <span class='ocrx_word' id='word_1_451' title='bbox 548 3776 798 3831; x_wconf 82' lang='lat' dir='ltr'><strong>praecipuam</strong></span> <span class='ocrx_word' id='word_1_452' title='bbox 824 3779 908 3819; x_wconf 80' lang='lat' dir='ltr'><strong>vim</strong></span> <span class='ocrx_word' id='word_1_453' title='bbox 931 3793 1134 3835; x_wconf 88' lang='lat' dir='ltr'><strong>aquarum</strong></span> <span class='ocrx_word' id='word_1_454' title='bbox 1156 3778 1256 3821; x_wconf 88' lang='lat' dir='ltr'><strong>olim</strong></span> <span class='ocrx_word' id='word_1_455' title='bbox 1276 3777 1465 3820; x_wconf 77' lang='lat' dir='ltr'><strong>effunde·</strong></span> 
     </span>
     <span class='ocr_line' id='line_1_54' title="bbox 224 3834 1465 3899; baseline 0.002 -20"><span class='ocrx_word' id='word_1_456' title='bbox 224 3834 311 3879; x_wconf 85' lang='lat' dir='ltr'><strong>bat.</strong></span> <span class='ocrx_word' id='word_1_457' title='bbox 335 3837 390 3879; x_wconf 86' lang='lat' dir='ltr'><strong>Et</strong></span> <span class='ocrx_word' id='word_1_458' title='bbox 410 3836 659 3881; x_wconf 84' lang='lat' dir='ltr'><strong>d’Anvillius</strong></span> <span class='ocrx_word' id='word_1_459' title='bbox 677 3839 846 3894; x_wconf 86' lang='lat' dir='ltr'><strong>quidem</strong></span> <span class='ocrx_word' id='word_1_460' title='bbox 870 3841 931 3896; x_wconf 89' lang='lat' dir='ltr'><strong>(l.</strong></span> <span class='ocrx_word' id='word_1_461' title='bbox 955 3841 983 3883; x_wconf 93' lang='lat' dir='ltr'><strong>l.</strong></span> <span class='ocrx_word' id='word_1_462' title='bbox 1002 3856 1045 3898; x_wconf 88' lang='lat' dir='ltr'><strong>p.</strong></span> <span class='ocrx_word' id='word_1_463' title='bbox 1074 3855 1154 3897; x_wconf 93' lang='grc'><strong>190</strong></span> <span class='ocrx_word' id='word_1_464' title='bbox 1173 3841 1207 3899; x_wconf 84' lang='grc'><strong>),</strong></span> <span class='ocrx_word' id='word_1_465' title='bbox 1226 3840 1465 3885; x_wconf 84' lang='lat' dir='ltr'><strong>Gosselinus</strong></span> 
     </span>
     <span class='ocr_line' id='line_1_55' title="bbox 225 3900 1464 3957; baseline 0.004 -15"><span class='ocrx_word' id='word_1_466' title='bbox 225 3900 311 3952; x_wconf 90' lang='lat'><strong>111,</strong></span> <span class='ocrx_word' id='word_1_467' title='bbox 342 3914 387 3957; x_wconf 87' lang='lat' dir='ltr'><strong>p.</strong></span> <span class='ocrx_word' id='word_1_468' title='bbox 408 3902 462 3944; x_wconf 87' lang='lat'><strong>88</strong></span> <span class='ocrx_word' id='word_1_469' title='bbox 493 3909 536 3944; x_wconf 88' lang='lat' dir='ltr'><strong>et</strong></span> <span class='ocrx_word' id='word_1_470' title='bbox 567 3902 799 3944; x_wconf 82' lang='lat' dir='ltr'><strong>Vincentus</strong></span> <span class='ocrx_word' id='word_1_471' title='bbox 830 3903 859 3945; x_wconf 93' lang='grc'><strong>1.</strong></span> <span class='ocrx_word' id='word_1_472' title='bbox 887 3903 916 3944; x_wconf 89' lang='lat' dir='ltr'><strong>l.</strong></span> <span class='ocrx_word' id='word_1_473' title='bbox 938 3903 1198 3946; x_wconf 87' lang='lat' dir='ltr'><strong>Teredonem</strong></span> <span class='ocrx_word' id='word_1_474' title='bbox 1223 3905 1266 3946; x_wconf 87' lang='lat' dir='ltr'><strong>in</strong></span> <span class='ocrx_word' id='word_1_475' title='bbox 1299 3904 1464 3947; x_wconf 83' lang='lat' dir='ltr'><strong>sinistro</strong></span> 
     </span>
     <span class='ocr_line' id='line_1_56' title="bbox 227 3962 1464 4023; baseline 0.004 -20"><span class='ocrx_word' id='word_1_476' title='bbox 227 3962 322 4004; x_wconf 88' lang='lat' dir='ltr'><strong>ostii</strong></span> <span class='ocrx_word' id='word_1_477' title='bbox 344 3962 468 4005; x_wconf 87' lang='lat' dir='ltr'><strong>latere</strong></span> <span class='ocrx_word' id='word_1_478' title='bbox 485 3963 701 4018; x_wconf 89' lang='lat' dir='ltr'><strong>collocant,</strong></span> <span class='ocrx_word' id='word_1_479' title='bbox 738 3966 937 4022; x_wconf 88' lang='lat' dir='ltr'><strong>quoniam</strong></span> <span class='ocrx_word' id='word_1_480' title='bbox 959 3981 1026 4023; x_wconf 88' lang='lat' dir='ltr'><strong>ap.</strong></span> <span class='ocrx_word' id='word_1_481' title='bbox 1066 3967 1333 4010; x_wconf 67' lang='lat' dir='ltr'><strong>Ptolemaeum</strong></span> <span class='ocrx_word' id='word_1_482' title='bbox 1365 3965 1464 4008; x_wconf 86' lang='lat' dir='ltr'><strong>urbs</strong></span> 
     </span>
     <span class='ocr_line' id='line_1_57' title="bbox 226 4023 1463 4086; baseline 0.005 -22"><span class='ocrx_word' id='word_1_483' title='bbox 226 4023 423 4067; x_wconf 66' lang='lat' dir='ltr'><strong>Messenae</strong></span> <span class='ocrx_word' id='word_1_484' title='bbox 444 4028 695 4083; x_wconf 59' lang='lat' dir='ltr'><strong>assignatum</strong></span> <span class='ocrx_word' id='word_1_485' title='bbox 718 4029 959 4071; x_wconf 83' lang='lat' dir='ltr'><strong>Manncrtus</strong></span> <span class='ocrx_word' id='word_1_486' title='bbox 981 4031 1037 4082; x_wconf 82' lang='lat' dir='ltr'><strong>V,</strong></span> <span class='ocrx_word' id='word_1_487' title='bbox 1059 4043 1100 4079; x_wconf 87' lang='grc'><strong>2,</strong></span> <span class='ocrx_word' id='word_1_488' title='bbox 1119 4044 1162 4086; x_wconf 90' lang='lat' dir='ltr'><strong>p.</strong></span> <span class='ocrx_word' id='word_1_489' title='bbox 1181 4033 1262 4076; x_wconf 70' lang='grc'><strong>420</strong></span> <span class='ocrx_word' id='word_1_490' title='bbox 1282 4028 1463 4071; x_wconf 83' lang='lat' dir='ltr'><strong>Teredo-</strong></span> 
     </span>
    </p>
   </div>
   <div class='ocr_carea' id='block_1_5' title="bbox 1361 175 1706 225">
    <p class='ocr_par' dir='ltr' id='par_1_7' title="bbox 1361 175 1706 225">
     <span class='ocr_line' id='line_1_58' title="bbox 1361 175 1706 225; baseline -0.009 -1"><span class='ocrx_word' id='word_1_491' title='bbox 1361 175 1623 225; x_wconf 73' lang='lat' dir='ltr'><strong>Annum</strong></span> <span class='ocrx_word' id='word_1_492' title='bbox 1701 219 1706 221; x_wconf 84' lang='lat'><strong>.</strong></span> 
     </span>
    </p>
   </div>
   <div class='ocr_carea' id='block_1_6' title="bbox 2588 0 2808 605">
    <p class='ocr_par' dir='ltr' id='par_1_8' title="bbox 2588 0 2808 605">
     <span class='ocr_line' id='line_1_59' title="bbox 2588 0 2808 605; baseline 0 3737"><span class='ocrx_word' id='word_1_493' title='bbox 2588 0 2808 605; x_wconf 95' lang='lat' dir='ltr'><strong> </strong></span> 
     </span>
    </p>
   </div>
   <div class='ocr_carea' id='block_1_7' title="bbox 1524 636 2808 1588">
    <p class='ocr_par' dir='ltr' id='par_1_9' title="bbox 1524 636 2808 1596">
     <span class='ocr_line' id='line_1_60' title="bbox 1525 636 2773 700; baseline 0.006 -24"><span class='ocrx_word' id='word_1_494' title='bbox 1525 642 1701 691; x_wconf 81' lang='lat' dir='ltr'><strong>utraque</strong></span> <span class='ocrx_word' id='word_1_495' title='bbox 1733 644 1851 692; x_wconf 81' lang='lat' dir='ltr'><strong>parte</strong></span> <span class='ocrx_word' id='word_1_496' title='bbox 1876 636 1982 689; x_wconf 89' lang='lat' dir='ltr'><strong>loci,</strong></span> <span class='ocrx_word' id='word_1_497' title='bbox 2007 637 2053 679; x_wconf 88' lang='lat' dir='ltr'><strong>in</strong></span> <span class='ocrx_word' id='word_1_498' title='bbox 2086 651 2173 694; x_wconf 90' lang='lat' dir='ltr'><strong>quo</strong></span> <span class='ocrx_word' id='word_1_499' title='bbox 2208 638 2440 695; x_wconf 75' lang='lat' dir='ltr'><strong>navigatur,</strong></span> <span class='ocrx_word' id='word_1_500' title='bbox 2474 644 2709 700; x_wconf 63' lang='lat' dir='ltr'><strong>profundus</strong></span> <span class='ocrx_word' id='word_1_501' title='bbox 2728 654 2773 692; x_wconf 58' lang='lat' dir='ltr'><strong>a</strong></span> 
     </span>
     <span class='ocr_line' id='line_1_61' title="bbox 1525 702 2808 780; baseline 0.008 -36"><span class='ocrx_word' id='word_1_502' title='bbox 1525 710 1669 756; x_wconf 83' lang='lat' dir='ltr'><strong>tenax,</strong></span> <span class='ocrx_word' id='word_1_503' title='bbox 1690 702 1795 746; x_wconf 87' lang='lat' dir='ltr'><strong>adeo</strong></span> <span class='ocrx_word' id='word_1_504' title='bbox 1810 712 1857 747; x_wconf 93' lang='lat' dir='ltr'><strong>ut</strong></span> <span class='ocrx_word' id='word_1_505' title='bbox 1878 719 2002 747; x_wconf 54' lang='lat' dir='ltr'><strong>naves</strong></span> <span class='ocrx_word' id='word_1_506' title='bbox 2017 706 2206 762; x_wconf 70' lang='lat' dir='ltr'><strong>impactae</strong></span> <span class='ocrx_word' id='word_1_507' title='bbox 2221 705 2339 749; x_wconf 90' lang='lat' dir='ltr'><strong>nullo</strong></span> <span class='ocrx_word' id='word_1_508' title='bbox 2357 706 2532 752; x_wconf 82' lang='lat' dir='ltr'><strong>artifieio</strong></span> <span class='ocrx_word' id='word_1_509' title='bbox 2544 713 2659 757; x_wconf 75' lang='lat' dir='ltr'><strong>evdli</strong></span> <span class='ocrx_word' id='word_1_510' title='bbox 2674 723 2808 780; x_wconf 64' lang='lat' dir='ltr'><strong>Poe‘l</strong></span> 
     </span>
     <span class='ocr_line' id='line_1_62' title="bbox 1525 771 2808 834; baseline 0.009 -20"><span class='ocrx_word' id='word_1_511' title='bbox 1525 771 1623 814; x_wconf 82' lang='lat' dir='ltr'><strong>siut.</strong></span> <span class='ocrx_word' id='word_1_512' title='bbox 1683 774 1750 828; x_wconf 73' lang='grc'><strong>(4)</strong></span> <span class='ocrx_word' id='word_1_513' title='bbox 1787 774 1932 816; x_wconf 84' lang='lat' dir='ltr'><strong>Contis</strong></span> <span class='ocrx_word' id='word_1_514' title='bbox 1965 774 2077 816; x_wconf 90' lang='lat' dir='ltr'><strong>enim</strong></span> <span class='ocrx_word' id='word_1_515' title='bbox 2111 774 2154 815; x_wconf 91' lang='lat' dir='ltr'><strong>in</strong></span> <span class='ocrx_word' id='word_1_516' title='bbox 2186 772 2289 815; x_wconf 91' lang='lat' dir='ltr'><strong>limo</strong></span> <span class='ocrx_word' id='word_1_517' title='bbox 2326 775 2638 822; x_wconf 71' lang='lat' dir='ltr'><strong>subsidentibus</strong></span> <span class='ocrx_word' id='word_1_518' title='bbox 2666 771 2808 834; x_wconf 35' lang='lat' dir='ltr'><strong>{dliii}¹⁴</strong></span> 
     </span>
     <span class='ocr_line' id='line_1_63' title="bbox 1524 832 2785 901; baseline 0.007 -19"><span class='ocrx_word' id='word_1_519' title='bbox 1524 839 1835 897; x_wconf 71' lang='lat' dir='ltr'><strong>proficiebam.</strong></span> <span class='ocrx_word' id='word_1_520' title='bbox 1895 832 2042 899; x_wconf 56' lang='lat' dir='ltr'><strong>Neque</strong></span> <span class='ocrx_word' id='word_1_521' title='bbox 2074 850 2210 885; x_wconf 83' lang='lat' dir='ltr'><strong>nautae</strong></span> <span class='ocrx_word' id='word_1_522' title='bbox 2241 844 2417 887; x_wconf 78' lang='lat' dir='ltr'><strong>navibus</strong></span> <span class='ocrx_word' id='word_1_523' title='bbox 2449 844 2589 901; x_wconf 67' lang='lat' dir='ltr'><strong>egredi</strong></span> <span class='ocrx_word' id='word_1_524' title='bbox 2620 845 2676 891; x_wconf 76' lang='lat' dir='ltr'><strong>ad</strong></span> <span class='ocrx_word' id='word_1_525' title='bbox 2715 847 2717 851; x_wconf 54' lang='lat'><strong><em>⁴</em></strong></span> <span class='ocrx_word' id='word_1_526' title='bbox 2750 837 2785 881; x_wconf 53' lang='lat'><strong>,³</strong></span> 
     </span>
     <span class='ocr_line' id='line_1_64' title="bbox 1527 906 2794 971; baseline 0.006 -20"><span class='ocrx_word' id='word_1_527' title='bbox 1527 910 1571 951; x_wconf 89' lang='lat' dir='ltr'><strong>in</strong></span> <span class='ocrx_word' id='word_1_528' title='bbox 1584 909 1813 966; x_wconf 78' lang='lat' dir='ltr'><strong>navigabile</strong></span> <span class='ocrx_word' id='word_1_529' title='bbox 1840 910 1993 953; x_wconf 79' lang='lat' dir='ltr'><strong>fretum</strong></span> <span class='ocrx_word' id='word_1_530' title='bbox 2007 911 2284 955; x_wconf 82' lang='lat' dir='ltr'><strong>retrudendas</strong></span> <span class='ocrx_word' id='word_1_531' title='bbox 2299 922 2506 970; x_wconf 86' lang='lat' dir='ltr'><strong>poterant,</strong></span> <span class='ocrx_word' id='word_1_532' title='bbox 2523 913 2639 971; x_wconf 86' lang='lat' dir='ltr'><strong>quod</strong></span> <span class='ocrx_word' id='word_1_533' title='bbox 2651 906 2724 959; x_wconf 85' lang='grc'><strong>11111</strong></span> <span class='ocrx_word' id='word_1_534' title='bbox 2737 940 2741 949; x_wconf 63' lang='grc' dir='ltr'>ι</span> <span class='ocrx_word' id='word_1_535' title='bbox 2759 948 2763 952; x_wconf 77' lang='lat'><em>-</em></span> <span class='ocrx_word' id='word_1_536' title='bbox 2785 938 2794 950; x_wconf 61' lang='lat' dir='ltr'><strong>e</strong></span> 
     </span>
     <span class='ocr_line' id='line_1_65' title="bbox 1526 978 2755 1042; baseline 0.007 -23"><span class='ocrx_word' id='word_1_537' title='bbox 1526 991 1598 1019; x_wconf 87' lang='lat' dir='ltr'><strong>eos</strong></span> <span class='ocrx_word' id='word_1_538' title='bbox 1625 986 1794 1035; x_wconf 83' lang='lat' dir='ltr'><strong>pectore</strong></span> <span class='ocrx_word' id='word_1_539' title='bbox 1812 986 1933 1021; x_wconf 89' lang='lat' dir='ltr'><strong>tenus</strong></span> <span class='ocrx_word' id='word_1_540' title='bbox 1953 978 2215 1042; x_wconf 68' lang='lat' dir='ltr'><strong>absorbebat.</strong></span> <span class='ocrx_word' id='word_1_541' title='bbox 2278 980 2342 1037; x_wconf 83' lang='lat'><strong>(5)</strong></span> <span class='ocrx_word' id='word_1_542' title='bbox 2369 984 2506 1038; x_wconf 86' lang='lat' dir='ltr'><strong>Atque</strong></span> <span class='ocrx_word' id='word_1_543' title='bbox 2525 983 2580 1024; x_wconf 89' lang='lat' dir='ltr'><strong>ita</strong></span> <span class='ocrx_word' id='word_1_544' title='bbox 2609 979 2755 1028; x_wconf 68' lang='lat' dir='ltr'><strong>diffidi</strong></span> 
     </span>
     <span class='ocr_line' id='line_1_66' title="bbox 1526 1045 2696 1106; baseline 0.005 -19"><span class='ocrx_word' id='word_1_545' title='bbox 1526 1045 1626 1088; x_wconf 88' lang='lat' dir='ltr'><strong>lima</strong></span> <span class='ocrx_word' id='word_1_546' title='bbox 1643 1046 1905 1102; x_wconf 77' lang='lat' dir='ltr'><strong>navigatione</strong></span> <span class='ocrx_word' id='word_1_547' title='bbox 1922 1060 1998 1104; x_wconf 89' lang='lat' dir='ltr'><strong>per</strong></span> <span class='ocrx_word' id='word_1_548' title='bbox 2010 1054 2203 1090; x_wconf 79' lang='lat' dir='ltr'><strong>sexcenta</strong></span> <span class='ocrx_word' id='word_1_549' title='bbox 2226 1047 2358 1091; x_wconf 81' lang='lat' dir='ltr'><strong>stadia</strong></span> <span class='ocrx_word' id='word_1_550' title='bbox 2379 1051 2467 1102; x_wconf 86' lang='lat' dir='ltr'><strong>usi,</strong></span> <span class='ocrx_word' id='word_1_551' title='bbox 2487 1050 2658 1106; x_wconf 81' lang='lat' dir='ltr'><strong>singulis</strong></span> <span class='ocrx_word' id='word_1_552' title='bbox 2676 1066 2696 1093; x_wconf 91' lang='lat' dir='ltr'><strong>s</strong></span> 
     </span>
     <span class='ocr_line' id='line_1_67' title="bbox 1528 1115 2782 1175; baseline 0.004 -17"><span class='ocrx_word' id='word_1_553' title='bbox 1528 1117 1717 1158; x_wconf 83' lang='lat' dir='ltr'><strong>sistentes</strong></span> <span class='ocrx_word' id='word_1_554' title='bbox 1738 1115 1936 1168; x_wconf 86' lang='lat' dir='ltr'><strong>navibus,</strong></span> <span class='ocrx_word' id='word_1_555' title='bbox 1960 1130 2138 1173; x_wconf 84' lang='lat' dir='ltr'><strong>corpora</strong></span> <span class='ocrx_word' id='word_1_556' title='bbox 2155 1125 2371 1167; x_wconf 81' lang='lat' dir='ltr'><strong>curarunt.</strong></span> <span class='ocrx_word' id='word_1_557' title='bbox 2431 1119 2497 1175; x_wconf 88' lang='lat'><strong>(6)</strong></span> <span class='ocrx_word' id='word_1_558' title='bbox 2514 1120 2653 1163; x_wconf 89' lang='lat' dir='ltr'><strong>Noctu</strong></span> <span class='ocrx_word' id='word_1_559' title='bbox 2676 1135 2782 1163; x_wconf 78' lang='lat' dir='ltr'><strong>ver(</strong></span> 
     </span>
     <span class='ocr_line' id='line_1_68' title="bbox 1528 1185 2793 1243; baseline 0.005 -16"><span class='ocrx_word' id='word_1_560' title='bbox 1528 1200 1605 1243; x_wconf 88' lang='lat' dir='ltr'><strong>per</strong></span> <span class='ocrx_word' id='word_1_561' title='bbox 1633 1185 1893 1243; x_wconf 77' lang='lat' dir='ltr'><strong>profundum</strong></span> <span class='ocrx_word' id='word_1_562' title='bbox 1922 1185 2011 1242; x_wconf 85' lang='lat' dir='ltr'><strong>jam</strong></span> <span class='ocrx_word' id='word_1_563' title='bbox 2032 1187 2294 1242; x_wconf 79' lang='lat' dir='ltr'><strong>navigarunt,</strong></span> <span class='ocrx_word' id='word_1_564' title='bbox 2333 1195 2467 1230; x_wconf 86' lang='lat' dir='ltr'><strong>totum</strong></span> <span class='ocrx_word' id='word_1_565' title='bbox 2500 1189 2626 1232; x_wconf 85' lang='lat' dir='ltr'><strong>etiam</strong></span> <span class='ocrx_word' id='word_1_566' title='bbox 2662 1189 2793 1235; x_wconf 79' lang='lat' dir='ltr'><strong>diem</strong></span> 
     </span>
     <span class='ocr_line' id='line_1_69' title="bbox 1530 1255 2797 1314; baseline 0.002 -16"><span class='ocrx_word' id='word_1_567' title='bbox 1530 1263 1743 1313; x_wconf 89' lang='lat' dir='ltr'><strong>posterum</strong></span> <span class='ocrx_word' id='word_1_568' title='bbox 1758 1255 1812 1298; x_wconf 88' lang='lat' dir='ltr'><strong>ad</strong></span> <span class='ocrx_word' id='word_1_569' title='bbox 1832 1270 2048 1314; x_wconf 58' lang='lat' dir='ltr'><strong>vesperum</strong></span> <span class='ocrx_word' id='word_1_570' title='bbox 2067 1270 2215 1313; x_wconf 86' lang='lat' dir='ltr'><strong>usque,</strong></span> <span class='ocrx_word' id='word_1_571' title='bbox 2235 1265 2277 1298; x_wconf 91' lang='lat' dir='ltr'><strong>et</strong></span> <span class='ocrx_word' id='word_1_572' title='bbox 2291 1258 2510 1313; x_wconf 84' lang='lat' dir='ltr'><strong>nongentis</strong></span> <span class='ocrx_word' id='word_1_573' title='bbox 2522 1258 2665 1302; x_wconf 82' lang='lat' dir='ltr'><strong>stadiis</strong></span> <span class='ocrx_word' id='word_1_574' title='bbox 2677 1274 2756 1303; x_wconf 89' lang='lat' dir='ltr'><strong>oon</strong></span> <span class='ocrx_word' id='word_1_575' title='bbox 2793 1271 2797 1276; x_wconf 85' lang='lat'>·</span> 
     </span>
     <span class='ocr_line' id='line_1_70' title="bbox 1531 1323 2772 1384; baseline 0.002 -17"><span class='ocrx_word' id='word_1_576' title='bbox 1531 1323 1668 1377; x_wconf 75' lang='lat' dir='ltr'><strong>sectis,</strong></span> <span class='ocrx_word' id='word_1_577' title='bbox 1697 1324 1751 1367; x_wconf 84' lang='lat' dir='ltr'><strong>ad</strong></span> <span class='ocrx_word' id='word_1_578' title='bbox 1772 1324 1998 1382; x_wconf 83' lang='lat' dir='ltr'><strong>Euphratis</strong></span> <span class='ocrx_word' id='word_1_579' title='bbox 2018 1325 2174 1367; x_wconf 86' lang='lat' dir='ltr'><strong>ostium</strong></span> <span class='ocrx_word' id='word_1_580' title='bbox 2192 1325 2458 1382; x_wconf 86' lang='lat' dir='ltr'><strong>appulerunt,</strong></span> <span class='ocrx_word' id='word_1_581' title='bbox 2482 1334 2524 1368; x_wconf 90' lang='lat' dir='ltr'><strong>et</strong></span> <span class='ocrx_word' id='word_1_582' title='bbox 2547 1325 2602 1368; x_wconf 87' lang='lat' dir='ltr'><strong>ad</strong></span> <span class='ocrx_word' id='word_1_583' title='bbox 2623 1327 2778 1384; x_wconf 68' lang='lat' dir='ltr'><strong>pagun&#39;</strong></span> 
     </span>
     <span class='ocr_line' id='line_1_71' title="bbox 1530 1392 2791 1457; baseline 0.002 -22"><span class='ocrx_word' id='word_1_584' title='bbox 1530 1392 1741 1449; x_wconf 87' lang='lat' dir='ltr'><strong>quendam</strong></span> <span class='ocrx_word' id='word_1_585' title='bbox 1775 1393 2035 1450; x_wconf 61' lang='lat' dir='ltr'><strong>Babyloniae</strong></span> <span class='ocrx_word' id='word_1_586' title='bbox 2067 1393 2270 1449; x_wconf 81' lang='lat' dir='ltr'><strong>regionis,</strong></span> <span class='ocrx_word' id='word_1_587' title='bbox 2294 1394 2362 1435; x_wconf 88' lang='lat' dir='ltr'><strong>cui</strong></span> <span class='ocrx_word' id='word_1_588' title='bbox 2395 1393 2598 1436; x_wconf 85' lang='lat' dir='ltr'><strong>Diridotis</strong></span> <span class='ocrx_word' id='word_1_589' title='bbox 2620 1409 2759 1437; x_wconf 83' lang='grc'><strong>11011101</strong></span> <span class='ocrx_word' id='word_1_590' title='bbox 2773 1394 2791 1457; x_wconf 76' lang='grc'><strong>’,</strong></span> 
     </span>
     <span class='ocr_line' id='line_1_72' title="bbox 1533 1464 2798 1521; baseline 0.002 -16"><span class='ocrx_word' id='word_1_591' title='bbox 1533 1471 1620 1515; x_wconf 87' lang='lat' dir='ltr'><strong>est,</strong></span> <span class='ocrx_word' id='word_1_592' title='bbox 1653 1472 1932 1521; x_wconf 85' lang='lat' dir='ltr'><strong>pervenerunt</strong></span> <span class='ocrx_word' id='word_1_593' title='bbox 1972 1477 1984 1506; x_wconf 72' lang='lat' dir='ltr'><em>z</em></span> <span class='ocrx_word' id='word_1_594' title='bbox 2023 1464 2088 1519; x_wconf 91' lang='lat'><strong>(7)</strong></span> <span class='ocrx_word' id='word_1_595' title='bbox 2120 1477 2206 1520; x_wconf 91' lang='lat' dir='ltr'><strong>quo</strong></span> <span class='ocrx_word' id='word_1_596' title='bbox 2234 1472 2484 1507; x_wconf 86' lang='lat' dir='ltr'><strong>mercatores</strong></span> <span class='ocrx_word' id='word_1_597' title='bbox 2519 1473 2559 1506; x_wconf 90' lang='lat' dir='ltr'><strong>et</strong></span> <span class='ocrx_word' id='word_1_598' title='bbox 2596 1464 2692 1507; x_wconf 86' lang='lat' dir='ltr'><strong>thus</strong></span> <span class='ocrx_word' id='word_1_599' title='bbox 2726 1479 2798 1509; x_wconf 82' lang='lat' dir='ltr'><strong>ex</strong></span> 
     </span>
     <span class='ocr_line' id='line_1_73' title="bbox 1531 1531 2784 1588; baseline 0.002 -15"><span class='ocrx_word' id='word_1_600' title='bbox 1531 1540 1808 1575; x_wconf 78' lang='lat' dir='ltr'><strong>mercatorum</strong></span> <span class='ocrx_word' id='word_1_601' title='bbox 1832 1541 1942 1575; x_wconf 91' lang='lat' dir='ltr'><strong>terra</strong></span> <span class='ocrx_word' id='word_1_602' title='bbox 1973 1540 2015 1575; x_wconf 91' lang='lat' dir='ltr'><strong>et</strong></span> <span class='ocrx_word' id='word_1_603' title='bbox 2034 1531 2113 1574; x_wconf 89' lang='lat' dir='ltr'><strong>alia</strong></span> <span class='ocrx_word' id='word_1_604' title='bbox 2133 1541 2340 1583; x_wconf 79' lang='lat' dir='ltr'><strong>aromata,</strong></span> <span class='ocrx_word' id='word_1_605' title='bbox 2365 1547 2458 1588; x_wconf 83' lang='lat' dir='ltr'><strong>quae</strong></span> <span class='ocrx_word' id='word_1_606' title='bbox 2486 1532 2565 1574; x_wconf 75' lang='lat' dir='ltr'><strong>sert</strong></span> <span class='ocrx_word' id='word_1_607' title='bbox 2596 1532 2748 1576; x_wconf 88' lang='lat' dir='ltr'><strong>Arabia</strong></span> <span class='ocrx_word' id='word_1_608' title='bbox 2764 1549 2784 1584; x_wconf 71' lang='lat'><strong>‚2</strong></span> 
     </span>
    </p>
   </div>
   <div class='ocr_carea' id='block_1_8' title="bbox 1532 1600 2782 1783">
    <p class='ocr_par' dir='ltr' id='par_1_10' title="bbox 1532 1600 2792 1783">
     <span class='ocr_line' id='line_1_74' title="bbox 1533 1600 2780 1659; baseline 0.001 -16"><span class='ocrx_word' id='word_1_609' title='bbox 1533 1600 1730 1644; x_wconf 81' lang='lat' dir='ltr'><strong>asserunt.</strong></span> <span class='ocrx_word' id='word_1_610' title='bbox 1808 1604 1873 1656; x_wconf 87' lang='lat'><strong>(8)</strong></span> <span class='ocrx_word' id='word_1_611' title='bbox 1917 1601 1984 1644; x_wconf 88' lang='lat' dir='ltr'><strong>Ab</strong></span> <span class='ocrx_word' id='word_1_612' title='bbox 2016 1602 2131 1643; x_wconf 87' lang='lat' dir='ltr'><strong>ostiis</strong></span> <span class='ocrx_word' id='word_1_613' title='bbox 2174 1601 2398 1657; x_wconf 88' lang='lat' dir='ltr'><strong>Euphratis</strong></span> <span class='ocrx_word' id='word_1_614' title='bbox 2437 1601 2490 1643; x_wconf 91' lang='lat' dir='ltr'><strong>ad</strong></span> <span class='ocrx_word' id='word_1_615' title='bbox 2525 1600 2792 1659; x_wconf 57' lang='grc'><strong>3011710000</strong></span> 
     </span>
     <span class='ocr_line' id='line_1_75' title="bbox 1532 1667 2782 1725; baseline 0.002 -14"><span class='ocrx_word' id='word_1_616' title='bbox 1532 1683 1664 1725; x_wconf 87' lang='lat' dir='ltr'><strong>usque</strong></span> <span class='ocrx_word' id='word_1_617' title='bbox 1681 1669 1894 1712; x_wconf 85' lang='lat' dir='ltr'><strong>Nearchus</strong></span> <span class='ocrx_word' id='word_1_618' title='bbox 1923 1667 2152 1712; x_wconf 88' lang='lat' dir='ltr'><strong>stadiorum</strong></span> <span class='ocrx_word' id='word_1_619' title='bbox 2178 1670 2256 1711; x_wconf 89' lang='lat' dir='ltr'><strong>tria</strong></span> <span class='ocrx_word' id='word_1_620' title='bbox 2275 1669 2401 1712; x_wconf 84' lang='lat' dir='ltr'><strong>millia</strong></span> <span class='ocrx_word' id='word_1_621' title='bbox 2422 1679 2464 1713; x_wconf 91' lang='lat' dir='ltr'><strong>et</strong></span> <span class='ocrx_word' id='word_1_622' title='bbox 2491 1679 2674 1714; x_wconf 80' lang='lat' dir='ltr'><strong>trecenta</strong></span> <span class='ocrx_word' id='word_1_623' title='bbox 2692 1686 2755 1714; x_wconf 58' lang='lat' dir='ltr'><strong>ess</strong></span> <span class='ocrx_word' id='word_1_624' title='bbox 2780 1686 2782 1689; x_wconf 88' lang='lat'>·</span> 
     </span>
     <span class='ocr_line' id='line_1_76' title="bbox 1533 1738 1675 1783; baseline 0 -1"><span class='ocrx_word' id='word_1_625' title='bbox 1533 1738 1675 1783; x_wconf 79' lang='lat' dir='ltr'><strong>refert.</strong></span> 
     </span>
    </p>
   </div>
   <div class='ocr_carea' id='block_1_9' title="bbox 1530 1904 2808 4023">
    <p class='ocr_par' dir='ltr' id='par_1_11' title="bbox 1530 1904 2808 3585">
     <span class='ocr_line' id='line_1_77' title="bbox 1533 1904 2784 1962; baseline 0.004 -16"><span class='ocrx_word' id='word_1_626' title='bbox 1533 1918 1630 1947; x_wconf 91' lang='lat' dir='ltr'><strong>nem</strong></span> <span class='ocrx_word' id='word_1_627' title='bbox 1649 1905 1822 1961; x_wconf 92' lang='lat' dir='ltr'><strong>ponitin</strong></span> <span class='ocrx_word' id='word_1_628' title='bbox 1838 1904 2027 1946; x_wconf 80' lang='lat' dir='ltr'><strong>Boabian</strong></span> <span class='ocrx_word' id='word_1_629' title='bbox 2043 1904 2201 1957; x_wconf 85' lang='lat' dir='ltr'><strong>insula;</strong></span> <span class='ocrx_word' id='word_1_630' title='bbox 2227 1906 2410 1947; x_wconf 83' lang='lat' dir='ltr'><strong>Ritterus</strong></span> <span class='ocrx_word' id='word_1_631' title='bbox 2429 1906 2484 1956; x_wconf 85' lang='lat' dir='ltr'><strong>X,</strong></span> <span class='ocrx_word' id='word_1_632' title='bbox 2507 1920 2550 1962; x_wconf 88' lang='lat' dir='ltr'><strong>p.</strong></span> <span class='ocrx_word' id='word_1_633' title='bbox 2572 1908 2625 1949; x_wconf 84' lang='lat'><strong>28</strong></span> <span class='ocrx_word' id='word_1_634' title='bbox 2656 1905 2784 1951; x_wconf 65' lang='lat' dir='ltr'><strong>filim</strong></span> 
     </span>
     <span class='ocr_line' id='line_1_78' title="bbox 1532 1965 2779 2023; baseline 0.003 -15"><span class='ocrx_word' id='word_1_635' title='bbox 1532 1974 1650 2023; x_wconf 85' lang='lat' dir='ltr'><strong>putat</strong></span> <span class='ocrx_word' id='word_1_636' title='bbox 1690 1986 1707 2003; x_wconf 77' lang='grc' dir='ltr'>ι</span> <span class='ocrx_word' id='word_1_637' title='bbox 1732 1981 1784 2009; x_wconf 92' lang='lat' dir='ltr'><strong>an</strong></span> <span class='ocrx_word' id='word_1_638' title='bbox 1807 1965 1883 2008; x_wconf 88' lang='lat' dir='ltr'><strong>der</strong></span> <span class='ocrx_word' id='word_1_639' title='bbox 1904 1965 2221 2023; x_wconf 74' lang='lat' dir='ltr'><strong>Sfidwestspitze</strong></span> <span class='ocrx_word' id='word_1_640' title='bbox 2258 1966 2334 2009; x_wconf 87' lang='lat' dir='ltr'><strong>der</strong></span> <span class='ocrx_word' id='word_1_641' title='bbox 2369 1966 2548 2023; x_wconf 80' lang='lat' dir='ltr'><strong>jetzigcn</strong></span> <span class='ocrx_word' id='word_1_642' title='bbox 2572 1967 2779 2013; x_wconf 84' lang='lat' dir='ltr'><strong>Useriusel</strong></span> 
     </span>
     <span class='ocr_line' id='line_1_79' title="bbox 1533 2028 2784 2083; baseline 0.002 -12"><span class='ocrx_word' id='word_1_643' title='bbox 1533 2029 1721 2072; x_wconf 79' lang='lat' dir='ltr'><strong>Davasir.</strong></span> <span class='ocrx_word' id='word_1_644' title='bbox 1750 2050 1766 2066; x_wconf 79' lang='grc' dir='ltr'>ι</span> <span class='ocrx_word' id='word_1_645' title='bbox 1795 2031 1915 2072; x_wconf 87' lang='lat' dir='ltr'><strong>Certe</strong></span> <span class='ocrx_word' id='word_1_646' title='bbox 1939 2028 2199 2071; x_wconf 85' lang='lat' dir='ltr'><strong>Teredoncm</strong></span> <span class='ocrx_word' id='word_1_647' title='bbox 2233 2030 2266 2070; x_wconf 88' lang='lat' dir='ltr'><strong>si</strong></span> <span class='ocrx_word' id='word_1_648' title='bbox 2301 2043 2386 2071; x_wconf 88' lang='lat' dir='ltr'><strong>non</strong></span> <span class='ocrx_word' id='word_1_649' title='bbox 2419 2029 2461 2071; x_wconf 92' lang='lat' dir='ltr'><strong>in</strong></span> <span class='ocrx_word' id='word_1_650' title='bbox 2493 2030 2641 2083; x_wconf 86' lang='lat' dir='ltr'><strong>insula,</strong></span> <span class='ocrx_word' id='word_1_651' title='bbox 2669 2039 2784 2076; x_wconf 83' lang='lat' dir='ltr'><strong>oerte</strong></span> 
     </span>
     <span class='ocr_line' id='line_1_80' title="bbox 1532 2090 2774 2148; baseline 0.002 -15"><span class='ocrx_word' id='word_1_652' title='bbox 1532 2105 1663 2148; x_wconf 91' lang='lat' dir='ltr'><strong>prope</strong></span> <span class='ocrx_word' id='word_1_653' title='bbox 1685 2091 1861 2133; x_wconf 86' lang='lat' dir='ltr'><strong>insulam</strong></span> <span class='ocrx_word' id='word_1_654' title='bbox 1877 2093 1995 2134; x_wconf 89' lang='lat' dir='ltr'><strong>sitam</strong></span> <span class='ocrx_word' id='word_1_655' title='bbox 2019 2091 2143 2133; x_wconf 78' lang='lat' dir='ltr'><strong>fuisse</strong></span> <span class='ocrx_word' id='word_1_656' title='bbox 2165 2091 2305 2133; x_wconf 89' lang='lat' dir='ltr'><strong>nescio</strong></span> <span class='ocrx_word' id='word_1_657' title='bbox 2317 2105 2369 2132; x_wconf 87' lang='lat' dir='ltr'><strong>an</strong></span> <span class='ocrx_word' id='word_1_658' title='bbox 2385 2105 2436 2131; x_wconf 87' lang='lat' dir='ltr'><strong>ex</strong></span> <span class='ocrx_word' id='word_1_659' title='bbox 2453 2090 2619 2133; x_wconf 80' lang='lat' dir='ltr'><strong>AEthico</strong></span> <span class='ocrx_word' id='word_1_660' title='bbox 2634 2092 2774 2136; x_wconf 84' lang='lat' dir='ltr'><strong>Cosm.</strong></span> 
     </span>
     <span class='ocr_line' id='line_1_81' title="bbox 1531 2152 2797 2212; baseline 0.002 -16"><span class='ocrx_word' id='word_1_661' title='bbox 1531 2167 1576 2210; x_wconf 89' lang='lat' dir='ltr'><strong>p.</strong></span> <span class='ocrx_word' id='word_1_662' title='bbox 1606 2168 1688 2209; x_wconf 88' lang='lat'><strong>709</strong></span> <span class='ocrx_word' id='word_1_663' title='bbox 1711 2154 1944 2210; x_wconf 87' lang='lat' dir='ltr'><strong>suspiceris,</strong></span> <span class='ocrx_word' id='word_1_664' title='bbox 1971 2154 2043 2196; x_wconf 87' lang='lat' dir='ltr'><strong>ubi</strong></span> <span class='ocrx_word' id='word_1_665' title='bbox 2063 2168 2073 2196; x_wconf 72' lang='grc' dir='ltr'><strong>ι</strong></span> <span class='ocrx_word' id='word_1_666' title='bbox 2097 2152 2284 2209; x_wconf 76' lang='lat' dir='ltr'><strong>infandi!</strong></span> <span class='ocrx_word' id='word_1_667' title='bbox 2297 2168 2340 2195; x_wconf 85' lang='lat' dir='ltr'><strong>se</strong></span> <span class='ocrx_word' id='word_1_668' title='bbox 2358 2155 2375 2207; x_wconf 90' lang='lat'>(</span> <span class='ocrx_word' id='word_1_669' title='bbox 2390 2153 2652 2212; x_wconf 87' lang='lat' dir='ltr'><strong>Euphrates)</strong></span> <span class='ocrx_word' id='word_1_670' title='bbox 2671 2154 2782 2199; x_wconf 72' lang='lat' dir='ltr'><strong>mart*</strong></span> <span class='ocrx_word' id='word_1_671' title='bbox 2794 2157 2797 2169; x_wconf 73' lang='lat'>²</span> 
     </span>
     <span class='ocr_line' id='line_1_82' title="bbox 1537 2215 2783 2274; baseline 0.005 -18"><span class='ocrx_word' id='word_1_672' title='bbox 1537 2217 1695 2257; x_wconf 83' lang='lat' dir='ltr'><strong>Oceano</strong></span> <span class='ocrx_word' id='word_1_673' title='bbox 1713 2215 1909 2257; x_wconf 75' lang='lat' dir='ltr'><strong>orientali</strong></span> <span class='ocrx_word' id='word_1_674' title='bbox 1925 2217 2003 2258; x_wconf 79' lang='lat' dir='ltr'><strong>sab</strong></span> <span class='ocrx_word' id='word_1_675' title='bbox 2021 2216 2160 2258; x_wconf 73' lang='lat' dir='ltr'><strong>insula</strong></span> <span class='ocrx_word' id='word_1_676' title='bbox 2184 2215 2340 2258; x_wconf 81' lang='lat' dir='ltr'><strong>Theron</strong></span> <span class='ocrx_word' id='word_1_677' title='bbox 2354 2247 2366 2266; x_wconf 87' lang='lat'><strong>,</strong></span> <span class='ocrx_word' id='word_1_678' title='bbox 2388 2215 2463 2258; x_wconf 88' lang='lat' dir='ltr'><strong>ubi</strong></span> <span class='ocrx_word' id='word_1_679' title='bbox 2476 2225 2581 2273; x_wconf 84' lang='lat' dir='ltr'><strong>puto</strong></span> <span class='ocrx_word' id='word_1_680' title='bbox 2595 2216 2674 2274; x_wconf 80' lang='lat' dir='ltr'><strong>leg.</strong></span> <span class='ocrx_word' id='word_1_681' title='bbox 2692 2232 2783 2262; x_wconf 78' lang='lat' dir='ltr'><strong>esse</strong></span> 
     </span>
     <span class='ocr_line' id='line_1_83' title="bbox 1539 2276 2801 2335; baseline 0.004 -16"><span class='ocrx_word' id='word_1_682' title='bbox 1539 2276 1733 2319; x_wconf 76' lang='lat' dir='ltr'><strong>Teredon.</strong></span> <span class='ocrx_word' id='word_1_683' title='bbox 1758 2276 1889 2320; x_wconf 86' lang='lat' dir='ltr'><strong>Aliter</strong></span> <span class='ocrx_word' id='word_1_684' title='bbox 1919 2277 2157 2334; x_wconf 68' lang='lat' dir='ltr'><strong>Choeneyus</strong></span> <span class='ocrx_word' id='word_1_685' title='bbox 2179 2276 2193 2335; x_wconf 96' lang='lat'>(</span> <span class='ocrx_word' id='word_1_686' title='bbox 2215 2276 2419 2334; x_wconf 78' lang='lat' dir='ltr'><strong>Expedit.</strong></span> <span class='ocrx_word' id='word_1_687' title='bbox 2443 2286 2486 2320; x_wconf 78' lang='lat' dir='ltr'><strong>eo</strong></span> <span class='ocrx_word' id='word_1_688' title='bbox 2504 2278 2571 2320; x_wconf 76' lang='lat' dir='ltr'><strong>tlte</strong></span> <span class='ocrx_word' id='word_1_689' title='bbox 2586 2278 2670 2323; x_wconf 74' lang='grc' dir='ltr'><strong>νὶυ.</strong></span> <span class='ocrx_word' id='word_1_690' title='bbox 2690 2280 2801 2323; x_wconf 63' lang='lat' dir='ltr'><strong>Em</strong></span> 
     </span>
     <span class='ocr_line' id='line_1_84' title="bbox 1530 2339 2797 2404; baseline 0.006 -24"><span class='ocrx_word' id='word_1_691' title='bbox 1530 2339 1675 2397; x_wconf 74' lang='lat' dir='ltr'><strong>plu-at.</strong></span> <span class='ocrx_word' id='word_1_692' title='bbox 1699 2347 1780 2382; x_wconf 87' lang='lat' dir='ltr'><strong>etc.</strong></span> <span class='ocrx_word' id='word_1_693' title='bbox 1804 2342 1862 2392; x_wconf 87' lang='lat'><strong>11,</strong></span> <span class='ocrx_word' id='word_1_694' title='bbox 1889 2354 1932 2396; x_wconf 91' lang='lat' dir='ltr'><strong>p.</strong></span> <span class='ocrx_word' id='word_1_695' title='bbox 1958 2340 2038 2382; x_wconf 85' lang='lat'><strong>355</strong></span> <span class='ocrx_word' id='word_1_696' title='bbox 2054 2342 2088 2395; x_wconf 92' lang='lat'><strong>),</strong></span> <span class='ocrx_word' id='word_1_697' title='bbox 2108 2340 2182 2396; x_wconf 90' lang='lat' dir='ltr'><strong>qui</strong></span> <span class='ocrx_word' id='word_1_698' title='bbox 2209 2340 2266 2382; x_wconf 92' lang='lat' dir='ltr'><strong>ita</strong></span> <span class='ocrx_word' id='word_1_699' title='bbox 2296 2339 2421 2382; x_wconf 91' lang='lat' dir='ltr'><strong>habet</strong></span> <span class='ocrx_word' id='word_1_700' title='bbox 2444 2353 2455 2382; x_wconf 91' lang='lat'>:</span> <span class='ocrx_word' id='word_1_701' title='bbox 2485 2356 2503 2380; x_wconf 86' lang='grc' dir='ltr'><strong>ε</strong></span> <span class='ocrx_word' id='word_1_702' title='bbox 2526 2340 2618 2384; x_wconf 85' lang='lat' dir='ltr'><strong>The</strong></span> <span class='ocrx_word' id='word_1_703' title='bbox 2637 2343 2716 2386; x_wconf 84' lang='lat' dir='ltr'><strong>site</strong></span> <span class='ocrx_word' id='word_1_704' title='bbox 2735 2341 2797 2404; x_wconf 44' lang='lat' dir='ltr'><strong>ot,</strong></span> 
     </span>
     <span class='ocr_line' id='line_1_85' title="bbox 1533 2401 2801 2461; baseline 0.004 -17"><span class='ocrx_word' id='word_1_705' title='bbox 1533 2401 1726 2445; x_wconf 88' lang='lat' dir='ltr'><strong>Teredon</strong></span> <span class='ocrx_word' id='word_1_706' title='bbox 1743 2402 1776 2444; x_wconf 89' lang='lat' dir='ltr'><strong>is</strong></span> <span class='ocrx_word' id='word_1_707' title='bbox 1794 2402 2017 2459; x_wconf 65' lang='lat' dir='ltr'><strong>praeumed</strong></span> <span class='ocrx_word' id='word_1_708' title='bbox 2040 2411 2083 2444; x_wconf 94' lang='lat' dir='ltr'><strong>to</strong></span> <span class='ocrx_word' id='word_1_709' title='bbox 2103 2402 2156 2444; x_wconf 83' lang='lat' dir='ltr'><strong>be</strong></span> <span class='ocrx_word' id='word_1_710' title='bbox 2173 2410 2216 2445; x_wconf 87' lang='lat' dir='ltr'><strong>at</strong></span> <span class='ocrx_word' id='word_1_711' title='bbox 2236 2401 2352 2445; x_wconf 88' lang='lat' dir='ltr'><strong>Jebel</strong></span> <span class='ocrx_word' id='word_1_712' title='bbox 2369 2403 2535 2456; x_wconf 88' lang='lat' dir='ltr'><strong>Sanam,</strong></span> <span class='ocrx_word' id='word_1_713' title='bbox 2558 2416 2582 2446; x_wconf 80' lang='lat' dir='ltr'><strong>a</strong></span> <span class='ocrx_word' id='word_1_714' title='bbox 2603 2405 2801 2461; x_wconf 44' lang='lat' dir='ltr'><strong>giganti&amp;-</strong></span> 
     </span>
     <span class='ocr_line' id='line_1_86' title="bbox 1534 2465 2801 2524; baseline 0.003 -17"><span class='ocrx_word' id='word_1_715' title='bbox 1534 2465 1695 2508; x_wconf 90' lang='lat' dir='ltr'><strong>mound</strong></span> <span class='ocrx_word' id='word_1_716' title='bbox 1719 2480 1820 2508; x_wconf 86' lang='lat' dir='ltr'><strong>near</strong></span> <span class='ocrx_word' id='word_1_717' title='bbox 1837 2465 1907 2508; x_wconf 89' lang='lat' dir='ltr'><strong>the</strong></span> <span class='ocrx_word' id='word_1_718' title='bbox 1932 2465 2167 2522; x_wconf 88' lang='lat' dir='ltr'><strong>Pallacopas</strong></span> <span class='ocrx_word' id='word_1_719' title='bbox 2188 2465 2347 2508; x_wconf 89' lang='lat' dir='ltr'><strong>branch</strong></span> <span class='ocrx_word' id='word_1_720' title='bbox 2371 2465 2422 2508; x_wconf 77' lang='lat' dir='ltr'><strong>os</strong></span> <span class='ocrx_word' id='word_1_721' title='bbox 2439 2465 2509 2508; x_wconf 89' lang='lat' dir='ltr'><strong>the</strong></span> <span class='ocrx_word' id='word_1_722' title='bbox 2530 2466 2778 2524; x_wconf 67' lang='lat' dir='ltr'><strong>Euphratoe.</strong></span> <span class='ocrx_word' id='word_1_723' title='bbox 2798 2484 2801 2500; x_wconf 67' lang='lat'><strong><em>¹</em></strong></span> 
     </span>
     <span class='ocr_line' id='line_1_87' title="bbox 1533 2510 2803 2584; baseline 0.002 -14"><span class='ocrx_word' id='word_1_724' title='bbox 1533 2528 1636 2570; x_wconf 90' lang='lat' dir='ltr'><strong>This</strong></span> <span class='ocrx_word' id='word_1_725' title='bbox 1650 2536 1744 2584; x_wconf 89' lang='lat' dir='ltr'><strong>spot</strong></span> <span class='ocrx_word' id='word_1_726' title='bbox 1758 2528 1792 2570; x_wconf 89' lang='lat' dir='ltr'><strong>is</strong></span> <span class='ocrx_word' id='word_1_727' title='bbox 1811 2527 1939 2570; x_wconf 91' lang='lat' dir='ltr'><strong>about</strong></span> <span class='ocrx_word' id='word_1_728' title='bbox 1958 2529 2011 2570; x_wconf 81' lang='lat'><strong>23</strong></span> <span class='ocrx_word' id='word_1_729' title='bbox 2032 2527 2148 2570; x_wconf 86' lang='lat' dir='ltr'><strong>miles</strong></span> <span class='ocrx_word' id='word_1_730' title='bbox 2166 2528 2209 2571; x_wconf 90' lang='lat' dir='ltr'><strong>S.</strong></span> <span class='ocrx_word' id='word_1_731' title='bbox 2229 2529 2272 2570; x_wconf 86' lang='lat' dir='ltr'><strong>S.</strong></span> <span class='ocrx_word' id='word_1_732' title='bbox 2295 2528 2378 2572; x_wconf 89' lang='lat' dir='ltr'><strong>W.</strong></span> <span class='ocrx_word' id='word_1_733' title='bbox 2407 2526 2458 2570; x_wconf 77' lang='lat' dir='ltr'><strong>of</strong></span> <span class='ocrx_word' id='word_1_734' title='bbox 2470 2526 2641 2581; x_wconf 79' lang='lat' dir='ltr'><strong>Basrah,</strong></span> <span class='ocrx_word' id='word_1_735' title='bbox 2666 2530 2715 2573; x_wconf 85' lang='grc'><strong>13</strong></span> <span class='ocrx_word' id='word_1_736' title='bbox 2740 2552 2747 2566; x_wconf 83' lang='grc'><em>·</em></span> <span class='ocrx_word' id='word_1_737' title='bbox 2795 2510 2803 2551; x_wconf 66' lang='lat'><em>⁵</em></span> 
     </span>
     <span class='ocr_line' id='line_1_88' title="bbox 1539 2589 2743 2647; baseline 0.001 -15"><span class='ocrx_word' id='word_1_738' title='bbox 1539 2594 1587 2641; x_wconf 77' lang='lat'><strong>14</strong></span> <span class='ocrx_word' id='word_1_739' title='bbox 1611 2590 1667 2647; x_wconf 86' lang='lat' dir='ltr'><strong>by</strong></span> <span class='ocrx_word' id='word_1_740' title='bbox 1685 2592 1767 2634; x_wconf 92' lang='lat' dir='ltr'><strong>W.</strong></span> <span class='ocrx_word' id='word_1_741' title='bbox 1793 2590 1989 2643; x_wconf 83' lang='lat' dir='ltr'><strong>onebir,</strong></span> <span class='ocrx_word' id='word_1_742' title='bbox 2009 2589 2092 2633; x_wconf 91' lang='lat' dir='ltr'><strong>and</strong></span> <span class='ocrx_word' id='word_1_743' title='bbox 2109 2590 2249 2647; x_wconf 80' lang='lat' dir='ltr'><strong>nearly</strong></span> <span class='ocrx_word' id='word_1_744' title='bbox 2276 2592 2325 2634; x_wconf 90' lang='grc'><strong>18</strong></span> <span class='ocrx_word' id='word_1_745' title='bbox 2338 2590 2456 2633; x_wconf 88' lang='lat' dir='ltr'><strong>miles</strong></span> <span class='ocrx_word' id='word_1_746' title='bbox 2477 2591 2531 2633; x_wconf 89' lang='lat' dir='ltr'><strong>N.</strong></span> <span class='ocrx_word' id='word_1_747' title='bbox 2551 2592 2633 2635; x_wconf 88' lang='lat' dir='ltr'><strong>W.</strong></span> <span class='ocrx_word' id='word_1_748' title='bbox 2647 2590 2699 2635; x_wconf 74' lang='lat' dir='ltr'><strong>ol*</strong></span> <span class='ocrx_word' id='word_1_749' title='bbox 2720 2611 2743 2629; x_wconf 84' lang='lat'><strong>··</strong></span> 
     </span>
     <span class='ocr_line' id='line_1_89' title="bbox 1535 2644 2803 2711; baseline 0.002 -16"><span class='ocrx_word' id='word_1_750' title='bbox 1535 2652 1747 2711; x_wconf 88' lang='lat' dir='ltr'><strong>supposed</strong></span> <span class='ocrx_word' id='word_1_751' title='bbox 1765 2661 1929 2709; x_wconf 88' lang='lat' dir='ltr'><strong>estuary</strong></span> <span class='ocrx_word' id='word_1_752' title='bbox 1945 2654 2133 2710; x_wconf 86' lang='lat' dir='ltr'><strong>opposite</strong></span> <span class='ocrx_word' id='word_1_753' title='bbox 2155 2653 2226 2695; x_wconf 87' lang='lat' dir='ltr'><strong>the</strong></span> <span class='ocrx_word' id='word_1_754' title='bbox 2246 2652 2378 2695; x_wconf 86' lang='lat' dir='ltr'><strong>island</strong></span> <span class='ocrx_word' id='word_1_755' title='bbox 2400 2653 2450 2695; x_wconf 78' lang='lat' dir='ltr'><strong>os</strong></span> <span class='ocrx_word' id='word_1_756' title='bbox 2461 2652 2663 2707; x_wconf 83' lang='lat' dir='ltr'><strong>Boobian,</strong></span> <span class='ocrx_word' id='word_1_757' title='bbox 2679 2669 2734 2697; x_wconf 90' lang='lat' dir='ltr'><strong>n</strong></span> <span class='ocrx_word' id='word_1_758' title='bbox 2770 2686 2771 2689; x_wconf 63' lang='lat'>,</span> <span class='ocrx_word' id='word_1_759' title='bbox 2794 2644 2803 2678; x_wconf 57' lang='lat'>4</span> 
     </span>
     <span class='ocr_line' id='line_1_90' title="bbox 1534 2714 2801 2772; baseline 0.003 -15"><span class='ocrx_word' id='word_1_760' title='bbox 1534 2716 1606 2758; x_wconf 90' lang='lat' dir='ltr'><strong>the</strong></span> <span class='ocrx_word' id='word_1_761' title='bbox 1627 2716 1751 2758; x_wconf 83' lang='lat' dir='ltr'><strong>Khor</strong></span> <span class='ocrx_word' id='word_1_762' title='bbox 1768 2714 2017 2768; x_wconf 84' lang='lat' dir='ltr'><strong>Abd-ullah;</strong></span> <span class='ocrx_word' id='word_1_763' title='bbox 2040 2716 2117 2758; x_wconf 91' lang='lat' dir='ltr'><strong>but</strong></span> <span class='ocrx_word' id='word_1_764' title='bbox 2148 2724 2190 2758; x_wconf 87' lang='lat' dir='ltr'><strong>at</strong></span> <span class='ocrx_word' id='word_1_765' title='bbox 2208 2715 2278 2757; x_wconf 91' lang='lat' dir='ltr'><strong>the</strong></span> <span class='ocrx_word' id='word_1_766' title='bbox 2297 2717 2397 2758; x_wconf 90' lang='lat' dir='ltr'><strong>time</strong></span> <span class='ocrx_word' id='word_1_767' title='bbox 2422 2716 2465 2757; x_wconf 88' lang='lat' dir='ltr'><strong>in</strong></span> <span class='ocrx_word' id='word_1_768' title='bbox 2494 2717 2684 2772; x_wconf 86' lang='lat' dir='ltr'><strong>question</strong></span> <span class='ocrx_word' id='word_1_769' title='bbox 2708 2718 2752 2761; x_wconf 82' lang='lat' dir='ltr'><strong>th</strong></span> <span class='ocrx_word' id='word_1_770' title='bbox 2795 2720 2801 2735; x_wconf 73' lang='lat'><strong>&#39;⁴</strong></span> 
     </span>
     <span class='ocr_line' id='line_1_91' title="bbox 1534 2778 2759 2835; baseline 0.002 -14"><span class='ocrx_word' id='word_1_771' title='bbox 1534 2778 1653 2821; x_wconf 88' lang='lat' dir='ltr'><strong>latter</strong></span> <span class='ocrx_word' id='word_1_772' title='bbox 1668 2793 1762 2835; x_wconf 87' lang='lat' dir='ltr'><strong>may</strong></span> <span class='ocrx_word' id='word_1_773' title='bbox 1780 2778 1885 2821; x_wconf 88' lang='lat' dir='ltr'><strong>have</strong></span> <span class='ocrx_word' id='word_1_774' title='bbox 1898 2778 2004 2821; x_wconf 88' lang='lat' dir='ltr'><strong>been</strong></span> <span class='ocrx_word' id='word_1_775' title='bbox 2027 2793 2141 2831; x_wconf 88' lang='lat' dir='ltr'><strong>near,</strong></span> <span class='ocrx_word' id='word_1_776' title='bbox 2164 2793 2214 2821; x_wconf 90' lang='lat' dir='ltr'><strong>or</strong></span> <span class='ocrx_word' id='word_1_777' title='bbox 2230 2794 2333 2821; x_wconf 73' lang='lat' dir='ltr'><strong>even</strong></span> <span class='ocrx_word' id='word_1_778' title='bbox 2346 2779 2451 2821; x_wconf 84' lang='lat' dir='ltr'><strong>have</strong></span> <span class='ocrx_word' id='word_1_779' title='bbox 2469 2778 2688 2823; x_wconf 74' lang='lat' dir='ltr'><strong>toucheds</strong></span> <span class='ocrx_word' id='word_1_780' title='bbox 2699 2803 2730 2817; x_wconf 48' lang='grc' dir='ltr'><strong>-ιι</strong></span> <span class='ocrx_word' id='word_1_781' title='bbox 2751 2811 2759 2817; x_wconf 80' lang='lat'><em>-</em></span> 
     </span>
     <span class='ocr_line' id='line_1_92' title="bbox 1534 2841 2757 2898; baseline 0.001 -14"><span class='ocrx_word' id='word_1_782' title='bbox 1534 2842 1700 2884; x_wconf 86' lang='lat' dir='ltr'><strong>Sanam.</strong></span> <span class='ocrx_word' id='word_1_783' title='bbox 1723 2859 1740 2880; x_wconf 74' lang='grc' dir='ltr'><strong>ι</strong></span> <span class='ocrx_word' id='word_1_784' title='bbox 1764 2842 2015 2898; x_wconf 88' lang='lat' dir='ltr'><strong>Opinionem</strong></span> <span class='ocrx_word' id='word_1_785' title='bbox 2036 2855 2183 2885; x_wconf 88' lang='lat' dir='ltr'><strong>eorum</strong></span> <span class='ocrx_word' id='word_1_786' title='bbox 2206 2843 2278 2898; x_wconf 90' lang='lat' dir='ltr'><strong>qui</strong></span> <span class='ocrx_word' id='word_1_787' title='bbox 2299 2841 2561 2885; x_wconf 76' lang='lat' dir='ltr'><strong>Tei-edonem</strong></span> <span class='ocrx_word' id='word_1_788' title='bbox 2594 2864 2602 2879; x_wconf 87' lang='lat'><strong>·</strong></span> <span class='ocrx_word' id='word_1_789' title='bbox 2712 2863 2716 2878; x_wconf 86' lang='lat'>·</span> <span class='ocrx_word' id='word_1_790' title='bbox 2756 2854 2757 2857; x_wconf 72' lang='grc'>’</span> 
     </span>
     <span class='ocr_line' id='line_1_93' title="bbox 1535 2903 2801 2963; baseline 0.002 -17"><span class='ocrx_word' id='word_1_791' title='bbox 1535 2906 1579 2946; x_wconf 87' lang='grc'><strong>111</strong></span> <span class='ocrx_word' id='word_1_792' title='bbox 1596 2903 1802 2947; x_wconf 90' lang='lat' dir='ltr'><strong>hodierno</strong></span> <span class='ocrx_word' id='word_1_793' title='bbox 1815 2906 1941 2947; x_wconf 90' lang='lat' dir='ltr'><strong>Basra</strong></span> <span class='ocrx_word' id='word_1_794' title='bbox 1959 2904 2022 2947; x_wconf 80' lang='lat' dir='ltr'><strong>vel</strong></span> <span class='ocrx_word' id='word_1_795' title='bbox 2046 2906 2090 2947; x_wconf 91' lang='lat' dir='ltr'><strong>in</strong></span> <span class='ocrx_word' id='word_1_796' title='bbox 2109 2905 2362 2962; x_wconf 80' lang='lat' dir='ltr'><strong>propinquo,</strong></span> <span class='ocrx_word' id='word_1_797' title='bbox 2386 2905 2565 2961; x_wconf 80' lang='lat' dir='ltr'><strong>tetigisse</strong></span> <span class='ocrx_word' id='word_1_798' title='bbox 2585 2906 2682 2949; x_wconf 79' lang='lat' dir='ltr'><strong>satis</strong></span> <span class='ocrx_word' id='word_1_799' title='bbox 2709 2935 2723 2941; x_wconf 74' lang='lat'><strong>‚.</strong></span> <span class='ocrx_word' id='word_1_800' title='bbox 2797 2940 2801 2963; x_wconf 52' lang='grc' dir='ltr'>Ι</span> 
     </span>
     <span class='ocr_line' id='line_1_94' title="bbox 1535 2967 2802 3024; baseline 0.004 -15"><span class='ocrx_word' id='word_1_801' title='bbox 1535 2968 1729 3010; x_wconf 88' lang='lat' dir='ltr'><strong>Ceterum</strong></span> <span class='ocrx_word' id='word_1_802' title='bbox 1758 2968 1995 3024; x_wconf 86' lang='lat' dir='ltr'><strong>emporium</strong></span> <span class='ocrx_word' id='word_1_803' title='bbox 2022 2967 2134 3011; x_wconf 90' lang='lat' dir='ltr'><strong>istud</strong></span> <span class='ocrx_word' id='word_1_804' title='bbox 2153 2967 2267 3013; x_wconf 85' lang='lat' dir='ltr'><strong>haud</strong></span> <span class='ocrx_word' id='word_1_805' title='bbox 2288 2967 2362 3010; x_wconf 89' lang='lat' dir='ltr'><strong>diu</strong></span> <span class='ocrx_word' id='word_1_806' title='bbox 2386 2968 2575 3011; x_wconf 84' lang='lat' dir='ltr'><strong>floruisse</strong></span> <span class='ocrx_word' id='word_1_807' title='bbox 2594 2967 2760 3014; x_wconf 77' lang='lat' dir='ltr'><strong>videtur</strong></span> <span class='ocrx_word' id='word_1_808' title='bbox 2799 2993 2802 2994; x_wconf 41' lang='lat'><em>⁷</em></span> 
     </span>
     <span class='ocr_line' id='line_1_95' title="bbox 1535 3026 2808 3086; baseline 0.002 -16"><span class='ocrx_word' id='word_1_809' title='bbox 1535 3029 1749 3072; x_wconf 86' lang='lat' dir='ltr'><strong>obstructo</strong></span> <span class='ocrx_word' id='word_1_810' title='bbox 1768 3038 1908 3086; x_wconf 88' lang='lat' dir='ltr'><strong>postea</strong></span> <span class='ocrx_word' id='word_1_811' title='bbox 1923 3031 2057 3072; x_wconf 87' lang='lat' dir='ltr'><strong>arenis</strong></span> <span class='ocrx_word' id='word_1_812' title='bbox 2074 3031 2153 3072; x_wconf 88' lang='lat' dir='ltr'><strong>isto</strong></span> <span class='ocrx_word' id='word_1_813' title='bbox 2170 3030 2285 3072; x_wconf 88' lang='lat' dir='ltr'><strong>ssuvii</strong></span> <span class='ocrx_word' id='word_1_814' title='bbox 2304 3030 2434 3083; x_wconf 88' lang='lat' dir='ltr'><strong>alveo,</strong></span> <span class='ocrx_word' id='word_1_815' title='bbox 2455 3028 2716 3086; x_wconf 88' lang='lat' dir='ltr'><strong>conditisque</strong></span> <span class='ocrx_word' id='word_1_816' title='bbox 2760 3056 2762 3065; x_wconf 49' lang='grc' dir='ltr'><em>ι</em></span> <span class='ocrx_word' id='word_1_817' title='bbox 2799 3026 2808 3066; x_wconf 63' lang='lat'><strong>⁴,</strong></span> 
     </span>
     <span class='ocr_line' id='line_1_96' title="bbox 1535 3091 2772 3149; baseline 0.001 -17"><span class='ocrx_word' id='word_1_818' title='bbox 1535 3091 1821 3146; x_wconf 82' lang='lat' dir='ltr'><strong>commodiore</strong></span> <span class='ocrx_word' id='word_1_819' title='bbox 1839 3093 1921 3133; x_wconf 90' lang='lat' dir='ltr'><strong>situ</strong></span> <span class='ocrx_word' id='word_1_820' title='bbox 1960 3092 2147 3149; x_wconf 79' lang='lat' dir='ltr'><strong>Apologo</strong></span> <span class='ocrx_word' id='word_1_821' title='bbox 2170 3101 2211 3134; x_wconf 91' lang='grc'><strong>01</strong></span> <span class='ocrx_word' id='word_1_822' title='bbox 2246 3093 2421 3148; x_wconf 88' lang='lat' dir='ltr'><strong>Spasinu</strong></span> <span class='ocrx_word' id='word_1_823' title='bbox 2450 3091 2647 3134; x_wconf 83' lang='lat' dir='ltr'><strong>Charace.</strong></span> <span class='ocrx_word' id='word_1_824' title='bbox 2669 3092 2687 3146; x_wconf 82' lang='grc' dir='ltr'><strong>ΙΙ</strong></span> <span class='ocrx_word' id='word_1_825' title='bbox 2771 3107 2772 3110; x_wconf 65' lang='grc'>’</span> 
     </span>
     <span class='ocr_line' id='line_1_97' title="bbox 1539 3150 2777 3210; baseline 0.003 -18"><span class='ocrx_word' id='word_1_826' title='bbox 1539 3165 1605 3205; x_wconf 88' lang='grc'><strong>19.</strong></span> <span class='ocrx_word' id='word_1_827' title='bbox 1632 3151 1786 3208; x_wconf 79' lang='grc' dir='ltr'>ἐμπορ</span> <span class='ocrx_word' id='word_1_828' title='bbox 1802 3156 1876 3205; x_wconf 82' lang='grc' dir='ltr'>ικῆ</span> <span class='ocrx_word' id='word_1_829' title='bbox 1891 3170 1907 3201; x_wconf 97' lang='grc' dir='ltr'>ς</span> <span class='ocrx_word' id='word_1_830' title='bbox 1923 3155 2036 3210; x_wconf 85' lang='grc' dir='ltr'>γῆς]</span> <span class='ocrx_word' id='word_1_831' title='bbox 2059 3153 2244 3209; x_wconf 79' lang='grc' dir='ltr'>ἔμπορίης</span> <span class='ocrx_word' id='word_1_832' title='bbox 2262 3156 2334 3209; x_wconf 84' lang='grc' dir='ltr'>γῆς</span> <span class='ocrx_word' id='word_1_833' title='bbox 2358 3151 2502 3204; x_wconf 84' lang='lat' dir='ltr'><strong>codd.;</strong></span> <span class='ocrx_word' id='word_1_834' title='bbox 2524 3150 2601 3195; x_wconf 72' lang='grc' dir='ltr'><strong>ἀπὸ</strong></span> <span class='ocrx_word' id='word_1_835' title='bbox 2623 3156 2692 3207; x_wconf 83' lang='grc' dir='ltr'>τῆς</span> <span class='ocrx_word' id='word_1_836' title='bbox 2709 3170 2777 3196; x_wconf 85' lang='grc' dir='ltr'><strong>πε-</strong></span> 
     </span>
     <span class='ocr_line' id='line_1_98' title="bbox 1535 3213 2774 3273; baseline 0.005 -20"><span class='ocrx_word' id='word_1_837' title='bbox 1535 3213 1642 3268; x_wconf 82' lang='grc' dir='ltr'>ραίης</span> <span class='ocrx_word' id='word_1_838' title='bbox 1656 3218 1728 3269; x_wconf 82' lang='grc' dir='ltr'>γῆς</span> <span class='ocrx_word' id='word_1_839' title='bbox 1744 3215 1806 3255; x_wconf 78' lang='lat' dir='ltr'><strong>vcl</strong></span> <span class='ocrx_word' id='word_1_840' title='bbox 1829 3214 1904 3256; x_wconf 75' lang='grc' dir='ltr'><strong>ἀπὸ</strong></span> <span class='ocrx_word' id='word_1_841' title='bbox 1921 3218 1987 3266; x_wconf 84' lang='grc' dir='ltr'><strong>τῆς</strong></span> <span class='ocrx_word' id='word_1_842' title='bbox 2008 3215 2046 3257; x_wconf 76' lang='grc' dir='ltr'><strong>ἐν</strong></span> <span class='ocrx_word' id='word_1_843' title='bbox 2072 3216 2207 3273; x_wconf 74' lang='grc' dir='ltr'>περαίη</span> <span class='ocrx_word' id='word_1_844' title='bbox 2223 3218 2295 3271; x_wconf 80' lang='grc' dir='ltr'>γῆς</span> <span class='ocrx_word' id='word_1_845' title='bbox 2316 3214 2427 3270; x_wconf 86' lang='lat' dir='ltr'><strong>conj.</strong></span> <span class='ocrx_word' id='word_1_846' title='bbox 2447 3214 2647 3268; x_wconf 75' lang='lat' dir='ltr'><strong>Dilbner3</strong></span> <span class='ocrx_word' id='word_1_847' title='bbox 2670 3224 2774 3259; x_wconf 73' lang='lat' dir='ltr'><strong>atta·</strong></span> 
     </span>
     <span class='ocr_line' id='line_1_99' title="bbox 1535 3276 2755 3338; baseline 0.003 -21"><span class='ocrx_word' id='word_1_848' title='bbox 1535 3289 1629 3317; x_wconf 86' lang='lat' dir='ltr'><strong>men</strong></span> <span class='ocrx_word' id='word_1_849' title='bbox 1651 3276 1896 3318; x_wconf 85' lang='lat' dir='ltr'><strong>Teredoniis</strong></span> <span class='ocrx_word' id='word_1_850' title='bbox 1911 3277 2063 3319; x_wconf 85' lang='lat' dir='ltr'><strong>Arabia</strong></span> <span class='ocrx_word' id='word_1_851' title='bbox 2082 3279 2149 3319; x_wconf 76' lang='lat' dir='ltr'><strong>vix</strong></span> <span class='ocrx_word' id='word_1_852' title='bbox 2174 3277 2257 3319; x_wconf 90' lang='lat' dir='ltr'><strong>dici</strong></span> <span class='ocrx_word' id='word_1_853' title='bbox 2273 3285 2433 3334; x_wconf 89' lang='lat' dir='ltr'><strong>poterat</strong></span> <span class='ocrx_word' id='word_1_854' title='bbox 2451 3276 2475 3331; x_wconf 75' lang='grc' dir='ltr'><strong>ἢ</strong></span> <span class='ocrx_word' id='word_1_855' title='bbox 2494 3276 2532 3320; x_wconf 72' lang='lat' dir='ltr'><strong>iv</strong></span> <span class='ocrx_word' id='word_1_856' title='bbox 2549 3278 2685 3338; x_wconf 68' lang='grc' dir='ltr'>περαίη</span> <span class='ocrx_word' id='word_1_857' title='bbox 2701 3281 2755 3337; x_wconf 73' lang='grc' dir='ltr'><strong>γῆ</strong></span> 
     </span>
     <span class='ocr_line' id='line_1_100' title="bbox 1533 3338 2739 3398; baseline 0.003 -19"><span class='ocrx_word' id='word_1_858' title='bbox 1533 3338 1749 3394; x_wconf 86' lang='lat' dir='ltr'><strong>Scripscrit</strong></span> <span class='ocrx_word' id='word_1_859' title='bbox 1770 3347 1915 3380; x_wconf 87' lang='lat' dir='ltr'><strong>auctor</strong></span> <span class='ocrx_word' id='word_1_860' title='bbox 1930 3338 2153 3396; x_wconf 75' lang='grc' dir='ltr'>ἔμπορικῆς,</span> <span class='ocrx_word' id='word_1_861' title='bbox 2171 3341 2276 3382; x_wconf 87' lang='lat' dir='ltr'><strong>sicut</strong></span> <span class='ocrx_word' id='word_1_862' title='bbox 2295 3340 2443 3382; x_wconf 88' lang='lat' dir='ltr'><strong>Strabo</strong></span> <span class='ocrx_word' id='word_1_863' title='bbox 2471 3339 2597 3383; x_wconf 86' lang='lat' dir='ltr'><strong>habet</strong></span> <span class='ocrx_word' id='word_1_864' title='bbox 2614 3340 2665 3398; x_wconf 70' lang='lat' dir='ltr'><strong>ip.</strong></span> <span class='ocrx_word' id='word_1_865' title='bbox 2700 3363 2708 3375; x_wconf 69' lang='grc' dir='ltr'>ι</span> <span class='ocrx_word' id='word_1_866' title='bbox 2725 3358 2739 3372; x_wconf 65' lang='grc'><strong>·’</strong></span> 
     </span>
     <span class='ocr_line' id='line_1_101' title="bbox 1533 3399 2742 3461; baseline 0.004 -20"><span class='ocrx_word' id='word_1_867' title='bbox 1533 3399 1603 3442; x_wconf 77' lang='grc' dir='ltr'><strong>κδν</strong></span> <span class='ocrx_word' id='word_1_868' title='bbox 1626 3400 1772 3442; x_wconf 81' lang='grc' dir='ltr'>κόλπον</span> <span class='ocrx_word' id='word_1_869' title='bbox 1806 3401 1819 3458; x_wconf 96' lang='grc'>(</span> <span class='ocrx_word' id='word_1_870' title='bbox 1841 3402 1882 3443; x_wconf 85' lang='grc'><strong>111</strong></span> <span class='ocrx_word' id='word_1_871' title='bbox 1907 3402 2055 3444; x_wconf 77' lang='lat' dir='ltr'><strong>Africa:</strong></span> <span class='ocrx_word' id='word_1_872' title='bbox 2078 3417 2151 3445; x_wconf 88' lang='lat' dir='ltr'><strong>ora</strong></span> <span class='ocrx_word' id='word_1_873' title='bbox 2173 3402 2417 3445; x_wconf 86' lang='lat' dir='ltr'><strong>occidentali</strong></span> <span class='ocrx_word' id='word_1_874' title='bbox 2442 3403 2456 3461; x_wconf 92' lang='lat'>)</span> <span class='ocrx_word' id='word_1_875' title='bbox 2477 3411 2519 3445; x_wconf 88' lang='lat' dir='ltr'><strong>et</strong></span> <span class='ocrx_word' id='word_1_876' title='bbox 2532 3402 2629 3446; x_wconf 86' lang='lat' dir='ltr'><strong>alibi</strong></span> <span class='ocrx_word' id='word_1_877' title='bbox 2653 3403 2669 3446; x_wconf 69' lang='grc' dir='ltr'>ί</span> <span class='ocrx_word' id='word_1_878' title='bbox 2722 3429 2742 3436; x_wconf 89' lang='lat'><strong>··</strong></span> 
     </span>
     <span class='ocr_line' id='line_1_102' title="bbox 1534 3462 2800 3522; baseline 0.002 -17"><span class='ocrx_word' id='word_1_879' title='bbox 1534 3462 1640 3520; x_wconf 79' lang='grc' dir='ltr'>ρικὰς</span> <span class='ocrx_word' id='word_1_880' title='bbox 1655 3463 1869 3516; x_wconf 80' lang='grc' dir='ltr'>κατοικίας,</span> <span class='ocrx_word' id='word_1_881' title='bbox 1894 3465 1972 3506; x_wconf 84' lang='lat' dir='ltr'><strong>nisi</strong></span> <span class='ocrx_word' id='word_1_882' title='bbox 1995 3464 2091 3507; x_wconf 84' lang='lat' dir='ltr'><strong>sort.</strong></span> <span class='ocrx_word' id='word_1_883' title='bbox 2110 3465 2233 3507; x_wconf 79' lang='lat' dir='ltr'><strong>fuisse</strong></span> <span class='ocrx_word' id='word_1_884' title='bbox 2254 3474 2373 3522; x_wconf 82' lang='lat' dir='ltr'><strong>putes</strong></span> <span class='ocrx_word' id='word_1_885' title='bbox 2403 3465 2478 3509; x_wconf 77' lang='grc' dir='ltr'><strong>ἀπὸ</strong></span> <span class='ocrx_word' id='word_1_886' title='bbox 2507 3468 2574 3519; x_wconf 78' lang='grc' dir='ltr'><strong>τῆς</strong></span> <span class='ocrx_word' id='word_1_887' title='bbox 2597 3466 2643 3509; x_wconf 79' lang='grc' dir='ltr'><strong>Γε</strong></span> <span class='ocrx_word' id='word_1_888' title='bbox 2651 3490 2732 3499; x_wconf 74' lang='lat'><em>·····</em></span> <span class='ocrx_word' id='word_1_889' title='bbox 2752 3502 2755 3504; x_wconf 63' lang='grc'>,</span> <span class='ocrx_word' id='word_1_890' title='bbox 2797 3507 2800 3508; x_wconf 19' lang='lat'><em>⁷</em></span> 
     </span>
     <span class='ocr_line' id='line_1_103' title="bbox 1533 3526 2685 3585; baseline 0.003 -17"><span class='ocrx_word' id='word_1_891' title='bbox 1533 3530 1619 3582; x_wconf 70' lang='grc' dir='ltr'><strong>γῆς.</strong></span> <span class='ocrx_word' id='word_1_892' title='bbox 1646 3528 1663 3582; x_wconf 87' lang='grc' dir='ltr'><strong>ΙΙ</strong></span> <span class='ocrx_word' id='word_1_893' title='bbox 1684 3551 1741 3559; x_wconf 91' lang='grc'>-</span> <span class='ocrx_word' id='word_1_894' title='bbox 1758 3541 1827 3569; x_wconf 93' lang='grc'><strong>21.</strong></span> <span class='ocrx_word' id='word_1_895' title='bbox 1855 3526 1891 3577; x_wconf 82' lang='grc' dir='ltr'>ἔς</span> <span class='ocrx_word' id='word_1_896' title='bbox 1909 3536 2003 3584; x_wconf 89' lang='lat' dir='ltr'><strong>post</strong></span> <span class='ocrx_word' id='word_1_897' title='bbox 2020 3527 2104 3569; x_wconf 79' lang='grc' dir='ltr'>ἔστε</span> <span class='ocrx_word' id='word_1_898' title='bbox 2127 3543 2179 3570; x_wconf 85' lang='lat' dir='ltr'><strong>ex</strong></span> <span class='ocrx_word' id='word_1_899' title='bbox 2202 3530 2238 3571; x_wconf 93' lang='lat' dir='ltr'>L</span> <span class='ocrx_word' id='word_1_900' title='bbox 2266 3527 2364 3571; x_wconf 90' lang='lat' dir='ltr'><strong>add.</strong></span> <span class='ocrx_word' id='word_1_901' title='bbox 2386 3527 2643 3572; x_wconf 84' lang='lat' dir='ltr'><strong>Schmieder.</strong></span> <span class='ocrx_word' id='word_1_902' title='bbox 2668 3529 2685 3585; x_wconf 90' lang='grc' dir='ltr'><strong>ΙΙ</strong></span> 
     </span>
    </p>

    <p class='ocr_par' dir='ltr' id='par_1_12' title="bbox 1532 3590 2808 4023">
     <span class='ocr_line' id='line_1_104' title="bbox 1534 3590 2799 3649; baseline 0.002 -18"><span class='ocrx_word' id='word_1_903' title='bbox 1534 3602 1603 3631; x_wconf 80' lang='grc'><strong>22.</strong></span> <span class='ocrx_word' id='word_1_904' title='bbox 1643 3590 1852 3646; x_wconf 75' lang='grc' dir='ltr'>τρισχιλ</span> <span class='ocrx_word' id='word_1_905' title='bbox 1868 3620 1878 3631; x_wconf 83' lang='grc'><strong>.</strong></span> <span class='ocrx_word' id='word_1_906' title='bbox 1928 3607 1977 3633; x_wconf 86' lang='grc' dir='ltr'><strong>κ.</strong></span> <span class='ocrx_word' id='word_1_907' title='bbox 2002 3606 2068 3647; x_wconf 91' lang='grc' dir='ltr'><strong>τρ.</strong></span> <span class='ocrx_word' id='word_1_908' title='bbox 2084 3592 2098 3648; x_wconf 93' lang='grc'><strong>]</strong></span> <span class='ocrx_word' id='word_1_909' title='bbox 2116 3606 2246 3649; x_wconf 84' lang='lat' dir='ltr'><strong>supra</strong></span> <span class='ocrx_word' id='word_1_910' title='bbox 2267 3592 2376 3634; x_wconf 88' lang='grc'><strong>3000</strong></span> <span class='ocrx_word' id='word_1_911' title='bbox 2390 3590 2520 3633; x_wconf 85' lang='lat' dir='ltr'><strong>stadia</strong></span> <span class='ocrx_word' id='word_1_912' title='bbox 2534 3606 2615 3633; x_wconf 82' lang='lat' dir='ltr'><strong>sec.</strong></span> <span class='ocrx_word' id='word_1_913' title='bbox 2635 3592 2756 3634; x_wconf 74' lang='lat' dir='ltr'><strong>Str·</strong></span> <span class='ocrx_word' id='word_1_914' title='bbox 2797 3605 2799 3610; x_wconf 85' lang='grc'><strong>’</strong></span> 
     </span>
     <span class='ocr_line' id='line_1_105' title="bbox 1532 3653 2665 3711; baseline 0.002 -18"><span class='ocrx_word' id='word_1_915' title='bbox 1532 3666 1575 3708; x_wconf 89' lang='lat' dir='ltr'><strong>p.</strong></span> <span class='ocrx_word' id='word_1_916' title='bbox 1601 3666 1683 3708; x_wconf 87' lang='grc'><strong>729</strong></span> <span class='ocrx_word' id='word_1_917' title='bbox 1706 3662 1747 3695; x_wconf 88' lang='grc'><strong>01</strong></span> <span class='ocrx_word' id='word_1_918' title='bbox 1774 3654 1881 3708; x_wconf 82' lang='grc'><strong>739;</strong></span> <span class='ocrx_word' id='word_1_919' title='bbox 1909 3655 2019 3697; x_wconf 89' lang='grc'><strong>3000</strong></span> <span class='ocrx_word' id='word_1_920' title='bbox 2035 3653 2166 3696; x_wconf 89' lang='lat' dir='ltr'><strong>stadia</strong></span> <span class='ocrx_word' id='word_1_921' title='bbox 2181 3653 2240 3695; x_wconf 90' lang='lat' dir='ltr'><strong>id.</strong></span> <span class='ocrx_word' id='word_1_922' title='bbox 2261 3668 2304 3711; x_wconf 90' lang='lat' dir='ltr'><strong>p.</strong></span> <span class='ocrx_word' id='word_1_923' title='bbox 2328 3655 2383 3696; x_wconf 88' lang='grc'><strong>80</strong></span> <span class='ocrx_word' id='word_1_924' title='bbox 2411 3654 2550 3695; x_wconf 88' lang='lat' dir='ltr'><strong>minus</strong></span> <span class='ocrx_word' id='word_1_925' title='bbox 2564 3667 2665 3696; x_wconf 82' lang='lat' dir='ltr'><strong>occu</strong></span> 
     </span>
     <span class='ocr_line' id='line_1_106' title="bbox 1533 3715 2808 3775; baseline 0.002 -19"><span class='ocrx_word' id='word_1_926' title='bbox 1533 3715 1690 3757; x_wconf 78' lang='lat' dir='ltr'><strong>Plinius</strong></span> <span class='ocrx_word' id='word_1_927' title='bbox 1708 3718 1785 3768; x_wconf 85' lang='lat' dir='ltr'><strong>vl,</strong></span> <span class='ocrx_word' id='word_1_928' title='bbox 1809 3718 1891 3759; x_wconf 84' lang='grc' dir='ltr'><strong>3οτ</strong></span> <span class='ocrx_word' id='word_1_929' title='bbox 1917 3716 2132 3775; x_wconf 75' lang='lat' dir='ltr'><strong>Euphrate</strong></span> <span class='ocrx_word' id='word_1_930' title='bbox 2153 3715 2350 3770; x_wconf 74' lang='lat' dir='ltr'><strong>navigari</strong></span> <span class='ocrx_word' id='word_1_931' title='bbox 2372 3715 2613 3772; x_wconf 58' lang='lat' dir='ltr'><strong>Babylonem</strong></span> <span class='ocrx_word' id='word_1_932' title='bbox 2634 3730 2656 3758; x_wconf 81' lang='lat' dir='ltr'><strong>e</strong></span> <span class='ocrx_word' id='word_1_933' title='bbox 2696 3728 2704 3738; x_wconf 84' lang='lat'>&#39;</span> <span class='ocrx_word' id='word_1_934' title='bbox 2746 3749 2758 3762; x_wconf 74' lang='grc'>,</span> <span class='ocrx_word' id='word_1_935' title='bbox 2806 3719 2808 3768; x_wconf 81' lang='lat'>!</span> 
     </span>
     <span class='ocr_line' id='line_1_107' title="bbox 1533 3769 2808 3836; baseline 0.001 -17"><span class='ocrx_word' id='word_1_936' title='bbox 1533 3778 1621 3819; x_wconf 79' lang='lat' dir='ltr'><strong>sico</strong></span> <span class='ocrx_word' id='word_1_937' title='bbox 1639 3779 1746 3820; x_wconf 82' lang='lat' dir='ltr'><strong>mari</strong></span> <span class='ocrx_word' id='word_1_938' title='bbox 1769 3781 1850 3828; x_wconf 73' lang='grc'><strong>412</strong></span> <span class='ocrx_word' id='word_1_939' title='bbox 1871 3777 1977 3820; x_wconf 79' lang='lat' dir='ltr'><strong>mill.</strong></span> <span class='ocrx_word' id='word_1_940' title='bbox 2006 3780 2091 3836; x_wconf 85' lang='lat' dir='ltr'><strong>p.(</strong></span> <span class='ocrx_word' id='word_1_941' title='bbox 2115 3778 2225 3833; x_wconf 82' lang='lat'><strong>3296</strong></span> <span class='ocrx_word' id='word_1_942' title='bbox 2240 3785 2293 3819; x_wconf 90' lang='lat' dir='ltr'><strong>st.</strong></span> <span class='ocrx_word' id='word_1_943' title='bbox 2318 3780 2335 3833; x_wconf 97' lang='lat'><em>)</em></span> <span class='ocrx_word' id='word_1_944' title='bbox 2359 3776 2533 3819; x_wconf 79' lang='lat' dir='ltr'><strong>tradant</strong></span> <span class='ocrx_word' id='word_1_945' title='bbox 2559 3779 2694 3820; x_wconf 72' lang='lat' dir='ltr'><strong>Neam</strong></span> <span class='ocrx_word' id='word_1_946' title='bbox 2746 3769 2808 3803; x_wconf 63' lang='lat'><strong>“²</strong></span> 
     </span>
     <span class='ocr_line' id='line_1_108' title="bbox 1534 3838 2808 3902; baseline -0.002 -19"><span class='ocrx_word' id='word_1_947' title='bbox 1534 3851 1574 3883; x_wconf 83' lang='lat' dir='ltr'><strong>et</strong></span> <span class='ocrx_word' id='word_1_948' title='bbox 1596 3842 1866 3884; x_wconf 60' lang='lat' dir='ltr'><strong>Onesicritus.</strong></span> <span class='ocrx_word' id='word_1_949' title='bbox 1888 3842 2119 3897; x_wconf 89' lang='lat' dir='ltr'><strong>Computus</strong></span> <span class='ocrx_word' id='word_1_950' title='bbox 2136 3841 2205 3883; x_wconf 91' lang='lat' dir='ltr'><strong>hic</strong></span> <span class='ocrx_word' id='word_1_951' title='bbox 2226 3838 2401 3882; x_wconf 85' lang='lat' dir='ltr'><strong>Nearchi</strong></span> <span class='ocrx_word' id='word_1_952' title='bbox 2419 3839 2525 3882; x_wconf 88' lang='lat' dir='ltr'><strong>bene</strong></span> <span class='ocrx_word' id='word_1_953' title='bbox 2538 3838 2675 3882; x_wconf 82' lang='lat' dir='ltr'><strong>habet.</strong></span> <span class='ocrx_word' id='word_1_954' title='bbox 2746 3838 2748 3843; x_wconf 76' lang='grc'>’</span> <span class='ocrx_word' id='word_1_955' title='bbox 2786 3842 2808 3902; x_wconf 47' lang='lat' dir='ltr'><em>J</em></span> 
     </span>
     <span class='ocr_line' id='line_1_109' title="bbox 1536 3901 2745 3959; baseline -0.002 -14"><span class='ocrx_word' id='word_1_956' title='bbox 1536 3913 1668 3945; x_wconf 85' lang='lat' dir='ltr'><strong>terum</strong></span> <span class='ocrx_word' id='word_1_957' title='bbox 1692 3914 1822 3946; x_wconf 88' lang='lat' dir='ltr'><strong>totum</strong></span> <span class='ocrx_word' id='word_1_958' title='bbox 1859 3903 1974 3946; x_wconf 89' lang='lat' dir='ltr'><strong>hunc</strong></span> <span class='ocrx_word' id='word_1_959' title='bbox 2000 3903 2137 3946; x_wconf 87' lang='lat' dir='ltr'><strong>locum</strong></span> <span class='ocrx_word' id='word_1_960' title='bbox 2160 3911 2201 3945; x_wconf 88' lang='lat' dir='ltr'><strong>et</strong></span> <span class='ocrx_word' id='word_1_961' title='bbox 2232 3917 2324 3959; x_wconf 83' lang='lat' dir='ltr'><strong>quae</strong></span> <span class='ocrx_word' id='word_1_962' title='bbox 2355 3901 2550 3958; x_wconf 85' lang='lat' dir='ltr'><strong>deinceps</strong></span> <span class='ocrx_word' id='word_1_963' title='bbox 2576 3901 2745 3958; x_wconf 71' lang='lat' dir='ltr'><strong>legu‘</strong></span> 
     </span>
     <span class='ocr_line' id='line_1_110' title="bbox 1534 3963 2713 4023; baseline -0.002 -15"><span class='ocrx_word' id='word_1_964' title='bbox 1534 3982 1572 4008; x_wconf 93' lang='lat' dir='ltr'><strong>c.</strong></span> <span class='ocrx_word' id='word_1_965' title='bbox 1599 3970 1651 4017; x_wconf 69' lang='lat'><strong>(0²</strong></span> <span class='ocrx_word' id='word_1_966' title='bbox 1674 3969 1729 4009; x_wconf 80' lang='lat' dir='ltr'><strong>ita</strong></span> <span class='ocrx_word' id='word_1_967' title='bbox 1750 3966 1919 4023; x_wconf 74' lang='lat' dir='ltr'><strong>exponit</strong></span> <span class='ocrx_word' id='word_1_968' title='bbox 1940 3965 2089 4008; x_wconf 88' lang='lat' dir='ltr'><strong>Strabo</strong></span> <span class='ocrx_word' id='word_1_969' title='bbox 2105 3979 2150 4022; x_wconf 87' lang='lat' dir='ltr'><strong>p.</strong></span> <span class='ocrx_word' id='word_1_970' title='bbox 2173 3979 2253 4021; x_wconf 89' lang='grc'><strong>729</strong></span> <span class='ocrx_word' id='word_1_971' title='bbox 2277 3979 2287 4007; x_wconf 91' lang='lat'>:</span> <span class='ocrx_word' id='word_1_972' title='bbox 2307 3964 2481 4021; x_wconf 71' lang='grc' dir='ltr'>Νέαρχος</span> <span class='ocrx_word' id='word_1_973' title='bbox 2499 3964 2541 4007; x_wconf 67' lang='grc' dir='ltr'>δὲ</span> <span class='ocrx_word' id='word_1_974' title='bbox 2563 3963 2631 4007; x_wconf 74' lang='grc' dir='ltr'><strong>τὸν</strong></span> <span class='ocrx_word' id='word_1_975' title='bbox 2707 3986 2713 3992; x_wconf 60' lang='lat'><em>1</em></span> 
     </span>
    </p>
   </div>
   <div class='ocr_carea' id='block_1_10' title="bbox 1535 4021 2808 4096">
    <p class='ocr_par' dir='ltr' id='par_1_13' title="bbox 1535 4021 2808 4096">
     <span class='ocr_line' id='line_1_111' title="bbox 1535 4021 2808 4096; baseline -0.003 -25"><span class='ocrx_word' id='word_1_976' title='bbox 1535 4030 1655 4071; x_wconf 81' lang='grc' dir='ltr'>πλουν</span> <span class='ocrx_word' id='word_1_977' title='bbox 1673 4034 1738 4082; x_wconf 80' lang='grc' dir='ltr'><strong>τῆς</strong></span> <span class='ocrx_word' id='word_1_978' title='bbox 1754 4030 1935 4077; x_wconf 82' lang='grc' dir='ltr'>Σουσίδος</span> <span class='ocrx_word' id='word_1_979' title='bbox 1951 4029 2150 4085; x_wconf 83' lang='grc' dir='ltr'>τεναγώδη</span> <span class='ocrx_word' id='word_1_980' title='bbox 2165 4028 2287 4085; x_wconf 79' lang='grc' dir='ltr'>φήσας</span> <span class='ocrx_word' id='word_1_981' title='bbox 2311 4028 2424 4084; x_wconf 81' lang='grc' dir='ltr'>πέρας</span> <span class='ocrx_word' id='word_1_982' title='bbox 2447 4026 2562 4069; x_wconf 69' lang='grc' dir='ltr'>αὐτοῦ</span> <span class='ocrx_word' id='word_1_983' title='bbox 2576 4026 2682 4084; x_wconf 63' lang='grc' dir='ltr'>λέγει</span> <span class='ocrx_word' id='word_1_984' title='bbox 2697 4021 2742 4066; x_wconf 69' lang='grc' dir='ltr'><strong>τὸ</strong></span> <span class='ocrx_word' id='word_1_985' title='bbox 2765 4056 2767 4058; x_wconf 78' lang='lat'><strong>.</strong></span> <span class='ocrx_word' id='word_1_986' title='bbox 2805 4067 2808 4096; x_wconf 78' lang='lat'>1</span> 
     </span>
    </p>
   </div>
   <div class='ocr_carea' id='block_1_11' title="bbox 2760 4147 2808 4342">
    <p class='ocr_par' dir='ltr' id='par_1_14' title="bbox 2760 4147 2808 4342">
     <span class='ocr_line' id='line_1_112' title="bbox 2760 4147 2808 4342; baseline 0.125 -6"><span class='ocrx_word' id='word_1_987' title='bbox 2760 4147 2808 4342; x_wconf 73' lang='grc'><strong>’51</strong></span> 
     </span>
    </p>
   </div>
  </div>
 </body>
</html>
