2808 4342
730 106 777 155 0

241 196 329 238 304

242 289 512 346 πεντήκοντα·
533 248 665 350 δερμα
686 284 728 331 δὲ
750 284 863 344 αὐτῷ
881 274 986 327 εἶναι
1009 279 1252 343 φολιδωτὸν,
1269 277 1429 327 οὖτωτι
1442 283 1482 335 ἒς

242 360 366 424 βάθος
386 352 512 414 ἧκον,
533 359 590 409 ὡς
610 355 681 400 καὶ
706 353 774 399 ἐπὶ
792 354 931 412 πῆχυν
955 348 1144 411 ἐπέχειν,
1166 347 1317 410 ὄστρεά
1337 367 1383 395 τε
1404 349 1477 396 καὶ

238 427 423 479 λοπάδας
437 424 510 472 καὶ
528 424 653 487 φυκία
675 418 811 466 πολλὰ
834 417 943 480 ἔχειν
965 417 1267 481 ἐπιπεφυκότα·
1293 417 1365 464 καὶ
1384 419 1478 465 δελ·

238 505 358 562 φῖνας
389 494 501 556 λε’γει
533 492 597 538 ὅτι
618 493 797 550 καθορᾶν
819 480 871 541 ἦν
891 485 1070 539 πολλοὺς
1101 485 1209 550 ἀμφὶ
1235 489 1296 550 τῷ
1327 486 1476 545 κήτεϊ,

194 584 215 614 a»
238 566 311 614 καὶ
338 564 430 615 τοὺς
459 561 647 622 δελφῖνας
671 560 755 603 τῶν
787 558 830 602 ἕν
864 559 917 620 τῇ
953 554 1037 603 ἔσω
1069 556 1260 620 θαλάσσῃ
1289 556 1477 617 μέζονας.

240 637 296 697 (ε)
318 631 463 681 Ἐνθεν
494 628 535 675 δὲ
559 626 805 690 ὁρμηθέντες
841 627 1096 688 κατάγονται
1118 627 1159 679 ἐς
1183 625 1372 688 Ῥόγονιν
1400 645 1477 674 πο·

241 703 372 763 ταμὸν
394 697 648 762 χειμάρρων
673 698 715 743 ἐν
734 696 872 758 λιμένι
889 696 1068 759 εὐόρμῳ·
1095 698 1226 757 μῆκος
1247 700 1319 743 τοῦ
1340 697 1476 760 παρά-

242 771 349 816 πλου
387 766 548 814 στάδιοι
585 764 804 823 διηκόσιοι.
874 766 929 828 (7)
965 764 1155 814 Ἐνθένδε
1191 766 1481 829 τετρακοσίους

236 838 425 891 σταδίους
463 835 795 888 διεκπλώσαντες
834 835 1070 891 αὐλίζονται
1102 837 1144 882 ἕν
1173 838 1353 900 ποταμῷ
1387 854 1481 899 χει-

180 924 215 954 ιο
238 908 400 972 μάρρῳ·
421 905 602 970 Βρίξανα
626 907 687 969 τῷ
706 907 886 968 ποταμῷ
902 903 1073 965 οὔνομα·
1093 906 1266 951 ἐνταῦθα
1285 904 1481 967 χαλεπῶς

188 1022 195 1029 ,
235 977 500 1040 ὡρμίσαντο,
519 974 583 1021 ὅτι
602 974 730 1038 ῥηχίη
750 967 802 1031 ἦν
822 974 894 1020 καὶ
918 973 1079 1037 βραχέα
1096 1008 1108 1030 ,
1133 973 1205 1019 καὶ
1226 972 1415 1037 χοιράδες
1433 975 1480 1020 ἐκ

234 1051 305 1093 τοῦ
328 1045 479 1094 πόντου
514 1046 693 1108 ἀνεῖχον·
722 1045 772 1105 (a)
798 1043 890 1090 ἀλλ’
924 1043 990 1090 ὅτε
1021 1048 1049 1101 ἡ
1071 1042 1308 1107 πλήμμυρα
1336 1045 1480 1106 ἐπῄει,

234 1117 327 1163 τότε
359 1115 612 1179 ὡρμίσαντο·
644 1113 998 1171 ὑπονοστήσαντος
1022 1112 1065 1160 δὲ
1096 1117 1170 1159 τοῦ
1205 1113 1377 1171 ὕδατος,
1412 1113 1482 1160 ἐπὶ

236 1186 347 1250 ξηρῷ
377 1185 683 1249 ὑπελείφθησαν
719 1187 762 1230 αἱ
791 1184 890 1236 νέες·
914 1183 1006 1230 ἐπεὶ
1036 1183 1078 1229 δὲ
1111 1186 1139 1239 ἡ
1173 1181 1417 1246 πλημμυρὶς
1439 1185 1481 1230 ἐν

194 1274 213 1302 ε
235 1256 325 1309 τάξι
349 1254 580 1315 ἄμείὸουσα
617 1256 796 1314 ἐπῆλθε,
829 1252 921 1299 τότε
950 1253 1000 1307 δὴ
1039 1250 1327 1304 ἐκπλώσαντες
1360 1252 1483 1315 ὁρμί-

237 1328 376 1380 ζονται
397 1324 467 1371 ἐπὶ
488 1326 681 1388 ποταμῷ·
705 1324 755 1383 (⁹)
779 1321 934 1382 οὔνομα
955 1321 998 1367 δὲ
1021 1323 1082 1385 τῷ
1104 1324 1283 1384 ποταμῷ
1300 1320 1480 1383 Ἀροσις,

237 1394 431 1455 μέγιστος
449 1396 530 1439 τῶν
554 1395 754 1452 ποταμῶν
768 1429 780 1449 ,
801 1394 855 1443 ὡς
874 1390 986 1453 λέγει
1011 1390 1200 1453 Νέαρχος
1213 1427 1226 1452 ,
1248 1389 1336 1436 ὅσοι
1360 1392 1401 1436 ἐν
1421 1393 1481 1453 τῷ

241 1463 448 1526 παράπλῳ
469 1464 574 1525 τῷδε
592 1461 870 1523 ἐμὸάλλουσιν
890 1462 930 1512 ἐς
951 1459 1021 1506 τὸν
1045 1459 1123 1513 ἔξω
1143 1459 1307 1507 πόντον.

299 1534 401 1581 XL.
444 1532 583 1595 Μέχρι
604 1533 722 1577 τοῦδε
745 1530 907 1593 Πέρσαι
925 1528 1125 1586 οἰκέουσι,
1145 1528 1198 1575 τὰ
1219 1527 1261 1575 δὲ
1283 1528 1365 1575 ἀπὸ
1384 1529 1480 1574 τού-

171 1619 216 1650 20
235 1622 316 1650 των
341 1602 525 1650 Σούσιοι.
596 1599 781 1648 Σουσίων
809 1598 852 1645 δὲ
870 1598 981 1651 ἔθνος
1000 1598 1227 1660 αὐτόνομον
1250 1597 1481 1662 κατύπερθε

235 1669 483 1734 προσοικέει·
511 1668 657 1723 Οὔξιοι
677 1667 910 1715 καλέονται·
934 1666 1039 1731 ὑπὲρ
1067 1667 1172 1715 ὅτων
1198 1666 1391 1715 λέλεκταί
1410 1685 1481 1727 μοι

235 1743 277 1787 ἐν
314 1744 366 1803 τῇ
401 1740 509 1802 ἄλλῃ
531 1738 770 1802 ξυγγραφῇ,
799 1738 862 1784 ὅτι
883 1737 1035 1800 λῃσταί
1074 1740 1167 1784 εἶσι.
1236 1739 1385 1792 Μῆκος
1409 1740 1480 1782 τοῦ

235 1810 459 1872 παράπλου
493 1812 566 1863 τῆς
605 1808 807 1870 Περσίδος
838 1807 979 1870 χώρης
1023 1807 1184 1852 στάδιοι
1224 1805 1480 1867 τετρακόσιοι

236 1879 309 1925 καὶ
343 1877 682 1939 τετρακισχίλιοι.
752 1877 800 1937 (2)
834 1876 926 1932 Τὴν
961 1875 1003 1921 δὲ
1032 1875 1218 1937 Περσίδα
1242 1878 1319 1934 γῆν
1353 1875 1476 1937 τριχῆ

235 2014 391 2067 Ταόκην
417 2012 707 2070 reponendum
725 2027 812 2054 oese
846 2020 1100 2053 monuerunt
1129 2011 1205 2052 viri
1226 2010 1355 2051 docti.
1381 2011 1484 2051 Eas-

212 2072 334 2118 ‘dem
357 2084 439 2117 troe
467 2076 598 2130 regias
624 2083 826 2116 memorat
851 2074 1075 2129 Dionysius
1104 2077 1207 2127 1069
1231 2071 1482 2128 populorum

231 2137 480 2179 nominibus
499 2149 510 2178 :

779 2200 814 2235 oi
832 2196 864 2235 δ’
888 2197 924 2239 ἐς
939 2196 1044 2234 νότον
1061 2197 1147 2244 ἄχρι
1168 2195 1356 2241 θαλάσσης

288 2265 430 2309 πρῶτοι
448 2258 565 2297 Σάδαι
583 2258 639 2305 (l.
660 2258 777 2297 Γάδαι
792 2256 823 2306 ),
849 2257 941 2305 μετὰ
955 2257 1039 2300 τοὺς
1055 2257 1093 2295 δὲ
1111 2255 1376 2304 Πασαργάδαι,
1393 2257 1481 2305 ἄγχι

1182 2311 1198 2362 [
1218 2313 1257 2351 δὲ
1273 2313 1453 2352 Τασκοί
1467 2342 1479 2361 ,

240 2389 283 2431 in
315 2388 469 2445 quibus
497 2388 698 2443 quaeritur
724 2401 824 2428 num
850 2386 1024 2435 Τασιοῦς
1050 2386 1109 2427 sic
1138 2384 1272 2427 dictos
1293 2387 1338 2427 in
1371 2386 1484 2428 sonte

240 2467 317 2495 suo
331 2452 556 2507 Dionysius
573 2451 790 2507 repererit,
807 2465 860 2491 an
876 2448 1190 2492 rescribendum
1211 2450 1265 2490 sit
1282 2449 1346 2491 vel
1364 2450 1485 2492 Τακοί

239 2516 302 2557 vel
323 2514 468 2555 Τωκοί.
501 2514 518 2569 ss
537 2538 596 2545 —
614 2527 651 2555 1.
669 2528 723 2555 πε
736 2528 755 2553 ν
768 2513 824 2565 τή
837 2529 893 2554 κο
906 2528 925 2554 ν
939 2513 1024 2568 τα]
1047 2510 1280 2564 ἐνενήκοντα
1303 2513 1347 2553 in
1376 2511 1483 2554 dno·

238 2578 317 2619 bus
347 2577 464 2619 libris
481 2590 561 2618 ms.
587 2577 604 2630 (
623 2574 834 2618 Gaudensi
861 2584 903 2617 et
925 2574 1165 2616 Richeliano
1186 2573 1201 2631 )
1227 2574 1304 2629 legi
1326 2576 1484 2616 notavit

240 2638 507 2691 Blancardus,
532 2638 659 2695 idque
691 2639 819 2694 recipi
847 2638 978 2680 voluit
997 2637 1153 2694 absque
1173 2651 1296 2678 causa
1317 2635 1481 2679 idonea.

246 2705 263 2756 ss
288 2727 343 2734 —
367 2718 404 2744 1.
434 2702 488 2743 0ss
504 2718 570 2744 τω
600 2702 872 2758 τι]ΑΒ(ΖῙ);
894 2701 1053 2743 οὔτωτε
1071 2700 1209 2755 vulgo.
1233 2701 1250 2755 ΙΙ
1273 2724 1330 2731 -
1358 2701 1398 2742 3.
1420 2700 1484 2742 λε-

241 2766 362 2813 πάδας
377 2767 458 2807 BC.
474 2767 492 2819 11
508 2765 614 2806 -5.
636 2764 712 2806 ἔσω
727 2766 858 2816 BCD;
881 2765 933 2806 ἕω
949 2768 1001 2815 Α,
1021 2763 1099 2819 ἒώᾳ
1114 2762 1245 2805 codex
1269 2763 1481 2819 Stephani.

246 2828 339 2882 ΙΙ-
362 2831 402 2867 6.
430 2826 609 2881 Ῥόγονιν
643 2829 695 2878 Α,
720 2825 910 2881 Ῥώγονιν
936 2827 1060 2876 BCD,
1092 2824 1292 2884 Ῥώγωνιν
1317 2827 1352 2867 L
1362 2842 1373 2877 3
1401 2824 1486 2867 ‘Po-

240 2889 405 2945 γόμανις
422 2889 666 2930 Ptolemaeus
696 2889 774 2938 VI,
812 2892 863 2937 4;
890 2888 1163 2939 Rlaogomanis
1181 2902 1248 2943 ap.
1269 2888 1478 2930 Ammian.

236 2952 371 2994 Marc.
393 2951 555 2999 xxm,
581 2953 622 2998 6,
647 2951 695 2997 41
724 2962 734 2989 :
768 2949 951 2990 Maximi
981 2951 997 3002 (
1020 2963 1078 2990 sc.
1110 2948 1289 2990 Persidis
1313 2951 1330 3003 )
1348 2950 1482 3003 fluvii

237 3023 338 3056 sune
360 3010 641 3060 Vaemclziees,
664 3010 935 3063 Rhogonmnis
951 3019 993 3051 et
1020 3011 1223 3051 Brisoana
1249 3020 1372 3066 alque
1399 3016 1479 3053 Ba-

235 3074 387 3130 grada,
415 3089 466 3117 ex
497 3073 651 3129 quibus
679 3071 1153 3126 Vaeraelaitcs'ignotus.
1187 3072 1397 3126 Rhogonis
1419 3083 1479 3115 oet

238 3138 391 3181 fluvius
401 3137 454 3180 ad
473 3135 591 3192 cujus
604 3137 755 3179 ostium
777 3133 933 3177 Bender
946 3134 1057 3190 Rig(
1077 3134 1197 3188 Rigk,
1222 3136 1341 3183 Recte,
1362 3137 1475 3189 linig,

193 3243 200 3253 .
241 3203 349 3254 Κεφ
367 3202 402 3255 ).
425 3200 484 3242 V.
506 3198 725 3241 Thevenot
742 3199 845 3252 Voy.
869 3197 927 3247 V,
952 3210 996 3252 p.
1023 3197 1126 3246 535;
1151 3196 1329 3237 Kinneir
1350 3200 1475 3238 Mem.

237 3276 281 3319 p.
310 3263 386 3318 573
407 3261 611 3305 Niebuhr.
629 3261 659 3303 1.
680 3260 729 3312 1.;
745 3259 934 3303 Gosselin
947 3261 1025 3310 111,
1041 3272 1086 3315 p.
1107 3261 1154 3301 81
1175 3259 1398 3310 ;Vincent.
1420 3262 1476 3310 11,

238 3340 282 3382 p.
308 3330 384 3376 4οι
404 3341 415 3377 ς
438 3325 702 3375 mum-vm,
722 3338 766 3380 p.
796 3323 891 3372 134.
915 3324 934 3378 ΙΙ
952 3346 1009 3355 -
1031 3335 1095 3365 ιο.
1122 3321 1330 3378 Βρίξανα
1348 3323 1364 3378 ]
1382 3324 1478 3366 Ριο·

240 3389 408 3431 lemaeus
439 3387 564 3430 habet
586 3388 828 3430 Brisoanam
851 3386 1043 3437 fluvium,
1067 3383 1139 3427 sed
1154 3398 1202 3427 ee
1231 3385 1274 3426 in
1294 3386 1475 3440 regione,

240 3451 312 3493 ubi
327 3466 377 3493 ex
385 3450 562 3493 Nearchi
575 3451 812 3492 narratione
821 3448 1040 3506 ponendus
1051 3455 1112 3490 est
1122 3447 1293 3490 Sitacus.
1308 3449 1479 3490 Brizana

241 3525 341 3552 num
370 3514 574 3568 pertineat
592 3510 645 3554 ad
679 3511 781 3554 hod.
802 3510 958 3553 Bender
975 3510 1142 3560 Delum,
1163 3517 1212 3551 ut
1227 3511 1475 3565 putaverim,

239 3586 293 3613 an
312 3574 436 3614 alium
469 3575 769 3630 propinquum,
791 3588 937 3630 parum
960 3573 1105 3629 liquet.
1130 3569 1322 3614 Eundem
1346 3571 1479 3626 signat

240 3634 397 3678 Plinius
424 3638 501 3685 Vl,
528 3639 596 3686 31,
622 3641 644 3691 S
666 3639 742 3679 136
766 3651 776 3678 ε
809 3639 933 3678 Omen
953 3651 1044 3693 quer
1062 3636 1257 3693 pmjacee
1277 3633 1477 3676 minorum

241 3698 423 3753 Syrtium
445 3699 531 3739 vice
558 3699 745 3740 ‹lia-imus
774 3701 1020 3741 inassaessum
1044 3713 1168 3748 coeno,
1182 3697 1413 3755 plurimtcm
1428 3698 1479 3739 11·-

242 3759 302 3802 mt’
314 3758 590 3814 defi-rentibus
610 3761 740 3802 Bria-a
754 3764 769 3814 (
776 3762 938 3819 Brixia)
953 3770 992 3803 et
1004 3764 1180 3804 onae-ea
1189 3758 1408 3815 (Domkfl.
1418 3759 1456 3815 θ)
1465 3792 1474 3801 .

242 3822 307 3864 De
325 3822 554 3878 posteriore
576 3822 703 3863 fluvio
732 3824 786 3865 cs.
803 3824 987 3865 AEthicus
1009 3825 1224 3877 Cosmogr.
1246 3823 1319 3879 (Ρ.
1336 3834 1416 3877 709
1434 3822 1477 3863 in

241 3883 348 3926 Mela
382 3885 570 3927 Gronov.
603 3886 772 3939 1722):
804 3885 980 3927 Flavius
1005 3884 1222 3927 Coreachia
1249 3882 1479 3941 pmvincioe

248 3944 409 3996 Mediae,
434 3946 624 3989 nascitur
644 3946 688 3988 in
707 3947 867 4004 campis
895 3948 1093 3989 Arabicis
1127 3949 1185 4002 (Ρ)
1201 3964 1215 3996 ,-
1233 3945 1366 3988 currit
1385 3944 1479 3987 mi!-

246 4007 291 4051 ἔα
305 4011 461 4063 918201
484 4008 715 4064 ingreditur
731 4009 868 4054 sinam
890 4010 1111 4051 Persicum.
1134 4011 1224 4066 u—
1246 4010 1311 4059 ι4.
1326 4006 1476 4051 32:⁸2⁸(-

1531 2993 1534 2996 ,
1556 2946 1571 3004 (
1589 2947 1601 2988 i
1635 2962 1672 2989 e.
1696 2947 1878 3005 fluvius)
1899 2948 1962 2991 vel
1976 2948 2133 2991 Indiem
2154 2948 2208 2991 de
2223 2950 2326 2992 urbe
2342 2950 2571 3007 adjacente.

2752 0 2808 101 .Ε”.;

2720 107 2738 114 -.
2795 108 2808 117 ,.

2726 118 2761 146 [ἰε

2729 152 2742 160 “”’
2803 161 2808 171 ι

1383 178 1649 227 Annum
1717 182 1744 195 ⁹

1551 295 1791 339 cubitorum
1800 309 1903 340 esee.
1917 298 1983 353 (5)
1994 299 2147 344 Ροῑεω
2159 300 2250 358 ejus
2261 303 2499 345 con-timiam
2512 303 2650 360 suisa,
2662 309 2715 353 ad
2755 303 2808 329 '³'

1548 381 1631 424 que
1651 367 1840 420 densam,
1864 377 1912 412 ut
1928 370 2292 427 quibusdamloeis
2308 377 2437 419 cubiti
2459 379 2581 421 unius
2599 373 2745 425 erasas
2778 413 2808 426 ,-

1548 439 1691 482 dinem
1709 440 1895 493 baberet,
1911 451 1954 484 et
1971 443 2100 487 multa
2114 446 2240 490 etiam
2257 457 2391 494 ostrea
2403 460 2445 494 et
2463 452 2630 509 lopades
2647 462 2689 498 et

1551 520 1703 555 annata
1722 513 1761 555 ei
1775 522 1934 566 oesent;
1955 514 2170 572 delphines
2185 531 2352 576 quoque
2369 524 2479 567 eirea
2491 524 2668 569 belluam
2685 529 2723 569 vi

1551 584 1727 636 multos,
1750 585 1926 642 majores
1943 601 2070 643 quam
2082 589 2293 632 internum
2304 605 2418 635 mare
2429 592 2547 639 ferat.
2609 600 2673 654 (6)
2688 597 2797 645 Inde

1549 658 1723 714 profecti
1745 659 1798 702 ad
1814 660 2035 716 Rhogonin
2052 662 2225 706 fluvium
2244 672 2471 709 torrentem
2485 668 2530 711 in
2544 678 2680 715 tntum
2696 688 2808 731 pom,

1552 739 1644 772 tum
1676 746 1720 773 se
1754 733 1977 789 recipiunt,
2013 733 2191 778 ducenta
2224 736 2355 779 stadia
2382 741 2555 783 emensi.
2613 743 2681 787 Ab
2711 730 2808 797 hoo*

1553 804 1727 847 flumine
1757 806 2059 863 quadringenta
2080 809 2211 851 stadia
2239 814 2444 868 progressi
2465 812 2518 856 ad
2539 813 2662 860 uliam
2680 810 2808 863 sini-⁴.

1553 875 1640 931 lem¹
1652 891 1818 919 amnem
1833 909 1845 929 ,
1878 879 2052 923 Brizana
2078 879 2260 935 dictum,
2295 884 2567 928 devenerunt.
2629 889 2694 944 (7)

1549 947 1707 990 difficili
1725 950 1899 992 statione
1920 961 2017 994 sunt
2039 954 2125 1004 usi,
2147 968 2277 1010 quum
2297 958 2465 1013 rupium
2485 960 2605 1001 taenia
2632 969 2736 1003 oeset

1550 1019 1706 1071 brevia,
1728 1029 1851 1076 atque
1872 1023 2031 1079 scopuli
2054 1038 2077 1065 e
2100 1026 2202 1066 mari
2218 1026 2519 1071 attollerentur.
2580 1033 2644 1086 (8)
2667 1016 2775 1075 Acce

1551 1092 1680 1135 dente
1710 1094 1847 1149 itaque
1875 1104 1977 1137 aestu
2009 1105 2177 1152 portum
2215 1109 2438 1156 ceperunt;
2478 1102 2720 1156 recedente,
2753 1098 2808 1227 iti

1552 1164 1658 1207 vado
1676 1165 1901 1208 haerebant.
1961 1169 2062 1209 Mox
2085 1169 2368 1225 reciprocante
2385 1181 2486 1216 aestu
2500 1176 2616 1218 etatis
2637 1178 2774 1220 vicibu

1551 1239 1814 1292 enavigantoe
1834 1238 1886 1280 ad
1917 1240 2092 1282 fluvium
2122 1244 2412 1296 constiterunt,
2433 1246 2501 1288 cui
2524 1261 2676 1292 nomeu
2693 1228 2804 1293 Arol

1552 1312 1622 1353 sis.
1685 1314 1749 1367 (9)
1770 1314 2001 1355 Maximum
2033 1314 2147 1357 hunc
2171 1316 2343 1358 ssuvium
2364 1318 2576 1362 Nearchus
2590 1335 2678 1366 oeee
2697 1328 2776 1366 scr*

1556 1382 1619 1425 bit
1642 1385 1855 1435 omnium,
1880 1386 1952 1441 qui
1986 1400 2060 1443 per
2083 1386 2191 1429 hanc
2223 1389 2527 1444 navigationem
2554 1393 2598 1435 in
2619 1397 2763 1439 exterit
2786 1404 2802 1451 J

1553 1469 1667 1496 mare
1688 1456 1886 1498 influunt.
2800 1472 2808 1473 ’

1608 1529 1702 1570 XL.
1734 1528 1802 1571 Ad
1821 1528 1935 1572 hunc
1956 1545 2120 1574 amnem
2141 1547 2271 1590 usque
2295 1536 2429 1578 Persae
2451 1536 2638 1580 habitant
2656 1555 2668 1591 ;
2697 1540 2808 1589 ulter

1553 1598 1668 1639 riora
1701 1599 1807 1640 Susii
1830 1600 2033 1643 incolunt.
2094 1603 2228 1658 Supra
2259 1605 2400 1646 Susios
2421 1615 2557 1649 autem
2590 1623 2689 1664 gens
2721 1610 2771 1651 ali

1553 1667 1683 1709 libera
1702 1668 1874 1721 habitat,
1895 1671 2021 1723 Uxii,
2042 1685 2147 1727 quos
2177 1673 2219 1713 in
2243 1675 2444 1730 superiori
2469 1691 2593 1733 opere
2622 1680 2778 1732 (Anah

1553 1751 1595 1791 7,
1618 1735 1684 1787 15,
1708 1736 1731 1777 3
1753 1736 2001 1791 )latrocinia
2017 1752 2207 1781 exercere
2226 1740 2424 1784 diximus.
2483 1746 2687 1788 Universa
2699 1747 2779 1790 Per

1551 1804 1653 1846 sidis
1671 1820 1744 1847 ora
1759 1805 1891 1849 stadia
1909 1816 2107 1863 quattuor
2129 1810 2255 1851 millia
2276 1819 2317 1852 et
2335 1811 2636 1868 quadringenta
2652 1814 2778 1860 efficit

1552 1875 1619 1930 (2)
1648 1876 1781 1917 Porro
1797 1877 1924 1918 totius
1945 1879 2118 1920 Persicae
2133 1880 2312 1933 regionis
2331 1889 2650 1938 temperaturam
2669 1886 2779 1944 tripl’

1554 2009 1703 2064 φθησαν
1717 2012 1770 2052 D.
1795 2012 1811 2066 ΙΙ
1833 2034 1889 2043 —-
1908 2016 1972 2054 16.
1990 2012 2133 2069 Ἄροσις
2149 2016 2255 2057 BCD
2280 2025 2321 2058 et
2351 2017 2493 2072 vulgo;
2517 2019 2636 2075 Ἄροις
2648 2035 2700 2063 ex
2710 2020 2808 2065 und

1553 2071 1698 2114 codice
1727 2073 1848 2115 affert
1867 2076 2104 2117 Gronovius
2131 2079 2147 2129 (
2167 2078 2231 2118 Cf.
2254 2078 2350 2121 cod.
2369 2080 2581 2136 Stephani,
2600 2082 2673 2125 ubi
2699 2096 2711 2126 :
2736 2082 2808 2128 hel

1552 2139 1718 2192 ποταμῷ
1734 2135 1839 2191 ’Ἄροι
1856 2138 2028 2195 μεγίστῳ
2043 2144 2119 2180 τῶν
2135 2143 2320 2196 ποταμῶν
2342 2144 2381 2196 );
2414 2142 2508 2199 Ἄρις
2527 2147 2579 2195 Α,
2606 2144 2717 2201 Ἀρης
2744 2148 2793 2191 L.

1559 2194 1736 2252 Ὀρόατις
1774 2198 1922 2241 Strabo
1946 2214 1989 2255 p.
2017 2214 2114 2256 727.
2145 2215 2226 2257 729
2259 2212 2300 2244 et
2321 2203 2587 2259 Ptolemaeum
2625 2209 2798 2252 Omaeee

1554 2258 1765 2301 Ammian.
1787 2260 1947 2311 XXIII,
1975 2265 2016 2311 6,
2045 2266 2123 2313 26;
2153 2264 2298 2306 Oratis
2325 2273 2368 2307 et
2394 2267 2567 2310 Zarotis
2587 2282 2657 2326 ap.
2685 2269 2794 2314 Plin.

1554 2321 1631 2371 VI,
1659 2323 1713 2363 28
1743 2325 1766 2376 §
1794 2336 1867 2364 111
1895 2336 1905 2365 ε
1929 2322 2032 2365 Inde
2050 2324 2238 2371 Persidis
2259 2325 2428 2369 initium
2442 2327 2503 2370 ad
2513 2327 2675 2384 flumen
2695 2334 2800 2375 Om-

1555 2381 1647 2433 tim,
1669 2399 1750 2440 quo
1774 2384 1989 2427 dividitur
2004 2386 2058 2428 ab
2071 2387 2302 2443 Elymaide.
2322 2388 2440 2432 Idem
2466 2391 2543 2443 vl,
2569 2395 2640 2444 26,
2664 2394 2688 2447 S
2706 2406 2793 2450 992

1554 2445 1725 2488 Flumen
1761 2448 1934 2490 Zarotis
1970 2449 2078 2491 ostio
2108 2450 2301 2507 dfffict'lis
2328 2451 2415 2495 m'st‘
2438 2453 2620 2511 peritis:
2650 2454 2805 2510 insula

1553 2507 1804 2567 duoeparvoe
1821 2510 1954 2565 (hod.
1975 2515 2092 2554 Bana
2104 2521 2145 2555 et
2166 2513 2268 2555 Dm·
2282 2516 2324 2569 );
2341 2513 2434 2556 inde
2447 2514 2607 2559 ‘melosa
2657 2540 2663 2552 ι
2713 2516 2724 2526 ’
2791 2511 2804 2528 ³

1555 2573 1615 2614 tio
1633 2573 1823 2630 palustri
1842 2574 1998 2617 similis
2017 2590 2096 2632 per
2120 2576 2284 2634 euripos
2306 2587 2441 2620 tamen
2466 2577 2664 2636 quosdam
2676 2595 2735 2639 pe
2784 2617 2787 2620 .

1550 2635 1684 2687 gitur.
1713 2637 1944 2679 Vincentus
1985 2652 2028 2693 p.
2062 2641 2143 2687 406
2175 2648 2317 2681 monet
2349 2639 2460 2696 apud
2497 2640 2764 2685 Cineres-ed·

1555 2697 1729 2739 fluvium
1762 2707 1950 2741 nostrum
1984 2701 2122 2742 vocari
2152 2701 2415 2754 Ab-Argoun
2437 2702 2754 2759 (Ab-Armgh‘
2786 2706 2787 2710 ’

1553 2774 1621 2816 ap.
1636 2761 1783 2802 Ritter.
1801 2763 1878 2812 lx,
1897 2776 1940 2818 p.
1968 2763 2042 2812 134
2060 2765 2077 2818 )
2097 2763 2151 2804 de
2169 2765 2301 2818 prisca
2314 2764 2417 2807 urbe
2428 2765 2701 2824 Art-hagion(
2735 2779 2740 2787 ·
2758 2792 2766 2802 ι’

1549 2822 1668 2875 gian,
1688 2823 1884 2877 Rhagoun
1900 2826 1933 2879 ).
1952 2826 2061 2866 Hinc
2079 2826 2201 2881 gra-ci
2226 2827 2407 2869 nominis
2431 2828 2536 2871 ratio
2552 2837 2752 2885 repeten·
2776 2848 2781 2861 ι

1552 2885 1675 2926 Nunc
1704 2885 1853 2927 fluvius
1868 2885 1937 2928 hic
1956 2889 2162 2929 maximus
2180 2887 2242 2929 vel
2261 2888 2503 2945 simpliciter
2516 2899 2687 2934 vocatur

1607 3011 1701 3062 XL,
1730 3024 1796 3066 ¹9·
1814 3011 1969 3068 Μέχρι
1996 3012 2138 3054 τοῦδε
2169 3013 2378 3070 Πέρσαι]
2403 3015 2655 3059 SicetiamS
2757 3040 2762 3051 ·

1550 3073 1722 3123 Plinius,
1744 3073 2003 3117 Ptolcmaeus.
2027 3076 2043 3130 ΙΙ
2062 3099 2120 3107 -
2137 3088 2206 3118 20.
2224 3076 2396 3117 Σουσίων
2422 3076 2463 3119 δὲ
2489 3077 2591 3119 ἄλλο
2606 3079 2718 3133 γένος

1550 3136 1718 3189 τόνομον
1749 3138 1796 3176 L.
1821 3137 1838 3190 ss
1865 3140 2005 3186 -24,
2033 3138 2467 3194 τετρακισχίλιοι]
2491 3140 2568 3181 AD
2589 3149 2630 3181 et
2647 3140 2769 3195 vulgo

1549 3197 1759 3251 τρισχίλιοι
1775 3199 1856 3238 BC.
1882 3197 2020 3239 Stadia
2043 3201 2154 3247 4400
2173 3198 2295 3240 babet
2315 3200 2438 3241 etiam
2455 3199 2605 3243 Strabo
2622 3215 2666 3258 p.
2689 3214 2790 3259 727·

1548 3260 1652 3299 Item
1683 3259 1840 3301 Plinius
1872 3259 1949 3309 VI,
1976 3261 2075 3312 285
2115 3273 2186 3300 ιιι
2223 3273 2232 3301 z
2267 3262 2369 3317 Ipsa
2400 3260 2540 3303 Persis
2571 3261 2720 3306 adum

1547 3334 1734 3362 occasum
1755 3320 1843 3362 sim
1862 3319 2017 3362 obtinet
2041 3321 2159 3363 litore
2182 3324 2256 3364 DL
2276 3338 2330 3363 m.
2346 3338 2467 3381 pass.
2485 3324 2597 3366 Vera
2611 3323 2721 3381 longi
2735 3346 2756 3360 ··

1547 3382 1604 3424 do
1628 3392 1685 3424 est
1712 3382 2046 3425 serestadiorum
2069 3388 2179 3434 4000
2204 3384 2301 3426 inde
2323 3400 2347 3427 a
2375 3386 2556 3428 Ome-mk
2574 3395 2745 3434 monte..

1547 3446 1716 3500 singulis
1733 3446 1896 3488 Arriani
1914 3448 2096 3488 numeris
2119 3447 2368 3501 colliguntur
2389 3447 2520 3491 stadia
2539 3451 2665 3501 4240,
2708 3472 2725 3483 =·

1549 3517 1591 3550 ut
1615 3509 1778 3550 nonnisi
1823 3513 1899 3550 160
1927 3509 2057 3550 stadia
2077 3508 2379 3552 desiderentur.
2413 3514 2467 3553 At
2485 3524 2615 3567 quum
2651 3510 2749 3558 inde

1547 3573 1716 3613 Brimnn
1739 3571 1789 3612 ad
1814 3572 1964 3613 Arosin
1993 3573 2212 3614 minimum
2236 3587 2324 3614 csse
2341 3571 2519 3615 debeant
2539 3572 2670 3617 stadia
2689 3577 2732 3626 4·
2754 3600 2756 3602 -

1547 3643 1669 3690 atque
1698 3635 1856 3675 omissae
1883 3632 2088 3676 distantiae
2110 3635 2162 3676 ab
2194 3634 2251 3676 lla
2279 3650 2410 3691 usque
2439 3634 2492 3677 ad
2517 3643 2686 3693 portum
2740 3659 2744 3670 ι

1547 3697 1665 3737 Ocho
1685 3705 1825 3738 monte
1842 3696 2019 3738 aliorum
2043 3697 2127 3738 sint
2148 3695 2374 3739 stadiorum
2398 3697 2482 3739 sere
2509 3696 2676 3754 quadri
2696 3741 2705 3749 ,

1548 3766 1702 3808 torum,
1726 3772 1888 3800 summa
1903 3757 2210 3799 conflareturea
2228 3771 2351 3813 quam
2369 3759 2455 3815 ipse
2476 3759 2678 3802 Arrianus
2696 3792 2701 3796 -
2722 3780 2726 3794 ·
2752 3787 2755 3793 ,

1547 3820 1661 3862 ducit
1679 3821 1811 3862 multo
1826 3819 1974 3877 mnjor.
2003 3819 2127 3862 Unde
2159 3821 2341 3863 nascitur
2362 3822 2541 3877 suspicio
2558 3822 2603 3863 in
2623 3837 2676 3865 an
2706 3846 2735 3858 -«
2755 3823 2757 3825 ’

1548 3883 1779 3939 complures
1794 3895 2005 3934 numeros,
2019 3891 2099 3925 uta
2115 3897 2213 3925 vero
2227 3882 2347 3938 longe
2357 3882 2570 3935 recedunt,
2587 3884 2647 3927 sic
2670 3905 2675 3921 ι
2696 3905 2717 3919 ··
2794 3900 2799 3909 ·

1548 3954 1765 4001 corruptos
1781 3960 1883 3988 esse.
1909 3946 1927 4001 ss
1949 3968 2006 3979 -
2021 3947 2089 3995 24.
2114 3948 2260 4001 τριχῆ
2287 3945 2386 4001 JCs.
2410 3945 2572 3988 Strabo.
2595 3959 2639 4002 p.
2664 3957 2745 4002 727
2780 3959 2782 3961 “

1548 4006 1686 4063 Τριττὴ
1711 4009 1744 4048 δ’
1770 4008 1850 4050 ἐστὶ
1868 4010 1884 4063 (
1903 4007 1928 4061 ἡ
1946 4007 2110 4064 Περσίς)
2128 4007 2193 4050 καὶ
2211 4010 2259 4065 τῇ
2271 4007 2378 4063 φύσει
2400 4007 2466 4049 καὶ
2486 4010 2535 4065 τῇ
2557 4011 2633 4051 τῶν
2668 4032 2686 4037 ’-
2772 4020 2783 4054 ,“
