2756 4354
910 173 987 217 DE
1021 172 1221 217 AGATH
1231 173 1488 231 ARCHIDE
1523 177 1748 224 CNIDIO.

2 267 7 276 Ζ
60 279 173 325 dicit
197 272 572 336 Agatharchides,
599 272 659 314 'in
687 283 740 312 eo
764 267 899 312 situm
922 276 1067 310 tractu
1083 300 1093 320 ,
1124 267 1174 310 in
1197 283 1289 325 quo

61 355 334 399 Ptolemaeus
358 347 488 410 ponit
517 349 654 389 Amas
672 352 868 408 gentem,
886 340 1010 399 quod
1033 356 1198 401 nomen
1215 357 1291 386 su-

59 428 164 473 best
199 425 332 472 etiam
369 421 503 466 Orsae·
523 417 666 463 Plinii
692 417 760 476 (⁴¹).
799 416 967 460 Portus
1004 414 1111 459 huic
1147 416 1292 460 monti

17 548 23 558 .
61 503 300 564 proximus
318 507 385 543 est
402 497 559 541 Sherm
575 494 756 538 Brailra.
777 492 858 536 His
882 491 1141 536 constitutis
1154 490 1291 536 redeo

63 578 120 622 ad
146 573 286 621 verba
307 573 613 628 Dabanegoris
633 572 753 625 regio
760 584 779 621 ,·
807 582 908 627 quae
935 566 1089 610 nescio
1113 581 1169 609 an
1191 581 1294 610 cor-

62 631 195 711 rupta
225 647 332 692 sint.
362 645 540 691 Etenim
578 658 718 703 quum
755 641 876 701 apud
908 640 1292 700 Agatharchidem

61 735 163 786 post
174 723 495 768 Thamudenos
505 727 813 764 memorentur
822 718 983 769 Deboe,·
997 731 1136 776 porro
1151 732 1291 775 quum

58 803 110 846 in
130 800 315 860 regione
330 814 430 859 quae
450 797 507 842 ab
530 796 645 840 Orsa
668 804 819 839 monte
838 792 1023 838 boream
1046 793 1205 837 versus
1226 803 1294 838 est

9 889 17 897 ·
61 870 183 922 circa
215 875 482 920 hodiernam
502 867 663 917 Jambo
686 869 958 931 quaerendus
987 867 1048 914 ‘sit
1074 869 1191 927 Egra
1220 869 1293 914 vel

0 939 6 943 .
55 952 208 1011 Negra
240 951 386 1006 locus,
426 960 476 994 ut
506 963 645 1008 supra
678 963 725 1007 p.
758 962 886 990 Lxxu
909 945 1067 990 monui
1097 962 1106 989 :
1133 954 1295 1005 sponte

54 1028 260 1074 nascitur
279 1026 482 1087 suspicio
502 1024 622 1085 apud
644 1023 846 1067 Plinium
864 1022 1028 1067 fuisse:
1049 1038 1159 1080 gens
1179 1023 1296 1065 Tha-

63 1107 210 1158 ludaei,
239 1106 392 1156 Dabce,
424 1105 584 1159 Negris
610 1100 701 1159 (vel
725 1097 880 1160 Egris)
903 1103 1036 1155 regio.
1061 1125 1122 1131 —
1145 1100 1294 1140 Sinum

20 1199 23 1202 ·
61 1184 251 1224 Duatum
275 1195 431 1240 quaero
449 1180 499 1223 in
521 1178 659 1222 maris
682 1191 861 1221 recessu
886 1173 941 1218 ad
957 1177 1046 1218 Ras
1063 1175 1288 1228 Hatebah;

60 1266 168 1316 post
190 1254 312 1315 quod
331 1263 583 1313 sequuntur
601 1262 689 1295 tres
714 1249 937 1294 montium
956 1249 1174 1303 vertices,
1201 1249 1292 1292 Pli-

62 1331 131 1376 nii
164 1318 508 1392 Τρικόρῳφος.-ἶ-
539 1333 672 1385 Regio
714 1325 964 1369 Cardaleon
1000 1324 1189 1369 fortasse
1228 1335 1295 1369 est

61 1421 219 1452 eorum
258 1421 372 1466 quos
404 1403 603 1449 Uranius
638 1402 759 1463 apud
789 1392 1071 1460 Stephanum
1099 1400 1297 1460 appellat

65 1478 340 1541 Κερδανίτας;
362 1479 446 1524 hos
465 1495 567 1523 cum
585 1477 810 1522 hodierna
827 1474 965 1535 hujus
984 1484 1153 1519 tractus
1169 1474 1296 1519 tribu

14 1554 16 1557 ’
58 1557 108 1599 el
125 1556 304 1598 Kaclera
331 1553 569 1614 componit
587 1552 769 1596 Forster
803 1550 873 1606 ll,
909 1566 955 1611 p.
983 1551 1088 1605 138,
1114 1550 1295 1594 eodem-

63 1646 152 1691 que
174 1629 314 1675 trahit
334 1627 424 1680 τοὺς
448 1627 696 1690 Κανραΐτας,
721 1641 834 1687 quas
858 1627 1007 1671 Anon.
1036 1626 1208 1686 Peripl.
1232 1642 1292 1671 m.

59 1705 245 1765 Erythr.
280 1721 326 1765 p.
354 1705 440 1760 273
478 1712 720 1758 memorat,
759 1701 840 1746 ubi
869 1697 1107 1763 Καδραΐτας
1127 1702 1296 1759 corrigi

63 1779 178 1827 vult.
208 1778 295 1824 Sed
318 1789 442 1823 tanto
466 1778 685 1822 incertior
705 1792 796 1832 res,
823 1791 963 1836 quum
991 1777 1108 1819 ordo
1141 1776 1295 1819 litera-

64 1870 164 1900 rum
189 1853 310 1916 apud
335 1853 611 1915 Stephanum
640 1852 826 1897 suadeat
854 1866 940 1911 pro
963 1851 1211 1910 Κερδανὶται
1231 1851 1296 1894 le-

58 1930 261 1989 gendum
283 1945 374 1976 esse
402 1929 667 1991 Κερὸανῖται,
689 1927 812 1988 quod
830 1926 1087 1971 Hoeschelio
1112 1937 1297 1971 auctore

65 2005 236 2065 recepit
261 2004 529 2050 Meinekius.
551 2003 612 2048 Ut
632 2014 682 2048 ut
709 2013 793 2057 est,
814 2002 1065 2047 Cardaleon
1091 2002 1217 2059 regio
1242 2018 1298 2045 ex

64 2079 182 2124 serie
199 2080 478 2123 narrationis
495 2079 640 2122 'fuisse
669 2077 803 2121 debet
837 2077 959 2120 circa
983 2079 1072 2124 Bas
1093 2077 1292 2120 Chat-ah.

68 2154 165 2213 (21⁰
187 2152 264 2214 α’).
286 2154 534 2213 Sequentes
571 2153 733 2197 insulae
763 2154 1033 2207 Solanades,
1069 2153 1298 2195 Cachinna

40 2215 104 2271 ⁵*et
123 2231 233 2273 alioe
254 2229 688 2287 Ichthyophagorum
704 2227 981 2287 respondent
1004 2227 1166 2271 insulis
1189 2226 1295 2271 hod.

13 2323 16 2326 >
66 2305 345 2355 Abou-laud,
407 2304 611 2356 Cichran,
668 2304 848 2346 Serrain
896 2302 1149 2360 ceterisque
1197 2317 1297 2360 quae

64 2388 170 2423 sunt
191 2380 239 2422 in
260 2364 357 2433 20⁰,
386 2376 468 2421 ubi
503 2392 608 2437 pars
633 2381 816 2421 Hatemi
855 2375 1293 2436 ichthyophagorum

52 2452 201 2502 ,etiam
226 2467 347 2496 nunc
366 2451 489 2509 degit
513 2451 585 2512 (v.
613 2450 772 2495 Ritter.
796 2449 931 2504 XIII,
953 2466 998 2509 p.
1025 2451 1161 2510 307).
1190 2452 1296 2494 Cla-

64 2543 135 2570 ros
155 2525 339 2571 aliunde
369 2541 462 2569 non
487 2525 622 2580 novi;
650 2528 940 2567 Mammoeum
968 2527 1084 2576 litus,
1115 2526 1189 2567 ubi
1203 2530 1300 2567 auri

65 2603 265 2653 metalla,
285 2609 352 2644 est
370 2599 418 2643 in
428 2599 687 2644 Alilaeorum
705 2600 895 2657 regione
909 2598 1122 2654 aurifera,
1139 2598 1193 2643 de
1210 2615 1299 2659 qua

64 2674 256 2735 exponit
292 2672 665 2732 Agatharchides.
713 2676 966 2717 Mammula
1006 2674 1177 2728 vicum,
1215 2675 1299 2718 etsi

67 2749 211 2808 magis
243 2748 481 2793 meridiem
506 2763 683 2803 versus,
720 2748 857 2791 habet
884 2747 1169 2793 Ptolemaeus.
1214 2750 1299 2793 Ca-

64 2841 245 2869 naunan
288 2829 508 2882 regionem
553 2824 682 2868 facile
719 2824 929 2882 agnoscis
976 2823 1025 2867 in
1075 2823 1300 2869 hodierno

72 2901 212 2946 Wadi
236 2901 424 2944 Canuna
456 2898 552 2961 (19⁰
579 2897 664 2958 12')
691 2910 837 2961 prope
872 2899 1097 2948 Komfoda
1122 2898 1298 2946 urbem.

66 2975 175 3020 Mox
200 2977 364 3020 Casani
386 2976 484 3021 sive
503 2977 666 3018 Gasani
683 2978 798 3034 (var.
815 2972 936 3036 lect.)
957 2984 1062 3019 sunt
1079 2975 1112 3019 Γ
1116 2976 1301 3026 ασανδεῒς

70 3049 434 3109 Agatharchidis.
483 3053 601 3094 Fons
637 3052 809 3095 Coralis
837 3050 896 3095 ,in
929 3049 1084 3094 eadem
1116 3051 1302 3108 regione

58 3126 314 3185 *quaerenda
331 3125 412 3187 ubi
441 3127 636 3179 Corolia,
668 3129 876 3185 oppidum
899 3127 1156 3169 Sabaeorum
1178 3132 1223 3168 in
1253 3130 1303 3169 li-

72 3212 160 3244 tore
180 3205 322 3256 rubro,
351 3201 486 3261 cujus>
506 3202 562 3247 de
579 3201 751 3247 Sabaeis
775 3217 912 3260 agens
933 3201 1116 3247 Plinius
1136 3203 1299 3247 memi-

72 3275 141 3318 nit
157 3276 306 3334 3154.
330 3278 576 3336 Carphatos
597 3277 948 3336 Agatharchides
966 3278 1137 3321 Carbas
1151 3288 1299 3333 vocat,

71 3361 117 3394 et
132 3352 229 3410 ipse
242 3351 420 3398 Plinius
435 3369 492 3397 ex
509 3354 600 3398 alio
620 3355 744 3399 fonte
761 3355 787 3413 5
808 3371 825 3398 1
837 3353 891 3406 54
916 3354 1135 3397 Cerbanos
1151 3355 1302 3399 dicere

74 3426 270 3471 videtur.
296 3427 461 3474 Insulae
485 3433 595 3473 Aleu
620 3432 908 3490 (Alcea.var.
932 3430 1034 3475 lect.
1057 3430 1070 3490 )
1101 3431 1150 3475 in
1184 3432 1302 3475 Ara-

72 3501 180 3544 bico
207 3501 341 3546 litore
377 3516 471 3548 ‘non
498 3506 628 3562 novi,
661 3506 740 3550 sed
768 3515 896 3551 erant
922 3507 972 3550 in
1004 3505 1183 3565 objecta
1221 3523 1304 3552 ora

74 3576 249 3635 Libyca
291 3577 522 3638 (archipel
540 3584 778 3625 de-Dalac.
809 3582 843 3642 ).
879 3582 997 3626 Num
1024 3593 1191 3627 temere
1214 3583 1303 3629 huc

73 3668 148 3696 eas
183 3653 320 3697 traxit
352 3655 559 3701 Plinius?
598 3658 862 3704 Harduinus
900 3660 1086 3720 scripsit
1119 3663 1299 3716 Caloeu,

75 3727 196 3786 quod
220 3727 315 3784 ejus
358 3730 559 3774 nominis
584 3730 755 3777 insulas
775 3733 826 3778 in
848 3737 1024 3778 Persico
1046 3735 1151 3779 sinu
1171 3736 1304 3781 habet

71 3804 402 3862 Anonymusin
421 3803 588 3864 Peripl.
610 3821 722 3851 mar.
736 3807 918 3867 Erythr.
934 3826 980 3870 p.
997 3805 1177 3861 284‘.—
1190 3811 1302 3855 Cum

2414 216 2572 252 Lxxnt

1358 270 1655 316 Amnametho
1697 289 1974 333 componere
2026 278 2151 334 licet,
2209 287 2356 340 quoad
2396 306 2573 350 nomen,

1357 348 1506 388 Amna
1531 346 1742 406 insulam,
1770 364 1862 392 non
1883 349 2015 407 longe
2042 367 2067 394 a
2094 355 2260 397 Ghisan
2286 358 2396 403 urbe
2428 365 2572 414 sitam,

1359 420 1528 462 Dat-ras
1549 431 1767 465 memorat
1786 421 2081 477 Ptolemaeus,
2108 426 2185 468 sed
2210 427 2255 469 in
2273 428 2441 478 boreali
2458 440 2582 483 sinus

1358 504 1500 553 parte.
1527 494 1563 538 E
1600 497 1898 555 sequentibus
1922 502 2108 542 Amnum
2133 500 2299 546 flumen
2317 508 2585 562 pertinuerit

1359 567 1415 611 ad
1432 571 1586 611 Mersa
1615 573 1736 613 Ama
1771 572 1785 630 (
1813 573 1888 615 180
1922 571 2038 631 30').
2074 573 2125 617 ln
2164 574 2317 619 eadem
2353 578 2586 627 latitudine

1359 643 1509 701 posita
1530 646 1689 686 Dor-ich
1726 645 1876 690 insula
1904 664 2005 692 cum
2035 649 2163 703 aliis,
2192 649 2247 693 ad
2271 667 2382 710 quas
2413 657 2590 699 Doricus

1358 716 1801 763 Plinianasreferas.
1825 747 1885 753 ——
1906 724 2061 766 Pteros
2085 723 2238 767 forsan
2262 723 2482 773 hodierna
2509 732 2589 773 Tc-

1359 810 1442 836 ran
1465 793 1564 852 (17⁰
1590 792 1696 853 10‘);
1718 797 1961 839 Labatanis
1976 800 2070 841 sive
2093 801 2286 842 Labanis
2312 801 2434 860 (var.
2460 805 2588 868 lect.)

1359 867 1582 912 hodierna
1609 871 1824 913 Hacbane
1846 869 1986 932 (17⁰);
2014 873 2194 916 Caboris
2216 889 2324 918 vero
2341 875 2447 920 hod.
2476 882 2590 922 Far-

1358 962 1440 989 san
1477 949 1626 1000 Kebir,
1650 947 1699 991 in
1730 946 1915 991 arabico
1950 948 2084 993 litore
2116 949 2265 994 insula
2288 954 2496 1000 maxima.
2527 957 2593 1000 De

1360 1023 1679 1065 Sambrachate
1709 1021 1824 1066 nihil
1860 1022 2087 1082 suspicor.
2133 1023 2254 1068 Inter
2285 1026 2455 1072 insulas
2492 1046 2593 1088 quae

1359 1096 1468 1144 hinc
1488 1113 1647 1142 versus
1686 1097 1922 1142 meridiem
1952 1108 2070 1154 sunt,
2093 1101 2287 1144 maxima
2319 1117 2438 1154 nunc
2470 1106 2594 1150 audit

1366 1175 1616 1228 Cmnaran,
1660 1173 1814 1216 Plinio
1855 1183 1923 1218 est
1956 1176 2162 1230 Camari,
2201 1175 2473 1238 Geographo
2510 1181 2591 1225 lia-

1365 1265 1500 1294 venn.
1524 1248 1587 1307 11,
1607 1250 1632 1292 6
1656 1251 1894 1303 Camarum
1916 1250 2159 1295 Ptolemaeo
2180 1253 2325 1297 minus
2338 1265 2454 1299 recte
2474 1258 2592 1317 Καρ-

1366 1323 1516 1382 δαμίνη
1530 1341 1542 1379 ;
1566 1323 1800 1369 Hecataeus
1821 1325 2071 1386 ap.-Steph.
2096 1327 2145 1373 Β.
2163 1327 2276 1371 hanc
2296 1338 2339 1372 et
2362 1331 2590 1388 proximas

1360 1401 1564 1445 minores
1588 1411 1721 1445 vocat
1761 1401 2037 1463 Καμαρηνοὺς
2074 1402 2235 1457 νήσους.
2274 1429 2338 1438 -
2370 1408 2590 1451 Musecros

1361 1473 1727 1535 probabiliter-est
1738 1485 1914 1521 torrens
1935 1478 2014 1536 qui
2034 1478 2201 1522 exit-ad
2237 1481 2329 1522 Ras
2349 1481 2587 1536 Mussarib,

1360 1561 1463 1610 post
1485 1566 1618 1610 quem
1643 1567 1752 1596 mox
1774 1553 1974 1599 occurrit
1995 1554 2163 1597 Lohaia
2185 1565 2342 1614 portus
2369 1557 2423 1600 ad
2453 1560 2595 1601 Wadi

1363 1629 1478 1680 Laa‚·
1501 1627 1539 1672 is
1557 1629 1616 1672 sit
1637 1632 1812 1687 Laupas
1821 1640 1971 1687 portus
1986 1629 2142 1674 Plinii.
2160 1630 2224 1674 De
2238 1635 2363 1675 Acila
2380 1634 2450 1677 vel
2468 1633 2591 1678 Oceli

1362 1712 1550 1746 constat.
1592 1702 1646 1746 Et
1689 1703 1782 1748 haec
1818 1704 2002 1763 quidem
2040 1704 2270 1749 hactenus.
2308 1705 2589 1766 Quamquam

1361 1777 1542 1834 singula
1564 1793 1755 1838 quaeque
1779 1779 1946 1824 certius
1970 1779 2162 1823 delinire
2184 1780 2231 1823 in
2253 1781 2476 1840 scriptore
2510 1798 2587 1842 pa-

1361 1867 1461 1895 rum
1481 1862 1689 1896 accurato
1717 1869 1808 1896 non
1832 1853 1991 1913 potui,
2019 1855 2127 1898 satis
2152 1854 2291 1898 multa
2323 1864 2470 1899 tamen
2492 1872 2592 1917 sup-

1362 1926 1586 1985 peditasse
1609 1939 1737 1989 puto,
1755 1945 1854 1987 quae
1875 1929 2056 1973 abunde
2072 1929 2267 1989 probent
2291 1931 2401 1990 quid
2421 1932 2476 1975 de
2498 1943 2589 1977 toto

1362 2002 1450 2045 isto
1469 2002 1693 2047 Plinianae
1714 2004 2002 2064 geographiae
2029 2005 2175 2064 capite
2203 2005 2484 2049 statuendum
2511 2008 2585 2052 sit.

1429 2077 1806 2130 104.E01T10NEs:
1830 2097 1869 2122 1.
1887 2079 1964 2125 Ἐκ
1977 2081 2054 2123 τῶν
2069 2076 2263 2134 Κτησίού,
2279 2079 2587 2141 Ἄγαθαρχίδου,

1363 2152 1572 2211 Μέμνονος
1604 2157 1816 2215 ἱστορικῶν
1854 2155 2035 2215 ἐκλογαί.
2063 2154 2285 2200 Ἀππιανοῧ
2314 2155 2496 2217 Ἰὅηρικὴ
2522 2157 2589 2201 καὶ

1363 2227 1643 2283 Ἀννιὸαλική.
1667 2233 1739 2272 Ex
1765 2230 1933 2283 Ctesia,
1970 2232 2308 2288 Agatharchide
2322 2263 2335 2285 ,
2357 2234 2590 2276 Memnone

1360 2313 1582 2364 excerptae
1604 2304 1812 2347 lzislorioe.
1836 2307 2066 2362 Appiani]
2072 2302 2232 2358 berica,
2258 2309 2360 2347 item
2380 2307 2435 2347 de
2452 2311 2586 2360 gestis

1360 2380 1606 2422 Annibalis.
1644 2380 1802 2420 Omnia
1842 2393 1956 2419 nunc
1983 2384 2174 2435 primum
2208 2381 2326 2421 edita
2365 2378 2583 2440 (graece).

1363 2454 1471 2496 Cum
1512 2454 1688 2496 Hemicz·
1716 2453 1935 2511 Stephani
1979 2455 2349 2511 castigationibus.
2384 2457 2458 2497 Ea·
2495 2454 2584 2510 oss.

1361 2530 1538 2571 Henrici
1591 2529 1807 2587 Stephani
1853 2531 2116 2572 Parisiensis
2163 2530 2440 2588 typographi.
2499 2535 2584 2577 Αη.

1361 2604 1608 2654 MDLVII,
1637 2603 1700 2647 8⁰.

1429 2692 1473 2722 2.
1512 2676 1861 2735 Agatharcleidis
1909 2687 1955 2719 et
1996 2678 2245 2719 Memnonis
2291 2677 2588 2721 historicorum

1364 2769 1464 2811 quoe
1479 2763 1710 2810 supersunt
1723 2739 1887 2807 omn-ia,
1914 2769 1939 2795 e
1958 2754 2113 2796 Groeco
2126 2759 2226 2808 sam
2241 2769 2389 2796 recens
2408 2759 2452 2797 in
2469 2758 2589 2798 Lati-

1364 2845 1466 2872 num
1493 2831 1694 2872 traducta
1714 2845 1799 2887 per
1824 2830 1948 2874 Rich.
1973 2833 2194 2883 Breucum,
2226 2831 2533 2883 OxoMenscm,
2568 2848 2592 2874 e

1372 2905 1569 2962 Collegio
1596 2907 1794 2950 Lincoln.
1834 2907 2038 2949 Oxonioe.
2065 2906 2138 2947 Ex
2169 2902 2353 2961 officina
2383 2915 2592 2962 typogra-

1358 2982 1495 3039 phica
1517 2982 1700 3040 Joseplzi
1716 2984 1935 3024 Bar-nesii.
1960 2980 2094 3039 1597.
2134 2981 2225 3025 16⁰.

1431 3055 1533 3099 3-5.
1563 3055 1617 3099 In
1647 3055 1800 3100 Photii
1833 3054 2113 3099 editionibus
2144 3054 2456 3098 Iloescheliana
2477 3055 2488 3112 (
2507 3054 2593 3098 Au-

1366 3141 1483 3189 gust.
1525 3130 1706 3175 Vindel.
1745 3131 1855 3173 1601
1900 3129 1975 3174 fol.
1996 3130 2029 3188 )‚
2076 3128 2332 3172 Schottiana
2365 3130 2377 3188 (
2400 3129 2592 3172 Gencvae

1372 3205 1484 3248 1611
1512 3204 1588 3248 sol.
1608 3202 1619 3264 )
1640 3215 1684 3248 et
1709 3203 2057 3261 Rothomagensi
2078 3203 2211 3262 (1653
2235 3203 2341 3261 fol.).

1431 3280 1537 3335 6-7.
1559 3279 1611 3323 In
1638 3278 1841 3322 Hudsoni
1860 3278 2025 3335 Geogr.
2040 3278 2151 3320 min.
2175 3287 2281 3321 tom.
2304 3276 2341 3333 Ι,
2358 3278 2462 3321 etin
2487 3293 2592 3335 geo-

1367 3354 1524 3414 graph.
1567 3355 1678 3398 min.
1726 3352 1942 3396 editionis
1980 3351 2343 3395 vindobonensis
2387 3361 2494 3396 tom.
2548 3351 2591 3409 1,

1367 3447 1410 3492 p.
1437 3447 1517 3489 191
1542 3445 1643 3489 sqq.
1668 3428 1854 3472 Accedit
1886 3428 1934 3472 in
1961 3427 2067 3472 edit.
2094 3426 2236 3472 Huds.
2264 3426 2484 3471 Dodwelli
2511 3429 2595 3468 dis-

1365 3511 1544 3549 sertatio
1563 3508 1790 3549 ostendens
1812 3516 1979 3562 tempus
2000 3521 2081 3562 quo
2103 3506 2158 3547 de
2177 3508 2292 3546 mari
2305 3505 2433 3546 rubro
2455 3506 2530 3545 vel
2542 3505 2594 3544 de

1364 3587 1568 3643 gentibus
1595 3588 1740 3642 potius
1769 3583 2121 3625 meridionalibus
2161 3585 2332 3638 scripsit
2376 3581 2590 3636 Agathar-

1366 3661 1534 3705 chides.

1433 3737 1474 3782 8.
1520 3737 1574 3781 l'n
1617 3734 1771 3779 Photii
1813 3733 2023 3778 veditione
2060 3732 2347 3776 Belzkeriana.
2390 3730 2584 3773 Berolin.

1374 3812 1508 3862 1824.
1537 3818 1578 3864 4.

122 3927 170 3973 (*)
193 3931 294 3965 Arsoe
324 3929 383 3966 isti
409 3930 486 3967 sive
513 3933 618 3968 Orsoe
650 3934 874 3980 respondent
893 3921 1080 3975 hodiernis
1114 3938 1290 3976 Hurrub.
1311 3939 1368 3976 vel
1396 3938 1520 3985 Harb,
1542 3937 1744 3985 dequibus
1769 3936 1819 3973 ita
1847 3935 2031 3982 Moresby.
2053 3949 2062 3971 ι
2087 3949 2104 3966 «ι
2133 3932 2261 3970 Jebbel
2282 3928 2453 3968 Sonhhah
2480 3928 2507 3963 is
2529 3926 2592 3963 the

71 3982 287 4030 stronghold
307 3985 350 4022 of
365 3985 427 4022 the
448 3986 599 4023 Hui-rub
617 3987 818 4036 BedouinS,
836 4000 859 4027 a
879 3991 989 4038 tribe,
1009 3993 1138 4031 whose
1163 3994 1400 4032 characteris
1421 3993 1629 4041 proverbial
1646 3991 1877 4038 throughout
1895 3990 1957 4026 the
1972 4000 2032 4026 sea
2049 3989 2105 4024 for
2122 3988 2273 4032 ferocity
2294 3984 2363 4021 and
2382 3982 2590 4027 treachery.

73 4036 134 4074 Cf.
158 4039 303 4077 Forster
321 4041 345 4079 Ι.
369 4041 394 4079 Ι.
424 4044 469 4087 ΙΙ,
499 4052 533 4089 p.
566 4046 644 4080 139.
667 4045 808 4081 norum
833 4055 916 4094 pars
941 4047 1000 4084 vel
1020 4051 1156 4094 aparte
1175 4060 1305 4087 eorum
1326 4052 1404 4088 tota
1420 4058 1507 4096 gens
1528 4049 1685 4085 vocatur
1704 4046 1903 4094 Κανραίται
1921 4055 1979 4092 ap.
2004 4047 2122 4080 Anon.
2142 4041 2275 4088 Peripl.
2301 4050 2351 4076 m.
2368 4041 2426 4075 Er.
2452 4047 2486 4085 p.
2507 4041 2591 4074 273.
