<?xml version="1.0" encoding="UTF-8"?>
<!DOCTYPE html PUBLIC "-//W3C//DTD XHTML 1.0 Transitional//EN"
    "http://www.w3.org/TR/xhtml1/DTD/xhtml1-transitional.dtd">
<html xmlns="http://www.w3.org/1999/xhtml" xml:lang="en" lang="en">
 <head>
  <title>
</title>
<meta http-equiv="Content-Type" content="text/html;charset=utf-8" />
  <meta name='ocr-system' content='tesseract 3.04.00' />
  <meta name='ocr-capabilities' content='ocr_page ocr_carea ocr_par ocr_line ocrx_word'/>
</head>
<body>
  <div class='ocr_page' id='page_1' title='image "./geographigraeci00mueluoft_0330.png"; bbox 0 0 2782 4348; ppageno 0'>
   <div class='ocr_carea' id='block_1_1' title="bbox 180 0 799 273">
    <p class='ocr_par' dir='ltr' id='par_1_1' title="bbox 180 0 799 273">
     <span class='ocr_line' id='line_1_1' title="bbox 480 0 799 55; baseline -0.013 0"><span class='ocrx_word' id='word_1_1' title='bbox 480 0 530 55; x_wconf 74' lang='lat'>0.</span> <span class='ocrx_word' id='word_1_2' title='bbox 791 50 799 51; x_wconf 12' lang='lat' dir='ltr'>a</span> 
     </span>
     <span class='ocr_line' id='line_1_2' title="bbox 694 85 740 131; baseline 0 0"><span class='ocrx_word' id='word_1_3' title='bbox 694 85 740 131; x_wconf 67' lang='grc' dir='ltr'><em>Ο</em></span> 
     </span>
     <span class='ocr_line' id='line_1_3' title="bbox 180 221 559 273; baseline 0 -10"><span class='ocrx_word' id='word_1_4' title='bbox 180 221 268 263; x_wconf 80' lang='lat'>1⁴12</span> <span class='ocrx_word' id='word_1_5' title='bbox 514 227 559 273; x_wconf 64' lang='grc' dir='ltr'>ο</span> 
     </span>
    </p>
   </div>
   <div class='ocr_carea' id='block_1_2' title="bbox 50 302 1409 510">
    <p class='ocr_par' dir='ltr' id='par_1_2' title="bbox 50 302 1409 510">
     <span class='ocr_line' id='line_1_4' title="bbox 50 302 1408 372; baseline -0.015 -7"><span class='ocrx_word' id='word_1_6' title='bbox 50 326 168 367; x_wconf 77' lang='lat' dir='ltr'>Phot.</span> <span class='ocrx_word' id='word_1_7' title='bbox 178 314 310 363; x_wconf 71' lang='grc' dir='ltr'>δοῦσα</span> <span class='ocrx_word' id='word_1_8' title='bbox 325 315 408 368; x_wconf 80' lang='grc' dir='ltr'>τοῖς</span> <span class='ocrx_word' id='word_1_9' title='bbox 425 313 652 359; x_wconf 78' lang='grc' dir='ltr'>ἀνοιδοῦσιν</span> <span class='ocrx_word' id='word_1_10' title='bbox 669 307 877 372; x_wconf 72' lang='grc' dir='ltr'>αἰφνιδίως</span> <span class='ocrx_word' id='word_1_11' title='bbox 892 307 940 351; x_wconf 68' lang='grc' dir='ltr'>ἐκ</span> <span class='ocrx_word' id='word_1_12' title='bbox 953 307 1027 360; x_wconf 70' lang='grc' dir='ltr'>τῆς</span> <span class='ocrx_word' id='word_1_13' title='bbox 1037 302 1245 359; x_wconf 86' lang='grc' dir='ltr'>θαλάττης</span> <span class='ocrx_word' id='word_1_14' title='bbox 1258 303 1408 366; x_wconf 71' lang='grc' dir='ltr'>ὄγκοις·</span> 
     </span>
     <span class='ocr_line' id='line_1_5' title="bbox 176 371 1409 444; baseline -0.008 -13"><span class='ocrx_word' id='word_1_15' title='bbox 176 383 282 431; x_wconf 64' lang='grc' dir='ltr'>ἀπὸν</span> <span class='ocrx_word' id='word_1_16' title='bbox 302 383 345 430; x_wconf 80' lang='grc' dir='ltr'>δὲ</span> <span class='ocrx_word' id='word_1_17' title='bbox 373 382 481 444; x_wconf 79' lang='grc' dir='ltr'>λήγῃ</span> <span class='ocrx_word' id='word_1_18' title='bbox 510 380 565 427; x_wconf 75' lang='grc' dir='ltr'>τὰ</span> <span class='ocrx_word' id='word_1_19' title='bbox 588 383 661 435; x_wconf 74' lang='grc' dir='ltr'>τῆς</span> <span class='ocrx_word' id='word_1_20' title='bbox 679 380 856 442; x_wconf 66' lang='grc' dir='ltr'>τροφῆς,</span> <span class='ocrx_word' id='word_1_21' title='bbox 888 373 1015 434; x_wconf 80' lang='grc' dir='ltr'>μυρία</span> <span class='ocrx_word' id='word_1_22' title='bbox 1041 371 1117 432; x_wconf 77' lang='grc' dir='ltr'>μὲν</span> <span class='ocrx_word' id='word_1_23' title='bbox 1139 373 1409 438; x_wconf 74' lang='grc' dir='ltr'>ἀναδέχονται</span> 
     </span>
     <span class='ocr_line' id='line_1_6' title="bbox 174 440 1409 510; baseline -0.01 -10"><span class='ocrx_word' id='word_1_24' title='bbox 174 453 311 510; x_wconf 86' lang='grc' dir='ltr'>πάθη,</span> <span class='ocrx_word' id='word_1_25' title='bbox 333 452 445 504; x_wconf 73' lang='grc' dir='ltr'>τέλος</span> <span class='ocrx_word' id='word_1_26' title='bbox 462 451 750 496; x_wconf 74' lang='grc' dir='ltr'>ἀναλίσκονται</span> <span class='ocrx_word' id='word_1_27' title='bbox 773 443 921 494; x_wconf 84' lang='grc' dir='ltr'>πάντες</span> <span class='ocrx_word' id='word_1_28' title='bbox 938 441 965 498; x_wconf 81' lang='grc' dir='ltr'>ἢ</span> <span class='ocrx_word' id='word_1_29' title='bbox 985 443 1097 504; x_wconf 80' lang='grc' dir='ltr'>λιμῷ</span> <span class='ocrx_word' id='word_1_30' title='bbox 1118 440 1147 498; x_wconf 68' lang='grc' dir='ltr'>ἢ</span> <span class='ocrx_word' id='word_1_31' title='bbox 1165 443 1264 503; x_wconf 75' lang='grc' dir='ltr'>(τοῦ</span> <span class='ocrx_word' id='word_1_32' title='bbox 1285 445 1409 505; x_wconf 77' lang='grc' dir='ltr'>λιμοῦ</span> 
     </span>
    </p>
   </div>
   <div class='ocr_carea' id='block_1_3' title="bbox 51 572 1415 1696">
    <p class='ocr_par' dir='ltr' id='par_1_3' title="bbox 51 572 1411 987">
     <span class='ocr_line' id='line_1_7' title="bbox 51 572 1410 646; baseline -0.007 -14"><span class='ocrx_word' id='word_1_33' title='bbox 51 593 166 636; x_wconf 75' lang='lat' dir='ltr'>Diod.</span> <span class='ocrx_word' id='word_1_34' title='bbox 179 586 216 631; x_wconf 82' lang='grc' dir='ltr'>δ’</span> <span class='ocrx_word' id='word_1_35' title='bbox 234 585 339 645; x_wconf 77' lang='grc' dir='ltr'>αὐτῇ</span> <span class='ocrx_word' id='word_1_36' title='bbox 356 599 455 646; x_wconf 73' lang='grc' dir='ltr'>φασι</span> <span class='ocrx_word' id='word_1_37' title='bbox 478 576 719 638; x_wconf 79' lang='grc' dir='ltr'>συμὸαίνειν</span> <span class='ocrx_word' id='word_1_38' title='bbox 740 577 785 620; x_wconf 85' lang='grc' dir='ltr'>οὗ</span> <span class='ocrx_word' id='word_1_39' title='bbox 801 573 868 620; x_wconf 78' lang='grc' dir='ltr'>διὰ</span> <span class='ocrx_word' id='word_1_40' title='bbox 884 572 932 620; x_wconf 77' lang='grc' dir='ltr'>τὸ</span> <span class='ocrx_word' id='word_1_41' title='bbox 948 572 1026 631; x_wconf 68' lang='grc' dir='ltr'>τὴν</span> <span class='ocrx_word' id='word_1_42' title='bbox 1039 577 1122 621; x_wconf 77' lang='grc' dir='ltr'>τῶν</span> <span class='ocrx_word' id='word_1_43' title='bbox 1138 578 1272 640; x_wconf 73' lang='grc' dir='ltr'>ὑγρῶν</span> <span class='ocrx_word' id='word_1_44' title='bbox 1288 576 1410 640; x_wconf 81' lang='grc' dir='ltr'>φύσιν</span> 
     </span>
     <span class='ocr_line' id='line_1_8' title="bbox 135 643 1410 710; baseline -0.005 -10"><span class='ocrx_word' id='word_1_45' title='bbox 135 673 157 703; x_wconf 85' lang='lat' dir='ltr'>s</span> <span class='ocrx_word' id='word_1_46' title='bbox 178 646 282 700; x_wconf 76' lang='grc' dir='ltr'>εἶναι</span> <span class='ocrx_word' id='word_1_47' title='bbox 315 648 522 704; x_wconf 75' lang='grc' dir='ltr'>τοιαύτην,</span> <span class='ocrx_word' id='word_1_48' title='bbox 558 645 666 692; x_wconf 81' lang='grc' dir='ltr'>ἀλλὰ</span> <span class='ocrx_word' id='word_1_49' title='bbox 704 643 772 690; x_wconf 78' lang='grc' dir='ltr'>διὰ</span> <span class='ocrx_word' id='word_1_50' title='bbox 793 644 840 689; x_wconf 79' lang='grc' dir='ltr'>τὸ</span> <span class='ocrx_word' id='word_1_51' title='bbox 864 645 1020 701; x_wconf 76' lang='grc' dir='ltr'>πλῆθος</span> <span class='ocrx_word' id='word_1_52' title='bbox 1040 649 1112 692; x_wconf 74' lang='grc' dir='ltr'>τοῦ</span> <span class='ocrx_word' id='word_1_53' title='bbox 1136 646 1410 710; x_wconf 66' lang='grc' dir='ltr'>διαφαινομέ-</span> 
     </span>
     <span class='ocr_line' id='line_1_9' title="bbox 174 712 1411 777; baseline -0.003 -10"><span class='ocrx_word' id='word_1_54' title='bbox 174 740 245 768; x_wconf 87' lang='grc' dir='ltr'>νου</span> <span class='ocrx_word' id='word_1_55' title='bbox 265 722 355 766; x_wconf 82' lang='grc' dir='ltr'>καθ“</span> <span class='ocrx_word' id='word_1_56' title='bbox 375 717 520 767; x_wconf 77' lang='grc' dir='ltr'>ὕδατος</span> <span class='ocrx_word' id='word_1_57' title='bbox 543 715 662 775; x_wconf 81' lang='grc' dir='ltr'>μνίου</span> <span class='ocrx_word' id='word_1_58' title='bbox 684 713 756 760; x_wconf 78' lang='grc' dir='ltr'>καὶ</span> <span class='ocrx_word' id='word_1_59' title='bbox 775 713 943 777; x_wconf 78' lang='grc' dir='ltr'>φύκους.</span> <span class='ocrx_word' id='word_1_60' title='bbox 1010 716 1117 768; x_wconf 82' lang='grc' dir='ltr'>Ταῖς</span> <span class='ocrx_word' id='word_1_61' title='bbox 1135 715 1210 777; x_wconf 77' lang='grc' dir='ltr'>μὲν</span> <span class='ocrx_word' id='word_1_62' title='bbox 1229 712 1299 763; x_wconf 75' lang='grc' dir='ltr'>οὖν</span> <span class='ocrx_word' id='word_1_63' title='bbox 1318 719 1411 763; x_wconf 67' lang='lat' dir='ltr'>lm·</span> 
     </span>
     <span class='ocr_line' id='line_1_10' title="bbox 173 783 1409 847; baseline 0 -15"><span class='ocrx_word' id='word_1_64' title='bbox 173 790 326 839; x_wconf 75' lang='grc' dir='ltr'>χώποις</span> <span class='ocrx_word' id='word_1_65' title='bbox 345 790 425 831; x_wconf 82' lang='grc' dir='ltr'>τῶν</span> <span class='ocrx_word' id='word_1_66' title='bbox 455 787 556 831; x_wconf 81' lang='grc' dir='ltr'>νεῶν</span> <span class='ocrx_word' id='word_1_67' title='bbox 579 783 739 836; x_wconf 83' lang='grc' dir='ltr'>εὔθετός</span> <span class='ocrx_word' id='word_1_68' title='bbox 775 784 886 830; x_wconf 74' lang='grc' dir='ltr'>ἐστιν</span> <span class='ocrx_word' id='word_1_69' title='bbox 908 785 932 829; x_wconf 85' lang='grc' dir='ltr'>δ</span> <span class='ocrx_word' id='word_1_70' title='bbox 951 783 1098 842; x_wconf 80' lang='grc' dir='ltr'>τόπος,</span> <span class='ocrx_word' id='word_1_71' title='bbox 1122 784 1315 832; x_wconf 76' lang='grc' dir='ltr'>κλύδωνα</span> <span class='ocrx_word' id='word_1_72' title='bbox 1335 785 1409 847; x_wconf 67' lang='grc' dir='ltr'>μὲν</span> 
     </span>
     <span class='ocr_line' id='line_1_11' title="bbox 173 852 1411 918; baseline -0.002 -14"><span class='ocrx_word' id='word_1_73' title='bbox 173 859 247 904; x_wconf 76' lang='grc' dir='ltr'>οὐκ</span> <span class='ocrx_word' id='word_1_74' title='bbox 265 859 312 902; x_wconf 78' lang='grc' dir='ltr'>ἐκ</span> <span class='ocrx_word' id='word_1_75' title='bbox 341 857 494 901; x_wconf 84' lang='grc' dir='ltr'>πολλοῦ</span> <span class='ocrx_word' id='word_1_76' title='bbox 526 853 679 899; x_wconf 80' lang='grc' dir='ltr'>κυλίων</span> <span class='ocrx_word' id='word_1_77' title='bbox 699 852 1007 915; x_wconf 84' lang='grc' dir='ltr'>διαστήματος,</span> <span class='ocrx_word' id='word_1_78' title='bbox 1029 853 1159 918; x_wconf 80' lang='grc' dir='ltr'>Θήρας</span> <span class='ocrx_word' id='word_1_79' title='bbox 1190 855 1226 900; x_wconf 83' lang='grc' dir='ltr'>δ’</span> <span class='ocrx_word' id='word_1_80' title='bbox 1258 854 1411 918; x_wconf 85' lang='grc' dir='ltr'>ἰχθύων</span> 
     </span>
     <span class='ocr_line' id='line_1_12' title="bbox 173 921 1411 987; baseline -0.002 -14"><span class='ocrx_word' id='word_1_81' title='bbox 173 926 381 976; x_wconf 87' lang='grc' dir='ltr'>ἀπλάτους</span> <span class='ocrx_word' id='word_1_82' title='bbox 396 923 692 986; x_wconf 78' lang='grc' dir='ltr'>παρεχόμενος·</span> <span class='ocrx_word' id='word_1_83' title='bbox 710 925 753 969; x_wconf 80' lang='grc' dir='ltr'>αἱ</span> <span class='ocrx_word' id='word_1_84' title='bbox 769 921 812 968; x_wconf 78' lang='grc' dir='ltr'>δὲ</span> <span class='ocrx_word' id='word_1_85' title='bbox 829 921 922 975; x_wconf 76' lang='grc' dir='ltr'>τοὺς</span> <span class='ocrx_word' id='word_1_86' title='bbox 943 923 1168 987; x_wconf 69' lang='grc' dir='ltr'>ἐλέφαντας</span> <span class='ocrx_word' id='word_1_87' title='bbox 1180 924 1411 986; x_wconf 79' lang='grc' dir='ltr'>διάγουσαι,</span> 
     </span>
    </p>

    <p class='ocr_par' dir='ltr' id='par_1_4' title="bbox 114 992 1415 1696">
     <span class='ocr_line' id='line_1_13' title="bbox 114 992 1412 1057; baseline -0.002 -14"><span class='ocrx_word' id='word_1_88' title='bbox 114 1012 153 1043; x_wconf 83' lang='grc' dir='ltr'>ιο</span> <span class='ocrx_word' id='word_1_89' title='bbox 174 995 240 1043; x_wconf 80' lang='grc' dir='ltr'>διὰ</span> <span class='ocrx_word' id='word_1_90' title='bbox 262 995 314 1041; x_wconf 84' lang='grc' dir='ltr'>τὰ</span> <span class='ocrx_word' id='word_1_91' title='bbox 353 993 462 1057; x_wconf 79' lang='grc' dir='ltr'>βάρη</span> <span class='ocrx_word' id='word_1_92' title='bbox 501 993 729 1056; x_wconf 85' lang='grc' dir='ltr'>βαθύπλοοι</span> <span class='ocrx_word' id='word_1_93' title='bbox 761 995 1022 1040; x_wconf 80' lang='grc' dir='ltr'>καθεστῶσαι</span> <span class='ocrx_word' id='word_1_94' title='bbox 1056 992 1126 1040; x_wconf 75' lang='grc' dir='ltr'>καὶ</span> <span class='ocrx_word' id='word_1_95' title='bbox 1154 1000 1245 1047; x_wconf 87' lang='grc' dir='ltr'>ταῖς</span> <span class='ocrx_word' id='word_1_96' title='bbox 1275 1013 1412 1041; x_wconf 84' lang='grc' dir='ltr'>κατα-</span> 
     </span>
     <span class='ocr_line' id='line_1_14' title="bbox 174 1062 1414 1127; baseline -0.002 -14"><span class='ocrx_word' id='word_1_97' title='bbox 174 1070 340 1117; x_wconf 83' lang='grc' dir='ltr'>σκευαῖς</span> <span class='ocrx_word' id='word_1_98' title='bbox 358 1063 579 1126; x_wconf 73' lang='grc' dir='ltr'>ἐμὸριθεῗς,</span> <span class='ocrx_word' id='word_1_99' title='bbox 597 1064 802 1125; x_wconf 78' lang='grc' dir='ltr'>μεγάλους</span> <span class='ocrx_word' id='word_1_100' title='bbox 817 1062 889 1109; x_wconf 80' lang='grc' dir='ltr'>καὶ</span> <span class='ocrx_word' id='word_1_101' title='bbox 907 1062 1059 1116; x_wconf 79' lang='grc' dir='ltr'>δεινοὺς</span> <span class='ocrx_word' id='word_1_102' title='bbox 1077 1063 1316 1127; x_wconf 72' lang='grc' dir='ltr'>ἐπιφέρουσι</span> <span class='ocrx_word' id='word_1_103' title='bbox 1333 1082 1414 1111; x_wconf 86' lang='grc' dir='ltr'>κιν-</span> 
     </span>
     <span class='ocr_line' id='line_1_15' title="bbox 174 1131 1411 1197; baseline -0.002 -15"><span class='ocrx_word' id='word_1_104' title='bbox 174 1134 314 1187; x_wconf 90' lang='grc' dir='ltr'>δύνους</span> <span class='ocrx_word' id='word_1_105' title='bbox 347 1139 432 1186; x_wconf 89' lang='grc' dir='ltr'>τοῖς</span> <span class='ocrx_word' id='word_1_106' title='bbox 459 1134 501 1179; x_wconf 72' lang='grc' dir='ltr'>ἐν</span> <span class='ocrx_word' id='word_1_107' title='bbox 526 1133 669 1185; x_wconf 79' lang='grc' dir='ltr'>αὐταῖς</span> <span class='ocrx_word' id='word_1_108' title='bbox 700 1132 888 1180; x_wconf 82' lang='grc' dir='ltr'>πλέουσι.</span> <span class='ocrx_word' id='word_1_109' title='bbox 954 1131 1127 1196; x_wconf 87' lang='grc' dir='ltr'>Διάρσει</span> <span class='ocrx_word' id='word_1_110' title='bbox 1159 1131 1240 1197; x_wconf 78' lang='grc' dir='ltr'>γὰρ</span> <span class='ocrx_word' id='word_1_111' title='bbox 1270 1133 1411 1180; x_wconf 76' lang='grc' dir='ltr'>ἱστίων</span> 
     </span>
     <span class='ocr_line' id='line_1_16' title="bbox 173 1201 1412 1266; baseline -0.002 -14"><span class='ocrx_word' id='word_1_112' title='bbox 173 1205 366 1261; x_wconf 80' lang='grc' dir='ltr'>θέουσαι,</span> <span class='ocrx_word' id='word_1_113' title='bbox 390 1202 463 1250; x_wconf 81' lang='grc' dir='ltr'>καὶ</span> <span class='ocrx_word' id='word_1_114' title='bbox 499 1202 567 1250; x_wconf 77' lang='grc' dir='ltr'>διὰ</span> <span class='ocrx_word' id='word_1_115' title='bbox 588 1201 663 1259; x_wconf 81' lang='grc' dir='ltr'>τὴν</span> <span class='ocrx_word' id='word_1_116' title='bbox 687 1205 768 1249; x_wconf 86' lang='grc' dir='ltr'>τῶν</span> <span class='ocrx_word' id='word_1_117' title='bbox 804 1202 1051 1263; x_wconf 78' lang='grc' dir='ltr'>πνευμάτων</span> <span class='ocrx_word' id='word_1_118' title='bbox 1086 1202 1180 1266; x_wconf 83' lang='grc' dir='ltr'>βίαν</span> <span class='ocrx_word' id='word_1_119' title='bbox 1212 1203 1412 1258; x_wconf 81' lang='grc' dir='ltr'>πολλάκις</span> 
     </span>
     <span class='ocr_line' id='line_1_17' title="bbox 172 1270 1412 1337; baseline -0.001 -17"><span class='ocrx_word' id='word_1_120' title='bbox 172 1274 317 1327; x_wconf 79' lang='grc' dir='ltr'>νυκτὸς</span> <span class='ocrx_word' id='word_1_121' title='bbox 339 1270 597 1334; x_wconf 77' lang='grc' dir='ltr'>ὠθούμεναι,</span> <span class='ocrx_word' id='word_1_122' title='bbox 616 1271 682 1318; x_wconf 75' lang='grc' dir='ltr'>ὁτὲ</span> <span class='ocrx_word' id='word_1_123' title='bbox 702 1272 777 1334; x_wconf 86' lang='grc' dir='ltr'>μὲν</span> <span class='ocrx_word' id='word_1_124' title='bbox 796 1271 967 1335; x_wconf 76' lang='grc' dir='ltr'>πέτραις</span> <span class='ocrx_word' id='word_1_125' title='bbox 985 1276 1295 1337; x_wconf 76' lang='grc' dir='ltr'>προσπεσοῦσαι</span> <span class='ocrx_word' id='word_1_126' title='bbox 1311 1291 1412 1320; x_wconf 80' lang='grc' dir='ltr'>ναυ-</span> 
     </span>
     <span class='ocr_line' id='line_1_18' title="bbox 114 1341 1413 1406; baseline -0.004 -13"><span class='ocrx_word' id='word_1_127' title='bbox 114 1362 153 1393; x_wconf 76' lang='lat'>15</span> <span class='ocrx_word' id='word_1_128' title='bbox 176 1347 339 1406; x_wconf 80' lang='grc' dir='ltr'>αγοῧσι,</span> <span class='ocrx_word' id='word_1_129' title='bbox 357 1341 457 1389; x_wconf 85' lang='grc' dir='ltr'>ποτὲ</span> <span class='ocrx_word' id='word_1_130' title='bbox 484 1342 521 1388; x_wconf 88' lang='grc' dir='ltr'>δ’</span> <span class='ocrx_word' id='word_1_131' title='bbox 538 1343 595 1394; x_wconf 88' lang='grc' dir='ltr'>εἰς</span> <span class='ocrx_word' id='word_1_132' title='bbox 611 1341 853 1404; x_wconf 85' lang='grc' dir='ltr'>τεναγώδεις</span> <span class='ocrx_word' id='word_1_133' title='bbox 875 1341 1047 1403; x_wconf 80' lang='grc' dir='ltr'>ἰσθμοὺς</span> <span class='ocrx_word' id='word_1_134' title='bbox 1067 1342 1356 1403; x_wconf 76' lang='grc' dir='ltr'>ἐμπίπτουσιν·</span> <span class='ocrx_word' id='word_1_135' title='bbox 1376 1344 1413 1388; x_wconf 74' lang='grc' dir='ltr'>οἳ</span> 
     </span>
     <span class='ocr_line' id='line_1_19' title="bbox 175 1410 1414 1474; baseline -0.002 -14"><span class='ocrx_word' id='word_1_136' title='bbox 175 1413 220 1460; x_wconf 68' lang='grc' dir='ltr'>δὲ</span> <span class='ocrx_word' id='word_1_137' title='bbox 233 1417 380 1460; x_wconf 74' lang='grc' dir='ltr'>ναῦται</span> <span class='ocrx_word' id='word_1_138' title='bbox 398 1410 749 1474; x_wconf 79' lang='grc' dir='ltr'>παρακαταὸἧναι</span> <span class='ocrx_word' id='word_1_139' title='bbox 769 1410 842 1471; x_wconf 73' lang='grc' dir='ltr'>μὲν</span> <span class='ocrx_word' id='word_1_140' title='bbox 861 1413 1108 1458; x_wconf 75' lang='grc' dir='ltr'>ἀδυνατοῦσι</span> <span class='ocrx_word' id='word_1_141' title='bbox 1125 1411 1193 1458; x_wconf 78' lang='grc' dir='ltr'>διὰ</span> <span class='ocrx_word' id='word_1_142' title='bbox 1211 1411 1256 1458; x_wconf 81' lang='grc' dir='ltr'>τὸ</span> <span class='ocrx_word' id='word_1_143' title='bbox 1273 1413 1414 1458; x_wconf 82' lang='grc' dir='ltr'>πλεῖον</span> 
     </span>
     <span class='ocr_line' id='line_1_20' title="bbox 175 1475 1415 1544; baseline -0.002 -16"><span class='ocrx_word' id='word_1_144' title='bbox 175 1475 284 1529; x_wconf 72' lang='grc' dir='ltr'>εἶναι</span> <span class='ocrx_word' id='word_1_145' title='bbox 311 1480 358 1527; x_wconf 81' lang='grc' dir='ltr'>τὸ</span> <span class='ocrx_word' id='word_1_146' title='bbox 397 1480 519 1543; x_wconf 85' lang='grc' dir='ltr'>βάθος</span> <span class='ocrx_word' id='word_1_147' title='bbox 548 1480 830 1543; x_wconf 80' lang='grc' dir='ltr'>ἀνδρομήκους</span> <span class='ocrx_word' id='word_1_148' title='bbox 848 1516 861 1538; x_wconf 91' lang='grc'><strong><em>,</em></strong></span> <span class='ocrx_word' id='word_1_149' title='bbox 888 1480 956 1527; x_wconf 77' lang='grc' dir='ltr'>διὰ</span> <span class='ocrx_word' id='word_1_150' title='bbox 989 1481 1031 1527; x_wconf 83' lang='grc' dir='ltr'>δὲ</span> <span class='ocrx_word' id='word_1_151' title='bbox 1055 1483 1136 1527; x_wconf 82' lang='grc' dir='ltr'>τῶν</span> <span class='ocrx_word' id='word_1_152' title='bbox 1169 1485 1323 1527; x_wconf 79' lang='grc' dir='ltr'>κοντῶν</span> <span class='ocrx_word' id='word_1_153' title='bbox 1355 1484 1415 1544; x_wconf 82' lang='grc' dir='ltr'>τῷ</span> 
     </span>
     <span class='ocr_line' id='line_1_21' title="bbox 175 1549 1413 1615; baseline -0.001 -18"><span class='ocrx_word' id='word_1_154' title='bbox 175 1551 326 1615; x_wconf 64' lang='grc' dir='ltr'>σκάφει</span> <span class='ocrx_word' id='word_1_155' title='bbox 361 1553 600 1613; x_wconf 75' lang='grc' dir='ltr'>βοηθοῦντες</span> <span class='ocrx_word' id='word_1_156' title='bbox 627 1549 726 1596; x_wconf 82' lang='grc' dir='ltr'>ὅταν</span> <span class='ocrx_word' id='word_1_157' title='bbox 761 1549 889 1610; x_wconf 84' lang='grc' dir='ltr'>μηδὲν</span> <span class='ocrx_word' id='word_1_158' title='bbox 922 1549 1118 1611; x_wconf 80' lang='grc' dir='ltr'>ἀνύωσιν,</span> <span class='ocrx_word' id='word_1_159' title='bbox 1142 1550 1413 1596; x_wconf 76' lang='grc' dir='ltr'>ἒκὸάλλουσιν</span> 
     </span>
     <span class='ocr_line' id='line_1_22' title="bbox 177 1618 1414 1696; baseline -0.002 -29"><span class='ocrx_word' id='word_1_160' title='bbox 177 1621 342 1667; x_wconf 84' lang='grc' dir='ltr'>ἅπαντα</span> <span class='ocrx_word' id='word_1_161' title='bbox 379 1618 488 1696; x_wconf 72' lang='grc' dir='ltr'>πλὴν</span> <span class='ocrx_word' id='word_1_162' title='bbox 515 1622 589 1675; x_wconf 73' lang='grc' dir='ltr'>τῆς</span> <span class='ocrx_word' id='word_1_163' title='bbox 624 1622 801 1683; x_wconf 62' lang='grc' dir='ltr'>τροφῆς·</span> <span class='ocrx_word' id='word_1_164' title='bbox 836 1618 919 1665; x_wconf 84' lang='grc' dir='ltr'>οὐδ’</span> <span class='ocrx_word' id='word_1_165' title='bbox 943 1619 1050 1665; x_wconf 78' lang='grc' dir='ltr'>οὕτω</span> <span class='ocrx_word' id='word_1_166' title='bbox 1082 1620 1125 1665; x_wconf 85' lang='grc' dir='ltr'>δὲ</span> <span class='ocrx_word' id='word_1_167' title='bbox 1155 1623 1229 1675; x_wconf 73' lang='grc' dir='ltr'>τῆς</span> <span class='ocrx_word' id='word_1_168' title='bbox 1262 1622 1414 1683; x_wconf 67' lang='grc' dir='ltr'>τροφῆς</span> 
     </span>
    </p>
   </div>
   <div class='ocr_carea' id='block_1_4' title="bbox 134 1751 1436 3743">
    <p class='ocr_par' dir='ltr' id='par_1_5' title="bbox 134 1751 1436 3743">
     <span class='ocr_line' id='line_1_23' title="bbox 176 1751 1414 1807; baseline -0.002 -12"><span class='ocrx_word' id='word_1_169' title='bbox 176 1755 286 1795; x_wconf 83' lang='lat'>—3.</span> <span class='ocrx_word' id='word_1_170' title='bbox 310 1752 419 1800; x_wconf 84' lang='grc' dir='ltr'>τέλος</span> <span class='ocrx_word' id='word_1_171' title='bbox 435 1751 476 1794; x_wconf 80' lang='grc' dir='ltr'>δὲ</span> <span class='ocrx_word' id='word_1_172' title='bbox 490 1751 627 1803; x_wconf 85' lang='lat' dir='ltr'>editt.;</span> <span class='ocrx_word' id='word_1_173' title='bbox 642 1752 842 1807; x_wconf 84' lang='lat' dir='ltr'>particula</span> <span class='ocrx_word' id='word_1_174' title='bbox 856 1752 896 1793; x_wconf 80' lang='grc' dir='ltr'>δὲ</span> <span class='ocrx_word' id='word_1_175' title='bbox 918 1767 941 1794; x_wconf 87' lang='lat' dir='ltr'>a</span> <span class='ocrx_word' id='word_1_176' title='bbox 962 1751 1087 1795; x_wconf 87' lang='lat' dir='ltr'><strong>codd.</strong></span> <span class='ocrx_word' id='word_1_177' title='bbox 1106 1753 1256 1794; x_wconf 86' lang='lat' dir='ltr'>nostris</span> <span class='ocrx_word' id='word_1_178' title='bbox 1278 1752 1414 1803; x_wconf 86' lang='lat' dir='ltr'>abest,</span> 
     </span>
     <span class='ocr_line' id='line_1_24' title="bbox 178 1813 1415 1872; baseline -0.002 -14"><span class='ocrx_word' id='word_1_179' title='bbox 178 1830 313 1872; x_wconf 88' lang='lat' dir='ltr'>neque</span> <span class='ocrx_word' id='word_1_180' title='bbox 332 1830 378 1856; x_wconf 85' lang='lat' dir='ltr'>ea</span> <span class='ocrx_word' id='word_1_181' title='bbox 390 1829 511 1871; x_wconf 88' lang='lat' dir='ltr'>opus.</span> <span class='ocrx_word' id='word_1_182' title='bbox 534 1815 552 1869; x_wconf 78' lang='lat' dir='ltr'>ss</span> <span class='ocrx_word' id='word_1_183' title='bbox 570 1838 627 1846; x_wconf 91' lang='lat'><strong>—</strong></span> <span class='ocrx_word' id='word_1_184' title='bbox 641 1816 704 1856; x_wconf 92' lang='lat' dir='ltr'>De</span> <span class='ocrx_word' id='word_1_185' title='bbox 722 1814 845 1856; x_wconf 88' lang='lat' dir='ltr'>rebus</span> <span class='ocrx_word' id='word_1_186' title='bbox 867 1815 995 1856; x_wconf 83' lang='lat' dir='ltr'>fusius</span> <span class='ocrx_word' id='word_1_187' title='bbox 1006 1816 1175 1871; x_wconf 80' lang='lat' dir='ltr'>exponit</span> <span class='ocrx_word' id='word_1_188' title='bbox 1190 1813 1415 1865; x_wconf 91' lang='lat' dir='ltr'>Diodorus,</span> 
     </span>
     <span class='ocr_line' id='line_1_25' title="bbox 176 1874 1417 1933; baseline -0.001 -13"><span class='ocrx_word' id='word_1_189' title='bbox 176 1892 275 1920; x_wconf 89' lang='lat' dir='ltr'>cum</span> <span class='ocrx_word' id='word_1_190' title='bbox 290 1891 375 1933; x_wconf 91' lang='lat' dir='ltr'>quo</span> <span class='ocrx_word' id='word_1_191' title='bbox 394 1874 671 1918; x_wconf 81' lang='lat' dir='ltr'>conserendus</span> <span class='ocrx_word' id='word_1_192' title='bbox 691 1875 981 1919; x_wconf 73' lang='lat' dir='ltr'>Artemidorus</span> <span class='ocrx_word' id='word_1_193' title='bbox 1002 1876 1114 1933; x_wconf 87' lang='lat' dir='ltr'>apud</span> <span class='ocrx_word' id='word_1_194' title='bbox 1131 1876 1325 1919; x_wconf 81' lang='lat' dir='ltr'>strabon.</span> <span class='ocrx_word' id='word_1_195' title='bbox 1346 1878 1417 1918; x_wconf 89' lang='lat' dir='ltr'>Sc·</span> 
     </span>
     <span class='ocr_line' id='line_1_26' title="bbox 178 1937 1421 1995; baseline 0 -14"><span class='ocrx_word' id='word_1_196' title='bbox 178 1938 366 1982; x_wconf 87' lang='lat' dir='ltr'>cundum</span> <span class='ocrx_word' id='word_1_197' title='bbox 389 1937 623 1980; x_wconf 89' lang='lat' dir='ltr'>Diodorum</span> <span class='ocrx_word' id='word_1_198' title='bbox 646 1953 719 1980; x_wconf 88' lang='lat' dir='ltr'>ora</span> <span class='ocrx_word' id='word_1_199' title='bbox 740 1947 833 1995; x_wconf 90' lang='lat' dir='ltr'>post</span> <span class='ocrx_word' id='word_1_200' title='bbox 852 1939 990 1981; x_wconf 90' lang='lat' dir='ltr'>sinum</span> <span class='ocrx_word' id='word_1_201' title='bbox 1007 1938 1276 1981; x_wconf 86' lang='lat' dir='ltr'>Immundum</span> <span class='ocrx_word' id='word_1_202' title='bbox 1299 1940 1421 1981; x_wconf 87' lang='lat' dir='ltr'>meri-</span> 
     </span>
     <span class='ocr_line' id='line_1_27' title="bbox 179 2000 1417 2058; baseline -0.001 -14"><span class='ocrx_word' id='word_1_203' title='bbox 179 2001 292 2044; x_wconf 84' lang='lat' dir='ltr'>diem</span> <span class='ocrx_word' id='word_1_204' title='bbox 324 2015 466 2043; x_wconf 78' lang='lat' dir='ltr'>versus</span> <span class='ocrx_word' id='word_1_205' title='bbox 493 2000 627 2043; x_wconf 88' lang='lat' dir='ltr'>tendit</span> <span class='ocrx_word' id='word_1_206' title='bbox 656 2015 787 2057; x_wconf 90' lang='lat' dir='ltr'>usque</span> <span class='ocrx_word' id='word_1_207' title='bbox 807 2000 859 2043; x_wconf 88' lang='lat' dir='ltr'>ad</span> <span class='ocrx_word' id='word_1_208' title='bbox 882 2002 1078 2058; x_wconf 76' lang='grc' dir='ltr'>Σωτηρίας</span> <span class='ocrx_word' id='word_1_209' title='bbox 1105 2003 1309 2058; x_wconf 79' lang='grc' dir='ltr'>(Σωτῆρος</span> <span class='ocrx_word' id='word_1_210' title='bbox 1332 2016 1417 2043; x_wconf 85' lang='lat' dir='ltr'>var.</span> 
     </span>
     <span class='ocr_line' id='line_1_28' title="bbox 176 2063 1417 2120; baseline -0.002 -13"><span class='ocrx_word' id='word_1_211' title='bbox 176 2063 291 2117; x_wconf 85' lang='lat' dir='ltr'>lect.;</span> <span class='ocrx_word' id='word_1_212' title='bbox 328 2063 488 2106; x_wconf 80' lang='lat' dir='ltr'>Sotims</span> <span class='ocrx_word' id='word_1_213' title='bbox 525 2064 666 2119; x_wconf 84' lang='lat' dir='ltr'>Poggii</span> <span class='ocrx_word' id='word_1_214' title='bbox 705 2064 897 2120; x_wconf 87' lang='lat' dir='ltr'>interpr.;</span> <span class='ocrx_word' id='word_1_215' title='bbox 945 2064 1114 2120; x_wconf 86' lang='grc' dir='ltr'>Σωτίρας</span> <span class='ocrx_word' id='word_1_216' title='bbox 1162 2064 1417 2115; x_wconf 76' lang='lat' dir='ltr'>Artemidor,</span> 
     </span>
     <span class='ocr_line' id='line_1_29' title="bbox 177 2125 1421 2183; baseline -0.001 -15"><span class='ocrx_word' id='word_1_217' title='bbox 177 2126 370 2183; x_wconf 78' lang='grc' dir='ltr'>Σωτήρων</span> <span class='ocrx_word' id='word_1_218' title='bbox 402 2125 544 2180; x_wconf 89' lang='lat' dir='ltr'>Ptol.)</span> <span class='ocrx_word' id='word_1_219' title='bbox 576 2134 764 2182; x_wconf 89' lang='lat' dir='ltr'>portum,</span> <span class='ocrx_word' id='word_1_220' title='bbox 799 2134 893 2182; x_wconf 87' lang='lat' dir='ltr'>post</span> <span class='ocrx_word' id='word_1_221' title='bbox 926 2140 1050 2182; x_wconf 91' lang='lat' dir='ltr'>quem</span> <span class='ocrx_word' id='word_1_222' title='bbox 1072 2125 1253 2168; x_wconf 83' lang='lat' dir='ltr'>deflectit</span> <span class='ocrx_word' id='word_1_223' title='bbox 1280 2140 1421 2168; x_wconf 80' lang='lat' dir='ltr'>versus</span> 
     </span>
     <span class='ocr_line' id='line_1_30' title="bbox 178 2187 1421 2243; baseline -0.002 -11"><span class='ocrx_word' id='word_1_224' title='bbox 178 2198 335 2239; x_wconf 86' lang='lat' dir='ltr'>ortum,</span> <span class='ocrx_word' id='word_1_225' title='bbox 367 2189 563 2243; x_wconf 77' lang='lat' dir='ltr'>sinusque</span> <span class='ocrx_word' id='word_1_226' title='bbox 591 2187 637 2229; x_wconf 85' lang='lat' dir='ltr'>fit</span> <span class='ocrx_word' id='word_1_227' title='bbox 664 2189 891 2242; x_wconf 84' lang='lat' dir='ltr'>angustior.</span> <span class='ocrx_word' id='word_1_228' title='bbox 928 2187 1045 2230; x_wconf 84' lang='lat' dir='ltr'>Idem</span> <span class='ocrx_word' id='word_1_229' title='bbox 1082 2187 1209 2230; x_wconf 80' lang='lat' dir='ltr'>tradit</span> <span class='ocrx_word' id='word_1_230' title='bbox 1240 2189 1421 2231; x_wconf 79' lang='lat' dir='ltr'>Artemi-</span> 
     </span>
     <span class='ocr_line' id='line_1_31' title="bbox 179 2250 1421 2302; baseline -0.002 -8"><span class='ocrx_word' id='word_1_231' title='bbox 179 2251 324 2294; x_wconf 81' lang='lat' dir='ltr'><strong>dorus.</strong></span> <span class='ocrx_word' id='word_1_232' title='bbox 355 2251 528 2293; x_wconf 87' lang='lat' dir='ltr'>Photius</span> <span class='ocrx_word' id='word_1_233' title='bbox 546 2250 599 2291; x_wconf 87' lang='lat' dir='ltr'>de</span> <span class='ocrx_word' id='word_1_234' title='bbox 630 2265 680 2291; x_wconf 92' lang='lat' dir='ltr'>eo</span> <span class='ocrx_word' id='word_1_235' title='bbox 696 2250 826 2291; x_wconf 85' lang='lat' dir='ltr'>litoris</span> <span class='ocrx_word' id='word_1_236' title='bbox 855 2251 965 2292; x_wconf 82' lang='lat' dir='ltr'>flexu</span> <span class='ocrx_word' id='word_1_237' title='bbox 983 2250 1062 2292; x_wconf 91' lang='lat' dir='ltr'>hoc</span> <span class='ocrx_word' id='word_1_238' title='bbox 1087 2250 1179 2292; x_wconf 92' lang='lat' dir='ltr'>loco</span> <span class='ocrx_word' id='word_1_239' title='bbox 1209 2250 1327 2302; x_wconf 88' lang='lat' dir='ltr'>nihil,</span> <span class='ocrx_word' id='word_1_240' title='bbox 1349 2250 1421 2292; x_wconf 87' lang='lat' dir='ltr'>sed</span> 
     </span>
     <span class='ocr_line' id='line_1_32' title="bbox 179 2312 1422 2367; baseline -0.001 -11"><span class='ocrx_word' id='word_1_241' title='bbox 179 2315 342 2367; x_wconf 75' lang='lat' dir='ltr'>initioS</span> <span class='ocrx_word' id='word_1_242' title='bbox 371 2315 421 2363; x_wconf 72' lang='grc'>84</span> <span class='ocrx_word' id='word_1_243' title='bbox 443 2314 548 2354; x_wconf 86' lang='lat' dir='ltr'>ait-a</span> <span class='ocrx_word' id='word_1_244' title='bbox 574 2313 725 2354; x_wconf 87' lang='lat' dir='ltr'>Tauris</span> <span class='ocrx_word' id='word_1_245' title='bbox 744 2314 956 2355; x_wconf 91' lang='lat' dir='ltr'>montibus</span> <span class='ocrx_word' id='word_1_246' title='bbox 985 2322 1026 2355; x_wconf 90' lang='lat' dir='ltr'>et</span> <span class='ocrx_word' id='word_1_247' title='bbox 1054 2312 1307 2355; x_wconf 79' lang='lat' dir='ltr'>Ptolemaide</span> <span class='ocrx_word' id='word_1_248' title='bbox 1335 2327 1422 2355; x_wconf 92' lang='lat' dir='ltr'>non</span> 
     </span>
     <span class='ocr_line' id='line_1_33' title="bbox 179 2374 1421 2433; baseline -0.001 -14"><span class='ocrx_word' id='word_1_249' title='bbox 179 2376 355 2433; x_wconf 88' lang='lat' dir='ltr'>amplius</span> <span class='ocrx_word' id='word_1_250' title='bbox 390 2374 607 2416; x_wconf 83' lang='lat' dir='ltr'>meridiem</span> <span class='ocrx_word' id='word_1_251' title='bbox 641 2389 783 2416; x_wconf 84' lang='lat' dir='ltr'>versus</span> <span class='ocrx_word' id='word_1_252' title='bbox 813 2390 930 2418; x_wconf 91' lang='lat' dir='ltr'>oram</span> <span class='ocrx_word' id='word_1_253' title='bbox 969 2375 1162 2428; x_wconf 88' lang='lat' dir='ltr'>tendere,</span> <span class='ocrx_word' id='word_1_254' title='bbox 1191 2375 1264 2418; x_wconf 84' lang='lat' dir='ltr'>sed</span> <span class='ocrx_word' id='word_1_255' title='bbox 1283 2384 1421 2418; x_wconf 89' lang='lat' dir='ltr'>ortum</span> 
     </span>
     <span class='ocr_line' id='line_1_34' title="bbox 180 2437 1424 2495; baseline 0.002 -15"><span class='ocrx_word' id='word_1_256' title='bbox 180 2453 323 2482; x_wconf 86' lang='lat' dir='ltr'>versus</span> <span class='ocrx_word' id='word_1_257' title='bbox 341 2438 561 2480; x_wconf 86' lang='lat' dir='ltr'>declinare.</span> <span class='ocrx_word' id='word_1_258' title='bbox 575 2437 703 2492; x_wconf 90' lang='lat' dir='ltr'>Quod</span> <span class='ocrx_word' id='word_1_259' title='bbox 719 2438 854 2495; x_wconf 88' lang='lat' dir='ltr'>ipsum</span> <span class='ocrx_word' id='word_1_260' title='bbox 873 2439 998 2481; x_wconf 87' lang='lat' dir='ltr'>etiam</span> <span class='ocrx_word' id='word_1_261' title='bbox 1011 2438 1258 2494; x_wconf 77' lang='lat' dir='ltr'>Diodoruss</span> <span class='ocrx_word' id='word_1_262' title='bbox 1277 2442 1328 2490; x_wconf 78' lang='grc'>84</span> <span class='ocrx_word' id='word_1_263' title='bbox 1352 2440 1424 2483; x_wconf 87' lang='lat' dir='ltr'>ha·</span> 
     </span>
     <span class='ocr_line' id='line_1_35' title="bbox 179 2500 1422 2558; baseline 0.002 -13"><span class='ocrx_word' id='word_1_264' title='bbox 179 2503 269 2554; x_wconf 89' lang='lat' dir='ltr'>bet,</span> <span class='ocrx_word' id='word_1_265' title='bbox 294 2516 546 2558; x_wconf 86' lang='lat' dir='ltr'>quamquam</span> <span class='ocrx_word' id='word_1_266' title='bbox 565 2501 652 2543; x_wconf 84' lang='lat' dir='ltr'>hoec</span> <span class='ocrx_word' id='word_1_267' title='bbox 670 2500 723 2543; x_wconf 89' lang='lat' dir='ltr'>ad</span> <span class='ocrx_word' id='word_1_268' title='bbox 748 2502 923 2545; x_wconf 87' lang='lat' dir='ltr'>eandem</span> <span class='ocrx_word' id='word_1_269' title='bbox 950 2503 1081 2546; x_wconf 89' lang='lat' dir='ltr'>litoris</span> <span class='ocrx_word' id='word_1_270' title='bbox 1105 2503 1422 2548; x_wconf 72' lang='lat' dir='ltr'>declinationem</span> 
     </span>
     <span class='ocr_line' id='line_1_36' title="bbox 179 2563 1424 2622; baseline 0.003 -16"><span class='ocrx_word' id='word_1_271' title='bbox 179 2566 403 2622; x_wconf 74' lang='lat' dir='ltr'>pertinent,</span> <span class='ocrx_word' id='word_1_272' title='bbox 428 2563 481 2605; x_wconf 92' lang='lat' dir='ltr'>de</span> <span class='ocrx_word' id='word_1_273' title='bbox 513 2578 595 2620; x_wconf 87' lang='lat' dir='ltr'>qua</span> <span class='ocrx_word' id='word_1_274' title='bbox 619 2567 642 2617; x_wconf 85' lang='lat'>§</span> <span class='ocrx_word' id='word_1_275' title='bbox 667 2564 719 2606; x_wconf 82' lang='lat'>83</span> <span class='ocrx_word' id='word_1_276' title='bbox 740 2563 828 2620; x_wconf 86' lang='lat' dir='ltr'>jam</span> <span class='ocrx_word' id='word_1_277' title='bbox 851 2574 1086 2608; x_wconf 85' lang='lat' dir='ltr'>monuerat.</span> <span class='ocrx_word' id='word_1_278' title='bbox 1121 2568 1227 2609; x_wconf 91' lang='lat' dir='ltr'>Nam</span> <span class='ocrx_word' id='word_1_279' title='bbox 1246 2568 1424 2610; x_wconf 86' lang='lat' dir='ltr'>Soterias</span> 
     </span>
     <span class='ocr_line' id='line_1_37' title="bbox 181 2626 1425 2685; baseline 0.003 -18"><span class='ocrx_word' id='word_1_280' title='bbox 181 2635 327 2684; x_wconf 89' lang='lat' dir='ltr'>portus</span> <span class='ocrx_word' id='word_1_281' title='bbox 354 2635 394 2667; x_wconf 92' lang='lat' dir='ltr'>et</span> <span class='ocrx_word' id='word_1_282' title='bbox 421 2627 550 2667; x_wconf 81' lang='lat' dir='ltr'>Tauri</span> <span class='ocrx_word' id='word_1_283' title='bbox 588 2634 628 2667; x_wconf 89' lang='lat' dir='ltr'>et</span> <span class='ocrx_word' id='word_1_284' title='bbox 666 2626 887 2669; x_wconf 81' lang='lat' dir='ltr'>Ptolemais</span> <span class='ocrx_word' id='word_1_285' title='bbox 915 2627 967 2669; x_wconf 88' lang='lat' dir='ltr'>ad</span> <span class='ocrx_word' id='word_1_286' title='bbox 1005 2627 1184 2670; x_wconf 90' lang='lat' dir='ltr'>eundem</span> <span class='ocrx_word' id='word_1_287' title='bbox 1217 2631 1425 2685; x_wconf 89' lang='lat' dir='ltr'>pertinent</span> 
     </span>
     <span class='ocr_line' id='line_1_38' title="bbox 182 2686 1422 2745; baseline 0.003 -16"><span class='ocrx_word' id='word_1_288' title='bbox 182 2695 379 2729; x_wconf 83' lang='lat' dir='ltr'>tractum.</span> <span class='ocrx_word' id='word_1_289' title='bbox 413 2688 567 2729; x_wconf 89' lang='lat' dir='ltr'>Seriem</span> <span class='ocrx_word' id='word_1_290' title='bbox 595 2686 782 2730; x_wconf 88' lang='lat' dir='ltr'>locorum</span> <span class='ocrx_word' id='word_1_291' title='bbox 805 2688 1049 2732; x_wconf 82' lang='lat' dir='ltr'>Ptolemaeus</span> <span class='ocrx_word' id='word_1_292' title='bbox 1084 2690 1239 2745; x_wconf 84' lang='lat' dir='ltr'>praebet</span> <span class='ocrx_word' id='word_1_293' title='bbox 1274 2692 1381 2733; x_wconf 87' lang='lat' dir='ltr'>hanc</span> <span class='ocrx_word' id='word_1_294' title='bbox 1411 2704 1422 2733; x_wconf 77' lang='lat' dir='ltr'><strong><em>z</em></strong></span> 
     </span>
     <span class='ocr_line' id='line_1_39' title="bbox 183 2749 1428 2809; baseline 0.002 -18"><span class='ocrx_word' id='word_1_295' title='bbox 183 2749 326 2805; x_wconf 77' lang='grc' dir='ltr'>Γαῦρος</span> <span class='ocrx_word' id='word_1_296' title='bbox 355 2749 412 2805; x_wconf 95' lang='lat' dir='ltr'>(l.</span> <span class='ocrx_word' id='word_1_297' title='bbox 434 2749 580 2805; x_wconf 78' lang='grc' dir='ltr'>Ταῦρος</span> <span class='ocrx_word' id='word_1_298' title='bbox 602 2752 619 2804; x_wconf 89' lang='lat'>)</span> <span class='ocrx_word' id='word_1_299' title='bbox 647 2750 759 2806; x_wconf 82' lang='grc' dir='ltr'>ὄρος,</span> <span class='ocrx_word' id='word_1_300' title='bbox 784 2750 891 2793; x_wconf 86' lang='grc' dir='ltr'>Θεῶν</span> <span class='ocrx_word' id='word_1_301' title='bbox 915 2750 1099 2807; x_wconf 82' lang='grc' dir='ltr'>σωτήρων</span> <span class='ocrx_word' id='word_1_302' title='bbox 1131 2752 1251 2808; x_wconf 80' lang='grc' dir='ltr'>λιμήν</span> <span class='ocrx_word' id='word_1_303' title='bbox 1266 2783 1278 2805; x_wconf 84' lang='grc'><strong><em>,</em></strong></span> <span class='ocrx_word' id='word_1_304' title='bbox 1304 2753 1428 2809; x_wconf 86' lang='grc' dir='ltr'>Εὗαγ·</span> 
     </span>
     <span class='ocr_line' id='line_1_40' title="bbox 183 2810 1426 2868; baseline 0.002 -14"><span class='ocrx_word' id='word_1_305' title='bbox 183 2811 311 2868; x_wconf 77' lang='grc' dir='ltr'>γέλων</span> <span class='ocrx_word' id='word_1_306' title='bbox 345 2810 492 2867; x_wconf 78' lang='grc' dir='ltr'>λιμήν,</span> <span class='ocrx_word' id='word_1_307' title='bbox 534 2811 754 2868; x_wconf 71' lang='grc' dir='ltr'>Πτολεμαῒς</span> <span class='ocrx_word' id='word_1_308' title='bbox 787 2817 864 2854; x_wconf 87' lang='grc' dir='ltr'>τῶν</span> <span class='ocrx_word' id='word_1_309' title='bbox 899 2814 1041 2868; x_wconf 84' lang='grc' dir='ltr'>θηρῶν.</span> <span class='ocrx_word' id='word_1_310' title='bbox 1076 2816 1126 2856; x_wconf 92' lang='lat' dir='ltr'>In</span> <span class='ocrx_word' id='word_1_311' title='bbox 1170 2814 1426 2857; x_wconf 81' lang='lat' dir='ltr'>Artemidori</span> 
     </span>
     <span class='ocr_line' id='line_1_41' title="bbox 185 2873 1423 2933; baseline 0.002 -17"><span class='ocrx_word' id='word_1_312' title='bbox 185 2874 389 2930; x_wconf 78' lang='lat' dir='ltr'>excerptis</span> <span class='ocrx_word' id='word_1_313' title='bbox 404 2873 482 2915; x_wconf 89' lang='lat' dir='ltr'>loci</span> <span class='ocrx_word' id='word_1_314' title='bbox 499 2883 783 2916; x_wconf 83' lang='lat' dir='ltr'>memorantur</span> <span class='ocrx_word' id='word_1_315' title='bbox 796 2875 876 2916; x_wconf 89' lang='lat' dir='ltr'>hoc</span> <span class='ocrx_word' id='word_1_316' title='bbox 891 2875 1038 2917; x_wconf 82' lang='lat' dir='ltr'>ordine</span> <span class='ocrx_word' id='word_1_317' title='bbox 1056 2889 1066 2918; x_wconf 79' lang='lat'>2</span> <span class='ocrx_word' id='word_1_318' title='bbox 1087 2876 1276 2932; x_wconf 77' lang='grc' dir='ltr'>Σωτείρας</span> <span class='ocrx_word' id='word_1_319' title='bbox 1285 2876 1423 2933; x_wconf 84' lang='grc' dir='ltr'>λιμήν,</span> 
     </span>
     <span class='ocr_line' id='line_1_42' title="bbox 184 2934 1427 2994; baseline 0.002 -15"><span class='ocrx_word' id='word_1_320' title='bbox 184 2936 328 2992; x_wconf 77' lang='grc' dir='ltr'>Ταῦροι</span> <span class='ocrx_word' id='word_1_321' title='bbox 349 2936 443 2991; x_wconf 78' lang='grc' dir='ltr'>ὄρη,</span> <span class='ocrx_word' id='word_1_322' title='bbox 470 2935 610 2984; x_wconf 80' lang='grc' dir='ltr'>Ἴσιδος</span> <span class='ocrx_word' id='word_1_323' title='bbox 631 2936 717 2991; x_wconf 80' lang='grc' dir='ltr'>ὄρος</span> <span class='ocrx_word' id='word_1_324' title='bbox 731 2967 744 2987; x_wconf 82' lang='grc'>,</span> <span class='ocrx_word' id='word_1_325' title='bbox 768 2941 882 2990; x_wconf 82' lang='grc' dir='ltr'>νῆσος</span> <span class='ocrx_word' id='word_1_326' title='bbox 911 2937 1022 2993; x_wconf 75' lang='grc' dir='ltr'>ἐλαίᾳ</span> <span class='ocrx_word' id='word_1_327' title='bbox 1040 2939 1251 2994; x_wconf 64' lang='grc' dir='ltr'>κατάφυτος</span> <span class='ocrx_word' id='word_1_328' title='bbox 1266 2934 1427 2981; x_wconf 53' lang='lat' dir='ltr'>{mxlv-</span> 
     </span>
     <span class='ocr_line' id='line_1_43' title="bbox 187 2997 1429 3055; baseline 0.002 -15"><span class='ocrx_word' id='word_1_329' title='bbox 187 2999 332 3055; x_wconf 78' lang='grc' dir='ltr'>ζομὲνη</span> <span class='ocrx_word' id='word_1_330' title='bbox 348 3029 359 3049; x_wconf 83' lang='grc'>,</span> <span class='ocrx_word' id='word_1_331' title='bbox 385 2997 619 3054; x_wconf 66' lang='grc' dir='ltr'>Πτολεμαῒς.</span> <span class='ocrx_word' id='word_1_332' title='bbox 652 2998 799 3040; x_wconf 87' lang='lat' dir='ltr'>Salutis</span> <span class='ocrx_word' id='word_1_333' title='bbox 825 3008 969 3055; x_wconf 90' lang='lat' dir='ltr'>portus</span> <span class='ocrx_word' id='word_1_334' title='bbox 991 2999 1239 3054; x_wconf 86' lang='lat' dir='ltr'>respondere</span> <span class='ocrx_word' id='word_1_335' title='bbox 1267 3000 1429 3043; x_wconf 88' lang='lat' dir='ltr'>videtur</span> 
     </span>
     <span class='ocr_line' id='line_1_44' title="bbox 188 3058 1424 3116; baseline 0.002 -14"><span class='ocrx_word' id='word_1_336' title='bbox 188 3058 395 3102; x_wconf 79' lang='lat' dir='ltr'>hodierno</span> <span class='ocrx_word' id='word_1_337' title='bbox 422 3060 606 3110; x_wconf 68' lang='lat' dir='ltr'>Sunt-im,</span> <span class='ocrx_word' id='word_1_338' title='bbox 626 3075 649 3101; x_wconf 89' lang='lat' dir='ltr'>a</span> <span class='ocrx_word' id='word_1_339' title='bbox 676 3074 762 3115; x_wconf 89' lang='lat' dir='ltr'>quo</span> <span class='ocrx_word' id='word_1_340' title='bbox 784 3076 866 3102; x_wconf 92' lang='lat' dir='ltr'>non</span> <span class='ocrx_word' id='word_1_341' title='bbox 901 3061 1020 3116; x_wconf 85' lang='lat' dir='ltr'>longe</span> <span class='ocrx_word' id='word_1_342' title='bbox 1053 3061 1205 3103; x_wconf 84' lang='lat' dir='ltr'>distare</span> <span class='ocrx_word' id='word_1_343' title='bbox 1224 3062 1398 3104; x_wconf 83' lang='lat' dir='ltr'>debebat</span> <span class='ocrx_word' id='word_1_344' title='bbox 1414 3096 1424 3114; x_wconf 96' lang='lat'>,</span> 
     </span>
     <span class='ocr_line' id='line_1_45' title="bbox 189 3121 1427 3175; baseline 0.002 -11"><span class='ocrx_word' id='word_1_345' title='bbox 189 3122 276 3164; x_wconf 80' lang='lat' dir='ltr'>sive</span> <span class='ocrx_word' id='word_1_346' title='bbox 297 3121 466 3165; x_wconf 85' lang='lat' dir='ltr'>boream</span> <span class='ocrx_word' id='word_1_347' title='bbox 499 3123 585 3164; x_wconf 76' lang='lat' dir='ltr'>sive</span> <span class='ocrx_word' id='word_1_348' title='bbox 607 3122 821 3164; x_wconf 86' lang='lat' dir='ltr'>meridiem</span> <span class='ocrx_word' id='word_1_349' title='bbox 847 3138 1010 3175; x_wconf 82' lang='lat' dir='ltr'>versus,</span> <span class='ocrx_word' id='word_1_350' title='bbox 1034 3125 1197 3165; x_wconf 83' lang='lat' dir='ltr'>Taurus</span> <span class='ocrx_word' id='word_1_351' title='bbox 1217 3140 1333 3166; x_wconf 87' lang='lat' dir='ltr'>mons</span> <span class='ocrx_word' id='word_1_352' title='bbox 1367 3127 1427 3167; x_wconf 81' lang='lat' dir='ltr'>vel</span> 
     </span>
     <span class='ocr_line' id='line_1_46' title="bbox 188 3185 1425 3243; baseline 0.002 -16"><span class='ocrx_word' id='word_1_353' title='bbox 188 3185 316 3227; x_wconf 82' lang='lat' dir='ltr'>Tauri</span> <span class='ocrx_word' id='word_1_354' title='bbox 339 3193 502 3228; x_wconf 79' lang='lat' dir='ltr'>montes</span> <span class='ocrx_word' id='word_1_355' title='bbox 543 3185 747 3242; x_wconf 81' lang='grc' dir='ltr'>(Ταυρικὰ</span> <span class='ocrx_word' id='word_1_356' title='bbox 782 3186 851 3242; x_wconf 78' lang='grc' dir='ltr'>ὄρη</span> <span class='ocrx_word' id='word_1_357' title='bbox 883 3185 1057 3228; x_wconf 89' lang='lat' dir='ltr'>Diodori</span> <span class='ocrx_word' id='word_1_358' title='bbox 1095 3186 1220 3228; x_wconf 87' lang='lat' dir='ltr'>codd.</span> <span class='ocrx_word' id='word_1_359' title='bbox 1253 3189 1425 3243; x_wconf 86' lang='lat' dir='ltr'>optimi;</span> 
     </span>
     <span class='ocr_line' id='line_1_47' title="bbox 190 3247 1430 3306; baseline 0.002 -17"><span class='ocrx_word' id='word_1_360' title='bbox 190 3247 377 3305; x_wconf 81' lang='grc' dir='ltr'>Τύρκαιον</span> <span class='ocrx_word' id='word_1_361' title='bbox 401 3249 488 3305; x_wconf 82' lang='grc' dir='ltr'>ὄρος</span> <span class='ocrx_word' id='word_1_362' title='bbox 501 3257 696 3305; x_wconf 88' lang='lat' dir='ltr'>corrupte</span> <span class='ocrx_word' id='word_1_363' title='bbox 717 3262 842 3306; x_wconf 88' lang='lat' dir='ltr'>supra</span> <span class='ocrx_word' id='word_1_364' title='bbox 861 3252 885 3303; x_wconf 78' lang='lat' dir='ltr'>S</span> <span class='ocrx_word' id='word_1_365' title='bbox 904 3264 973 3305; x_wconf 88' lang='lat'>79,</span> <span class='ocrx_word' id='word_1_366' title='bbox 998 3249 1069 3291; x_wconf 90' lang='lat' dir='ltr'>ubi</span> <span class='ocrx_word' id='word_1_367' title='bbox 1087 3249 1180 3291; x_wconf 85' lang='lat' dir='ltr'>vide</span> <span class='ocrx_word' id='word_1_368' title='bbox 1201 3251 1230 3305; x_wconf 93' lang='lat'>).</span> <span class='ocrx_word' id='word_1_369' title='bbox 1311 3251 1430 3292; x_wconf 84' lang='lat' dir='ltr'>Isidis</span> 
     </span>
     <span class='ocr_line' id='line_1_48' title="bbox 191 3309 1429 3367; baseline 0.002 -17"><span class='ocrx_word' id='word_1_370' title='bbox 191 3323 312 3351; x_wconf 89' lang='lat' dir='ltr'>mons</span> <span class='ocrx_word' id='word_1_371' title='bbox 330 3323 431 3351; x_wconf 92' lang='lat' dir='ltr'>num</span> <span class='ocrx_word' id='word_1_372' title='bbox 448 3317 558 3351; x_wconf 89' lang='lat' dir='ltr'>recte</span> <span class='ocrx_word' id='word_1_373' title='bbox 575 3309 769 3367; x_wconf 77' lang='lat' dir='ltr'>deinceps</span> <span class='ocrx_word' id='word_1_374' title='bbox 784 3319 964 3367; x_wconf 86' lang='lat' dir='ltr'>ponatur</span> <span class='ocrx_word' id='word_1_375' title='bbox 985 3310 1037 3353; x_wconf 87' lang='lat' dir='ltr'>ab</span> <span class='ocrx_word' id='word_1_376' title='bbox 1053 3310 1334 3361; x_wconf 80' lang='lat' dir='ltr'>Artemidoro,</span> <span class='ocrx_word' id='word_1_377' title='bbox 1352 3311 1429 3353; x_wconf 84' lang='lat' dir='ltr'>‹lu-</span> 
     </span>
     <span class='ocr_line' id='line_1_49' title="bbox 193 3372 1431 3430; baseline 0.003 -17"><span class='ocrx_word' id='word_1_378' title='bbox 193 3372 323 3413; x_wconf 89' lang='lat' dir='ltr'>bitare</span> <span class='ocrx_word' id='word_1_379' title='bbox 362 3372 471 3423; x_wconf 88' lang='lat' dir='ltr'>licet,</span> <span class='ocrx_word' id='word_1_380' title='bbox 506 3374 702 3429; x_wconf 86' lang='lat' dir='ltr'>quoniam</span> <span class='ocrx_word' id='word_1_381' title='bbox 739 3373 982 3416; x_wconf 82' lang='lat' dir='ltr'>Ptolemaeus</span> <span class='ocrx_word' id='word_1_382' title='bbox 1024 3374 1144 3416; x_wconf 85' lang='grc' dir='ltr'>Ἷσιον</span> <span class='ocrx_word' id='word_1_383' title='bbox 1178 3374 1265 3430; x_wconf 83' lang='grc' dir='ltr'>ὄρος</span> <span class='ocrx_word' id='word_1_384' title='bbox 1306 3384 1431 3430; x_wconf 85' lang='lat' dir='ltr'>ponat</span> 
     </span>
     <span class='ocr_line' id='line_1_50' title="bbox 197 3435 1432 3494; baseline 0.003 -19"><span class='ocrx_word' id='word_1_385' title='bbox 197 3436 210 3490; x_wconf 90' lang='lat'><strong>(</strong></span> <span class='ocrx_word' id='word_1_386' title='bbox 232 3446 305 3475; x_wconf 82' lang='lat'>21⁰</span> <span class='ocrx_word' id='word_1_387' title='bbox 328 3435 424 3489; x_wconf 60' lang='grc' dir='ltr'>ου’)</span> <span class='ocrx_word' id='word_1_388' title='bbox 443 3450 573 3491; x_wconf 84' lang='lat' dir='ltr'>prope</span> <span class='ocrx_word' id='word_1_389' title='bbox 599 3440 683 3493; x_wconf 79' lang='lat' dir='ltr'>Cap</span> <span class='ocrx_word' id='word_1_390' title='bbox 711 3436 867 3478; x_wconf 62' lang='lat' dir='ltr'>Calmes</span> <span class='ocrx_word' id='word_1_391' title='bbox 882 3468 893 3488; x_wconf 94' lang='lat'>,</span> <span class='ocrx_word' id='word_1_392' title='bbox 915 3437 1031 3494; x_wconf 84' lang='lat' dir='ltr'>isque</span> <span class='ocrx_word' id='word_1_393' title='bbox 1052 3451 1172 3479; x_wconf 90' lang='lat' dir='ltr'>mons</span> <span class='ocrx_word' id='word_1_394' title='bbox 1197 3445 1311 3479; x_wconf 89' lang='lat' dir='ltr'>tanto</span> <span class='ocrx_word' id='word_1_395' title='bbox 1334 3436 1432 3479; x_wconf 82' lang='lat' dir='ltr'>saci-</span> 
     </span>
     <span class='ocr_line' id='line_1_51' title="bbox 196 3495 1430 3556; baseline 0.004 -19"><span class='ocrx_word' id='word_1_396' title='bbox 196 3495 275 3537; x_wconf 87' lang='lat' dir='ltr'>lius</span> <span class='ocrx_word' id='word_1_397' title='bbox 294 3504 385 3551; x_wconf 85' lang='lat' dir='ltr'>post</span> <span class='ocrx_word' id='word_1_398' title='bbox 424 3506 611 3538; x_wconf 82' lang='lat' dir='ltr'>nostrum</span> <span class='ocrx_word' id='word_1_399' title='bbox 648 3497 796 3539; x_wconf 81' lang='lat' dir='ltr'>Salutis</span> <span class='ocrx_word' id='word_1_400' title='bbox 831 3507 999 3555; x_wconf 88' lang='lat' dir='ltr'>portum</span> <span class='ocrx_word' id='word_1_401' title='bbox 1026 3500 1238 3556; x_wconf 85' lang='lat' dir='ltr'>transponi</span> <span class='ocrx_word' id='word_1_402' title='bbox 1271 3500 1430 3556; x_wconf 88' lang='lat' dir='ltr'>potuit,</span> 
     </span>
     <span class='ocr_line' id='line_1_52' title="bbox 134 3558 1434 3618; baseline 0.005 -20"><span class='ocrx_word' id='word_1_403' title='bbox 134 3569 137 3571; x_wconf 69' lang='grc'><strong>’</strong></span> <span class='ocrx_word' id='word_1_404' title='bbox 196 3571 326 3613; x_wconf 88' lang='lat' dir='ltr'>quum</span> <span class='ocrx_word' id='word_1_405' title='bbox 349 3558 468 3598; x_wconf 86' lang='lat' dir='ltr'>altius</span> <span class='ocrx_word' id='word_1_406' title='bbox 500 3558 674 3601; x_wconf 88' lang='lat' dir='ltr'>deorum</span> <span class='ocrx_word' id='word_1_407' title='bbox 712 3562 1010 3617; x_wconf 84' lang='lat' dir='ltr'>Sospitatorum</span> <span class='ocrx_word' id='word_1_408' title='bbox 1045 3571 1216 3618; x_wconf 89' lang='lat' dir='ltr'>portus,</span> <span class='ocrx_word' id='word_1_409' title='bbox 1250 3561 1434 3604; x_wconf 74' lang='grc' dir='ltr'>Διοσκού-</span> 
     </span>
     <span class='ocr_line' id='line_1_53' title="bbox 197 3619 1436 3677; baseline 0.006 -17"><span class='ocrx_word' id='word_1_410' title='bbox 197 3634 275 3677; x_wconf 88' lang='grc' dir='ltr'>ρων</span> <span class='ocrx_word' id='word_1_411' title='bbox 296 3619 433 3676; x_wconf 78' lang='grc' dir='ltr'>λιμὴν,</span> <span class='ocrx_word' id='word_1_412' title='bbox 459 3634 587 3676; x_wconf 87' lang='lat' dir='ltr'>prope</span> <span class='ocrx_word' id='word_1_413' title='bbox 610 3624 738 3664; x_wconf 85' lang='lat' dir='ltr'>Isium</span> <span class='ocrx_word' id='word_1_414' title='bbox 765 3633 950 3666; x_wconf 89' lang='lat' dir='ltr'>montem</span> <span class='ocrx_word' id='word_1_415' title='bbox 979 3640 1003 3666; x_wconf 87' lang='lat' dir='ltr'>a</span> <span class='ocrx_word' id='word_1_416' title='bbox 1023 3625 1243 3668; x_wconf 68' lang='lat' dir='ltr'>Ptolemaeo</span> <span class='ocrx_word' id='word_1_417' title='bbox 1281 3639 1436 3667; x_wconf 87' lang='lat' dir='ltr'>memo-</span> 
     </span>
     <span class='ocr_line' id='line_1_54' title="bbox 198 3682 1433 3743; baseline 0.005 -18"><span class='ocrx_word' id='word_1_418' title='bbox 198 3689 315 3725; x_wconf 83' lang='lat' dir='ltr'>retur</span> <span class='ocrx_word' id='word_1_419' title='bbox 350 3682 502 3738; x_wconf 61' lang='grc' dir='ltr'>(ον’).</span> <span class='ocrx_word' id='word_1_420' title='bbox 528 3682 648 3724; x_wconf 83' lang='lat' dir='ltr'>Fides</span> <span class='ocrx_word' id='word_1_421' title='bbox 683 3686 808 3739; x_wconf 86' lang='lat' dir='ltr'>igitur</span> <span class='ocrx_word' id='word_1_422' title='bbox 828 3694 917 3728; x_wconf 87' lang='lat' dir='ltr'>esto</span> <span class='ocrx_word' id='word_1_423' title='bbox 944 3701 1071 3743; x_wconf 87' lang='lat' dir='ltr'>penes</span> <span class='ocrx_word' id='word_1_424' title='bbox 1103 3685 1433 3731; x_wconf 78' lang='lat' dir='ltr'>Artemidorum.</span> 
     </span>
    </p>
   </div>
   <div class='ocr_carea' id='block_1_5' title="bbox 198 3741 1439 3867">
    <p class='ocr_par' dir='ltr' id='par_1_6' title="bbox 198 3741 1439 3867">
     <span class='ocr_line' id='line_1_55' title="bbox 198 3741 1439 3808; baseline 0.007 -23"><span class='ocrx_word' id='word_1_425' title='bbox 198 3741 436 3801; x_wconf 76' lang='grc' dir='ltr'>Εὗαγγίλων</span> <span class='ocrx_word' id='word_1_426' title='bbox 458 3743 597 3800; x_wconf 69' lang='grc' dir='ltr'>λιμένα</span> <span class='ocrx_word' id='word_1_427' title='bbox 611 3746 816 3788; x_wconf 77' lang='lat' dir='ltr'>Ptolemaei</span> <span class='ocrx_word' id='word_1_428' title='bbox 832 3748 1021 3790; x_wconf 86' lang='lat' dir='ltr'>Valentia</span> <span class='ocrx_word' id='word_1_429' title='bbox 1039 3750 1053 3804; x_wconf 92' lang='lat'>(</span> <span class='ocrx_word' id='word_1_430' title='bbox 1071 3752 1127 3802; x_wconf 88' lang='lat'>11,</span> <span class='ocrx_word' id='word_1_431' title='bbox 1144 3764 1187 3806; x_wconf 92' lang='lat' dir='ltr'>p.</span> <span class='ocrx_word' id='word_1_432' title='bbox 1215 3749 1321 3808; x_wconf 82' lang='lat'>273)</span> <span class='ocrx_word' id='word_1_433' title='bbox 1341 3764 1439 3807; x_wconf 84' lang='lat' dir='ltr'>pro·</span> 
     </span>
     <span class='ocr_line' id='line_1_56' title="bbox 198 3805 1437 3867; baseline 0.006 -19"><span class='ocrx_word' id='word_1_434' title='bbox 198 3805 390 3849; x_wconf 82' lang='lat' dir='ltr'>habiliter</span> <span class='ocrx_word' id='word_1_435' title='bbox 402 3820 489 3848; x_wconf 59' lang='lat' dir='ltr'>ase</span> <span class='ocrx_word' id='word_1_436' title='bbox 506 3815 640 3848; x_wconf 87' lang='lat' dir='ltr'>censet</span> <span class='ocrx_word' id='word_1_437' title='bbox 656 3808 875 3863; x_wconf 86' lang='lat' dir='ltr'>pulchrum</span> <span class='ocrx_word' id='word_1_438' title='bbox 894 3820 934 3852; x_wconf 94' lang='lat' dir='ltr'>et</span> <span class='ocrx_word' id='word_1_439' title='bbox 958 3812 1213 3867; x_wconf 81' lang='lat' dir='ltr'>profundum</span> <span class='ocrx_word' id='word_1_440' title='bbox 1231 3813 1355 3855; x_wconf 87' lang='lat' dir='ltr'>maris</span> <span class='ocrx_word' id='word_1_441' title='bbox 1371 3828 1437 3856; x_wconf 86' lang='lat' dir='ltr'>rc·</span> 
     </span>
    </p>
   </div>
   <div class='ocr_carea' id='block_1_6' title="bbox 201 3869 1437 3989">
    <p class='ocr_par' dir='ltr' id='par_1_7' title="bbox 201 3869 1437 3989">
     <span class='ocr_line' id='line_1_57' title="bbox 201 3869 1437 3932; baseline 0.007 -22"><span class='ocrx_word' id='word_1_442' title='bbox 201 3883 360 3911; x_wconf 82' lang='lat' dir='ltr'>cessum</span> <span class='ocrx_word' id='word_1_443' title='bbox 376 3870 447 3925; x_wconf 87' lang='lat' dir='ltr'>qui</span> <span class='ocrx_word' id='word_1_444' title='bbox 469 3877 561 3925; x_wconf 81' lang='lat' dir='ltr'>post</span> <span class='ocrx_word' id='word_1_445' title='bbox 572 3869 721 3911; x_wconf 79' lang='lat' dir='ltr'>multas</span> <span class='ocrx_word' id='word_1_446' title='bbox 744 3871 893 3912; x_wconf 83' lang='lat' dir='ltr'>insulas</span> <span class='ocrx_word' id='word_1_447' title='bbox 909 3875 1180 3930; x_wconf 84' lang='lat' dir='ltr'>scopulosque</span> <span class='ocrx_word' id='word_1_448' title='bbox 1194 3875 1290 3917; x_wconf 85' lang='lat' dir='ltr'>latet</span> <span class='ocrx_word' id='word_1_449' title='bbox 1309 3890 1437 3932; x_wconf 85' lang='lat' dir='ltr'>prope</span> 
     </span>
     <span class='ocr_line' id='line_1_58' title="bbox 203 3931 1437 3989; baseline 0.002 -15"><span class='ocrx_word' id='word_1_450' title='bbox 203 3931 453 3982; x_wconf 74' lang='lat' dir='ltr'>RasHowie,</span> <span class='ocrx_word' id='word_1_451' title='bbox 465 3932 507 3973; x_wconf 92' lang='lat' dir='ltr'>in</span> <span class='ocrx_word' id='word_1_452' title='bbox 521 3946 632 3974; x_wconf 88' lang='lat' dir='ltr'>mare</span> <span class='ocrx_word' id='word_1_453' title='bbox 647 3932 745 3974; x_wconf 90' lang='lat' dir='ltr'>illud</span> <span class='ocrx_word' id='word_1_454' title='bbox 760 3947 1022 3989; x_wconf 75' lang='lat' dir='ltr'>procurrens,</span> <span class='ocrx_word' id='word_1_455' title='bbox 1033 3936 1102 3976; x_wconf 86' lang='lat' dir='ltr'>sed</span> <span class='ocrx_word' id='word_1_456' title='bbox 1119 3945 1199 3978; x_wconf 90' lang='lat' dir='ltr'>tam</span> <span class='ocrx_word' id='word_1_457' title='bbox 1214 3936 1383 3986; x_wconf 77' lang='lat' dir='ltr'>humile,</span> <span class='ocrx_word' id='word_1_458' title='bbox 1393 3943 1437 3977; x_wconf 91' lang='lat' dir='ltr'>ut</span> 
     </span>
    </p>
   </div>
   <div class='ocr_carea' id='block_1_7' title="bbox 205 3993 1441 4117">
    <p class='ocr_par' dir='ltr' id='par_1_8' title="bbox 205 3993 1441 4117">
     <span class='ocr_line' id='line_1_59' title="bbox 205 3993 1441 4052; baseline 0.003 -17"><span class='ocrx_word' id='word_1_459' title='bbox 205 4008 255 4036; x_wconf 81' lang='lat' dir='ltr'>ex</span> <span class='ocrx_word' id='word_1_460' title='bbox 273 4002 389 4050; x_wconf 88' lang='lat' dir='ltr'>parte</span> <span class='ocrx_word' id='word_1_461' title='bbox 410 3993 535 4036; x_wconf 88' lang='lat' dir='ltr'>undis</span> <span class='ocrx_word' id='word_1_462' title='bbox 553 4002 712 4050; x_wconf 76' lang='lat' dir='ltr'>tegatur</span> <span class='ocrx_word' id='word_1_463' title='bbox 734 3995 747 4052; x_wconf 95' lang='lat'>(</span> <span class='ocrx_word' id='word_1_464' title='bbox 764 4010 802 4036; x_wconf 88' lang='lat' dir='ltr'>v.</span> <span class='ocrx_word' id='word_1_465' title='bbox 822 3996 1044 4051; x_wconf 78' lang='lat' dir='ltr'>Bergha‘us.</span> <span class='ocrx_word' id='word_1_466' title='bbox 1065 4000 1240 4041; x_wconf 81' lang='lat' dir='ltr'>Mcmoir</span> <span class='ocrx_word' id='word_1_467' title='bbox 1256 4014 1295 4041; x_wconf 76' lang='lat' dir='ltr'>z.</span> <span class='ocrx_word' id='word_1_468' title='bbox 1314 4002 1441 4041; x_wconf 70' lang='lat' dir='ltr'>Kane</span> 
     </span>
     <span class='ocr_line' id='line_1_60' title="bbox 208 4057 1439 4117; baseline 0.004 -21"><span class='ocrx_word' id='word_1_469' title='bbox 208 4069 252 4100; x_wconf 73' lang='lat' dir='ltr'>v.</span> <span class='ocrx_word' id='word_1_470' title='bbox 269 4057 402 4099; x_wconf 85' lang='lat' dir='ltr'>Arab.</span> <span class='ocrx_word' id='word_1_471' title='bbox 427 4071 470 4113; x_wconf 91' lang='lat' dir='ltr'>p.</span> <span class='ocrx_word' id='word_1_472' title='bbox 491 4060 542 4107; x_wconf 72' lang='lat' dir='ltr'>[tlt</span> <span class='ocrx_word' id='word_1_473' title='bbox 565 4058 599 4114; x_wconf 90' lang='lat'>).</span> <span class='ocrx_word' id='word_1_474' title='bbox 621 4058 761 4111; x_wconf 80' lang='lat' dir='ltr'>Quare</span> <span class='ocrx_word' id='word_1_475' title='bbox 782 4057 834 4100; x_wconf 91' lang='lat' dir='ltr'>ad</span> <span class='ocrx_word' id='word_1_476' title='bbox 854 4059 986 4115; x_wconf 88' lang='lat' dir='ltr'>ipsum</span> <span class='ocrx_word' id='word_1_477' title='bbox 1012 4060 1089 4101; x_wconf 81' lang='lat' dir='ltr'>hoc</span> <span class='ocrx_word' id='word_1_478' title='bbox 1108 4061 1439 4117; x_wconf 84' lang='lat' dir='ltr'>promontorium</span> 
     </span>
    </p>
   </div>
   <div class='ocr_carea' id='block_1_8' title="bbox 1142 195 1739 246">
    <p class='ocr_par' dir='ltr' id='par_1_9' title="bbox 1142 195 1739 246">
     <span class='ocr_line' id='line_1_61' title="bbox 1142 195 1739 246; baseline -0.003 0"><span class='ocrx_word' id='word_1_479' title='bbox 1142 198 1221 246; x_wconf 81' lang='lat' dir='ltr'>Ex</span> <span class='ocrx_word' id='word_1_480' title='bbox 1253 195 1739 246; x_wconf 75' lang='lat' dir='ltr'>AGATflAncmnE</span> 
     </span>
    </p>
   </div>
   <div class='ocr_carea' id='block_1_9' title="bbox 1478 198 2741 377">
    <p class='ocr_par' dir='ltr' id='par_1_10' title="bbox 1478 198 2782 377">
     <span class='ocr_line' id='line_1_62' title="bbox 2607 198 2741 263; baseline 0.03 -19"><span class='ocrx_word' id='word_1_481' title='bbox 2607 198 2741 263; x_wconf 53' lang='lat' dir='ltr'>(ss-y„</span> 
     </span>
     <span class='ocr_line' id='line_1_63' title="bbox 1478 310 2715 377; baseline -0.001 -24"><span class='ocrx_word' id='word_1_482' title='bbox 1478 317 1686 353; x_wconf 62' lang='lat' dir='ltr'>manate</span> <span class='ocrx_word' id='word_1_483' title='bbox 1705 323 1757 352; x_wconf 85' lang='lat' dir='ltr'>ex</span> <span class='ocrx_word' id='word_1_484' title='bbox 1779 310 1884 352; x_wconf 83' lang='lat' dir='ltr'>mari</span> <span class='ocrx_word' id='word_1_485' title='bbox 1917 310 2046 351; x_wconf 83' lang='lat' dir='ltr'>fluctu</span> <span class='ocrx_word' id='word_1_486' title='bbox 2060 339 2072 361; x_wconf 90' lang='lat'>,</span> <span class='ocrx_word' id='word_1_487' title='bbox 2097 317 2266 365; x_wconf 85' lang='lat' dir='ltr'>repente</span> <span class='ocrx_word' id='word_1_488' title='bbox 2293 316 2503 365; x_wconf 88' lang='lat' dir='ltr'>susceptos</span> <span class='ocrx_word' id='word_1_489' title='bbox 2522 312 2715 377; x_wconf 50' lang='lat' dir='ltr'>servavita</span> 
     </span>
    </p>
   </div>
   <div class='ocr_carea' id='block_1_10' title="bbox 1478 376 2782 520">
    <p class='ocr_par' dir='ltr' id='par_1_11' title="bbox 1478 376 2782 520">
     <span class='ocr_line' id='line_1_64' title="bbox 1479 376 2773 436; baseline -0.002 -15"><span class='ocrx_word' id='word_1_490' title='bbox 1479 376 1663 432; x_wconf 81' lang='lat' dir='ltr'>Quando</span> <span class='ocrx_word' id='word_1_491' title='bbox 1678 392 1778 421; x_wconf 76' lang='lat' dir='ltr'>vero</span> <span class='ocrx_word' id='word_1_492' title='bbox 1794 377 1988 420; x_wconf 81' lang='lat' dir='ltr'>alimenta</span> <span class='ocrx_word' id='word_1_493' title='bbox 2004 376 2220 429; x_wconf 82' lang='lat' dir='ltr'>deliciunt,</span> <span class='ocrx_word' id='word_1_494' title='bbox 2244 378 2473 419; x_wconf 81' lang='lat' dir='ltr'>innumerae</span> <span class='ocrx_word' id='word_1_495' title='bbox 2490 377 2739 436; x_wconf 28' lang='lat' dir='ltr'>succedam*¹</span> <span class='ocrx_word' id='word_1_496' title='bbox 2771 407 2773 413; x_wconf 32' lang='lat'><strong>¹</strong></span> 
     </span>
     <span class='ocr_line' id='line_1_65' title="bbox 1478 437 2782 520; baseline 0.002 -31"><span class='ocrx_word' id='word_1_497' title='bbox 1478 446 1705 489; x_wconf 76' lang='lat' dir='ltr'>anxietates</span> <span class='ocrx_word' id='word_1_498' title='bbox 1721 477 1734 499; x_wconf 90' lang='lat'>,</span> <span class='ocrx_word' id='word_1_499' title='bbox 1757 446 1891 490; x_wconf 86' lang='lat' dir='ltr'>donec</span> <span class='ocrx_word' id='word_1_500' title='bbox 1904 445 1958 490; x_wconf 84' lang='lat' dir='ltr'>ad</span> <span class='ocrx_word' id='word_1_501' title='bbox 1982 446 2176 490; x_wconf 85' lang='lat' dir='ltr'>ultimum</span> <span class='ocrx_word' id='word_1_502' title='bbox 2193 460 2339 489; x_wconf 86' lang='lat' dir='ltr'>omnes</span> <span class='ocrx_word' id='word_1_503' title='bbox 2354 446 2631 489; x_wconf 85' lang='lat' dir='ltr'>absumuntur</span> <span class='ocrx_word' id='word_1_504' title='bbox 2646 437 2782 520; x_wconf 45' lang='lat' dir='ltr'>aut-235</span> 
     </span>
    </p>
   </div>
   <div class='ocr_carea' id='block_1_11' title="bbox 1478 564 2782 1130">
    <p class='ocr_par' dir='ltr' id='par_1_12' title="bbox 1478 564 2782 1130">
     <span class='ocr_line' id='line_1_66' title="bbox 1478 564 2758 650; baseline 0.002 -23"><span class='ocrx_word' id='word_1_505' title='bbox 1478 585 1608 642; x_wconf 73' lang='lat' dir='ltr'>copiae</span> <span class='ocrx_word' id='word_1_506' title='bbox 1638 584 1895 629; x_wconf 81' lang='lat' dir='ltr'>adscribunt.</span> <span class='ocrx_word' id='word_1_507' title='bbox 1953 564 2137 629; x_wconf 64' lang='lat' dir='ltr'>Na&#39;vibus</span> <span class='ocrx_word' id='word_1_508' title='bbox 2166 586 2292 641; x_wconf 77' lang='lat' dir='ltr'>igitur</span> <span class='ocrx_word' id='word_1_509' title='bbox 2308 587 2482 642; x_wconf 82' lang='lat' dir='ltr'>remigio</span> <span class='ocrx_word' id='word_1_510' title='bbox 2507 588 2758 650; x_wconf 36' lang='lat' dir='ltr'>instructis&amp;</span> 
     </span>
     <span class='ocr_line' id='line_1_67' title="bbox 1478 665 2782 726; baseline 0.003 -18"><span class='ocrx_word' id='word_1_511' title='bbox 1478 665 1594 708; x_wconf 88' lang='lat' dir='ltr'>loeus</span> <span class='ocrx_word' id='word_1_512' title='bbox 1611 666 1677 709; x_wconf 91' lang='lat' dir='ltr'>ille</span> <span class='ocrx_word' id='word_1_513' title='bbox 1701 675 1962 724; x_wconf 85' lang='lat' dir='ltr'>opportunus</span> <span class='ocrx_word' id='word_1_514' title='bbox 1979 676 2065 719; x_wconf 86' lang='lat' dir='ltr'>est,</span> <span class='ocrx_word' id='word_1_515' title='bbox 2088 667 2202 725; x_wconf 93' lang='lat' dir='ltr'>quod</span> <span class='ocrx_word' id='word_1_516' title='bbox 2224 682 2275 710; x_wconf 81' lang='lat' dir='ltr'>ex</span> <span class='ocrx_word' id='word_1_517' title='bbox 2308 668 2537 726; x_wconf 84' lang='lat' dir='ltr'>longinquo</span> <span class='ocrx_word' id='word_1_518' title='bbox 2569 670 2719 712; x_wconf 81' lang='lat' dir='ltr'>fluctus</span> <span class='ocrx_word' id='word_1_519' title='bbox 2760 690 2782 725; x_wconf 42' lang='grc' dir='ltr'>χ..</span> 
     </span>
     <span class='ocr_line' id='line_1_68' title="bbox 1478 730 2782 808; baseline 0.004 -18"><span class='ocrx_word' id='word_1_520' title='bbox 1478 762 1565 791; x_wconf 89' lang='lat' dir='ltr'>non</span> <span class='ocrx_word' id='word_1_521' title='bbox 1576 748 1833 802; x_wconf 83' lang='lat' dir='ltr'>advolvatur,</span> <span class='ocrx_word' id='word_1_522' title='bbox 1842 749 2095 807; x_wconf 83' lang='lat' dir='ltr'>uberemque</span> <span class='ocrx_word' id='word_1_523' title='bbox 2105 750 2279 808; x_wconf 82' lang='lat' dir='ltr'>piscium</span> <span class='ocrx_word' id='word_1_524' title='bbox 2290 759 2501 808; x_wconf 88' lang='lat' dir='ltr'>capturam</span> <span class='ocrx_word' id='word_1_525' title='bbox 2513 751 2717 795; x_wconf 84' lang='lat' dir='ltr'>exhibeat.</span> <span class='ocrx_word' id='word_1_526' title='bbox 2773 730 2782 775; x_wconf 64' lang='lat' dir='ltr'>i</span> 
     </span>
     <span class='ocr_line' id='line_1_69' title="bbox 1479 826 2782 923; baseline 0.003 -52"><span class='ocrx_word' id='word_1_527' title='bbox 1479 832 1538 872; x_wconf 75' lang='lat' dir='ltr'>At</span> <span class='ocrx_word' id='word_1_528' title='bbox 1570 843 1663 886; x_wconf 76' lang='lat' dir='ltr'>quae</span> <span class='ocrx_word' id='word_1_529' title='bbox 1696 829 1932 887; x_wconf 80' lang='lat' dir='ltr'>elephantes</span> <span class='ocrx_word' id='word_1_530' title='bbox 1966 838 2273 888; x_wconf 84' lang='lat' dir='ltr'>transportant,</span> <span class='ocrx_word' id='word_1_531' title='bbox 2312 840 2401 875; x_wconf 89' lang='lat' dir='ltr'>tum</span> <span class='ocrx_word' id='word_1_532' title='bbox 2437 826 2723 890; x_wconf 79' lang='lat' dir='ltr'>profunditate</span> <span class='ocrx_word' id='word_1_533' title='bbox 2767 864 2782 923; x_wconf 63' lang='grc'>1</span> 
     </span>
     <span class='ocr_line' id='line_1_70' title="bbox 1480 910 2723 974; baseline 0.005 -23"><span class='ocrx_word' id='word_1_534' title='bbox 1480 910 1650 974; x_wconf 77' lang='lat' dir='ltr'>carinae,</span> <span class='ocrx_word' id='word_1_535' title='bbox 1674 918 1765 952; x_wconf 88' lang='lat' dir='ltr'>tum</span> <span class='ocrx_word' id='word_1_536' title='bbox 1786 918 2004 953; x_wconf 72' lang='lat' dir='ltr'>structuras</span> <span class='ocrx_word' id='word_1_537' title='bbox 2029 912 2248 967; x_wconf 75' lang='lat' dir='ltr'>gravitate,</span> <span class='ocrx_word' id='word_1_538' title='bbox 2273 914 2432 969; x_wconf 81' lang='lat' dir='ltr'>magnis</span> <span class='ocrx_word' id='word_1_539' title='bbox 2452 922 2493 956; x_wconf 92' lang='lat' dir='ltr'>et</span> <span class='ocrx_word' id='word_1_540' title='bbox 2514 913 2723 956; x_wconf 82' lang='lat' dir='ltr'>atrocibus</span> 
     </span>
     <span class='ocr_line' id='line_1_71' title="bbox 1481 990 2770 1048; baseline 0.002 -14"><span class='ocrx_word' id='word_1_541' title='bbox 1481 999 1627 1034; x_wconf 86' lang='lat' dir='ltr'>nautas</span> <span class='ocrx_word' id='word_1_542' title='bbox 1658 990 1852 1048; x_wconf 85' lang='lat' dir='ltr'>periculis</span> <span class='ocrx_word' id='word_1_543' title='bbox 1874 990 2108 1035; x_wconf 87' lang='lat' dir='ltr'>involvunt.</span> <span class='ocrx_word' id='word_1_544' title='bbox 2168 994 2263 1035; x_wconf 82' lang='lat' dir='ltr'>Non</span> <span class='ocrx_word' id='word_1_545' title='bbox 2291 1008 2387 1037; x_wconf 81' lang='lat' dir='ltr'>raro</span> <span class='ocrx_word' id='word_1_546' title='bbox 2405 996 2517 1038; x_wconf 88' lang='lat' dir='ltr'>enim</span> <span class='ocrx_word' id='word_1_547' title='bbox 2550 996 2722 1038; x_wconf 85' lang='lat' dir='ltr'>intensis</span> <span class='ocrx_word' id='word_1_548' title='bbox 2766 1015 2770 1020; x_wconf 94' lang='lat'>·</span> 
     </span>
     <span class='ocr_line' id='line_1_72' title="bbox 1481 1072 2723 1130; baseline 0.002 -14"><span class='ocrx_word' id='word_1_549' title='bbox 1481 1074 1695 1117; x_wconf 75' lang='lat' dir='ltr'>concitatae</span> <span class='ocrx_word' id='word_1_550' title='bbox 1713 1072 1838 1126; x_wconf 75' lang='lat' dir='ltr'>velis,</span> <span class='ocrx_word' id='word_1_551' title='bbox 1871 1081 1914 1115; x_wconf 89' lang='lat' dir='ltr'>et</span> <span class='ocrx_word' id='word_1_552' title='bbox 1941 1081 2162 1115; x_wconf 83' lang='lat' dir='ltr'>ventorum</span> <span class='ocrx_word' id='word_1_553' title='bbox 2194 1074 2354 1130; x_wconf 87' lang='lat' dir='ltr'>impetu</span> <span class='ocrx_word' id='word_1_554' title='bbox 2378 1075 2457 1118; x_wconf 87' lang='lat' dir='ltr'>sub</span> <span class='ocrx_word' id='word_1_555' title='bbox 2478 1084 2643 1119; x_wconf 88' lang='lat' dir='ltr'>noctem</span> <span class='ocrx_word' id='word_1_556' title='bbox 2672 1091 2723 1118; x_wconf 90' lang='lat' dir='ltr'>eo</span> 
     </span>
    </p>
   </div>
   <div class='ocr_carea' id='block_1_12' title="bbox 1481 1153 2782 1673">
    <p class='ocr_par' dir='ltr' id='par_1_13' title="bbox 1481 1153 2782 1673">
     <span class='ocr_line' id='line_1_73' title="bbox 1482 1153 2724 1214; baseline 0 -14"><span class='ocrx_word' id='word_1_557' title='bbox 1482 1155 1725 1214; x_wconf 74' lang='lat' dir='ltr'>compulsae,</span> <span class='ocrx_word' id='word_1_558' title='bbox 1748 1169 1863 1199; x_wconf 93' lang='lat' dir='ltr'>nunc</span> <span class='ocrx_word' id='word_1_559' title='bbox 1883 1153 1938 1198; x_wconf 82' lang='lat' dir='ltr'>ad</span> <span class='ocrx_word' id='word_1_560' title='bbox 1958 1155 2150 1213; x_wconf 86' lang='lat' dir='ltr'>scopulos</span> <span class='ocrx_word' id='word_1_561' title='bbox 2172 1154 2386 1212; x_wconf 78' lang='lat' dir='ltr'>naufragia</span> <span class='ocrx_word' id='word_1_562' title='bbox 2408 1156 2590 1210; x_wconf 79' lang='lat' dir='ltr'>faciunt,</span> <span class='ocrx_word' id='word_1_563' title='bbox 2611 1171 2724 1200; x_wconf 92' lang='lat' dir='ltr'>nunc</span> 
     </span>
     <span class='ocr_line' id='line_1_74' title="bbox 1482 1231 2782 1288; baseline 0.001 -12"><span class='ocrx_word' id='word_1_564' title='bbox 1482 1234 1527 1276; x_wconf 90' lang='lat' dir='ltr'>in</span> <span class='ocrx_word' id='word_1_565' title='bbox 1548 1233 1722 1276; x_wconf 84' lang='lat' dir='ltr'>isthmos</span> <span class='ocrx_word' id='word_1_566' title='bbox 1752 1232 1921 1276; x_wconf 84' lang='lat' dir='ltr'>limosos</span> <span class='ocrx_word' id='word_1_567' title='bbox 1941 1231 2203 1275; x_wconf 80' lang='lat' dir='ltr'>deseruntur.</span> <span class='ocrx_word' id='word_1_568' title='bbox 2262 1233 2350 1275; x_wconf 88' lang='lat' dir='ltr'>Nec</span> <span class='ocrx_word' id='word_1_569' title='bbox 2371 1232 2649 1276; x_wconf 84' lang='lat' dir='ltr'>exscendendi</span> <span class='ocrx_word' id='word_1_570' title='bbox 2665 1233 2726 1277; x_wconf 72' lang='lat' dir='ltr'>fa-</span> <span class='ocrx_word' id='word_1_571' title='bbox 2752 1235 2782 1288; x_wconf 62' lang='grc' dir='ltr'>ᾖ(</span> 
     </span>
     <span class='ocr_line' id='line_1_75' title="bbox 1482 1308 2759 1367; baseline -0.001 -13"><span class='ocrx_word' id='word_1_572' title='bbox 1482 1310 1612 1355; x_wconf 85' lang='lat' dir='ltr'>cultas</span> <span class='ocrx_word' id='word_1_573' title='bbox 1643 1310 1768 1353; x_wconf 88' lang='lat' dir='ltr'>datur</span> <span class='ocrx_word' id='word_1_574' title='bbox 1798 1309 1963 1363; x_wconf 86' lang='lat' dir='ltr'>nautis,</span> <span class='ocrx_word' id='word_1_575' title='bbox 1987 1308 2103 1367; x_wconf 88' lang='lat' dir='ltr'>quod</span> <span class='ocrx_word' id='word_1_576' title='bbox 2131 1308 2285 1351; x_wconf 81' lang='lat' dir='ltr'>vadum</span> <span class='ocrx_word' id='word_1_577' title='bbox 2310 1309 2482 1352; x_wconf 89' lang='lat' dir='ltr'>homine</span> <span class='ocrx_word' id='word_1_578' title='bbox 2514 1309 2634 1352; x_wconf 87' lang='lat' dir='ltr'>altius</span> <span class='ocrx_word' id='word_1_579' title='bbox 2655 1310 2723 1353; x_wconf 83' lang='lat' dir='ltr'>sit.</span> <span class='ocrx_word' id='word_1_580' title='bbox 2751 1329 2759 1363; x_wconf 63' lang='lat' dir='ltr'>J.</span> 
     </span>
     <span class='ocr_line' id='line_1_76' title="bbox 1481 1371 2755 1445; baseline -0.005 -13"><span class='ocrx_word' id='word_1_581' title='bbox 1481 1391 1577 1432; x_wconf 88' lang='lat' dir='ltr'>Jam</span> <span class='ocrx_word' id='word_1_582' title='bbox 1597 1389 1633 1431; x_wconf 86' lang='lat' dir='ltr'>si</span> <span class='ocrx_word' id='word_1_583' title='bbox 1651 1402 1799 1432; x_wconf 83' lang='lat' dir='ltr'>navem</span> <span class='ocrx_word' id='word_1_584' title='bbox 1824 1388 1958 1431; x_wconf 73' lang='lat' dir='ltr'>mutis</span> <span class='ocrx_word' id='word_1_585' title='bbox 1980 1386 2231 1445; x_wconf 89' lang='lat' dir='ltr'>impellendo</span> <span class='ocrx_word' id='word_1_586' title='bbox 2256 1386 2358 1429; x_wconf 88' lang='lat' dir='ltr'>nihil</span> <span class='ocrx_word' id='word_1_587' title='bbox 2388 1385 2617 1443; x_wconf 84' lang='lat' dir='ltr'>quidquam</span> <span class='ocrx_word' id='word_1_588' title='bbox 2638 1386 2724 1430; x_wconf 81' lang='lat' dir='ltr'>etti-</span> <span class='ocrx_word' id='word_1_589' title='bbox 2750 1371 2755 1426; x_wconf 68' lang='lat'>,⁵</span> 
     </span>
     <span class='ocr_line' id='line_1_77' title="bbox 1484 1461 2725 1521; baseline -0.001 -14"><span class='ocrx_word' id='word_1_590' title='bbox 1484 1466 1627 1517; x_wconf 78' lang='lat' dir='ltr'>ciunt,</span> <span class='ocrx_word' id='word_1_591' title='bbox 1670 1472 1919 1507; x_wconf 89' lang='lat' dir='ltr'>cunctorum</span> <span class='ocrx_word' id='word_1_592' title='bbox 1953 1472 2104 1521; x_wconf 84' lang='lat' dir='ltr'>praeter</span> <span class='ocrx_word' id='word_1_593' title='bbox 2149 1462 2264 1505; x_wconf 90' lang='lat' dir='ltr'>eibos</span> <span class='ocrx_word' id='word_1_594' title='bbox 2302 1461 2507 1519; x_wconf 87' lang='lat' dir='ltr'>jacturam</span> <span class='ocrx_word' id='word_1_595' title='bbox 2542 1463 2725 1517; x_wconf 73' lang='lat' dir='ltr'>faciunt5</span> 
     </span>
     <span class='ocr_line' id='line_1_78' title="bbox 1484 1538 2727 1599; baseline 0 -16"><span class='ocrx_word' id='word_1_596' title='bbox 1484 1541 1632 1599; x_wconf 89' lang='lat' dir='ltr'>quodsi</span> <span class='ocrx_word' id='word_1_597' title='bbox 1653 1556 1706 1583; x_wconf 92' lang='lat' dir='ltr'>ne</span> <span class='ocrx_word' id='word_1_598' title='bbox 1723 1542 1782 1583; x_wconf 89' lang='lat' dir='ltr'>sic</span> <span class='ocrx_word' id='word_1_599' title='bbox 1798 1540 1969 1597; x_wconf 91' lang='lat' dir='ltr'>quidem</span> <span class='ocrx_word' id='word_1_600' title='bbox 1984 1540 2155 1582; x_wconf 86' lang='lat' dir='ltr'>salutem</span> <span class='ocrx_word' id='word_1_601' title='bbox 2175 1538 2252 1581; x_wconf 87' lang='lat' dir='ltr'>sibi</span> <span class='ocrx_word' id='word_1_602' title='bbox 2273 1540 2525 1595; x_wconf 80' lang='lat' dir='ltr'>paraverint,</span> <span class='ocrx_word' id='word_1_603' title='bbox 2546 1539 2598 1581; x_wconf 88' lang='lat' dir='ltr'>ad</span> <span class='ocrx_word' id='word_1_604' title='bbox 2616 1554 2727 1583; x_wconf 87' lang='lat' dir='ltr'>sum·</span> 
     </span>
     <span class='ocr_line' id='line_1_79' title="bbox 1485 1616 2728 1673; baseline -0.001 -13"><span class='ocrx_word' id='word_1_605' title='bbox 1485 1633 1572 1660; x_wconf 86' lang='lat' dir='ltr'>mas</span> <span class='ocrx_word' id='word_1_606' title='bbox 1609 1617 1855 1673; x_wconf 83' lang='lat' dir='ltr'>rediguntur</span> <span class='ocrx_word' id='word_1_607' title='bbox 1886 1617 2122 1671; x_wconf 63' lang='lat' dir='ltr'>angustia-,5</span> <span class='ocrx_word' id='word_1_608' title='bbox 2157 1630 2235 1657; x_wconf 90' lang='lat' dir='ltr'>nec</span> <span class='ocrx_word' id='word_1_609' title='bbox 2266 1617 2378 1658; x_wconf 89' lang='lat' dir='ltr'>enim</span> <span class='ocrx_word' id='word_1_610' title='bbox 2413 1616 2613 1668; x_wconf 84' lang='lat' dir='ltr'>insulam,</span> <span class='ocrx_word' id='word_1_611' title='bbox 2652 1631 2728 1659; x_wconf 90' lang='lat' dir='ltr'>nec</span> 
     </span>
    </p>
   </div>
   <div class='ocr_carea' id='block_1_13' title="bbox 1489 1749 2782 4116">
    <p class='ocr_par' dir='ltr' id='par_1_14' title="bbox 1489 1749 2782 4116">
     <span class='ocr_line' id='line_1_80' title="bbox 1489 1749 2729 1807; baseline -0.001 -14"><span class='ocrx_word' id='word_1_612' title='bbox 1489 1751 1643 1794; x_wconf 79' lang='lat' dir='ltr'>resen-e</span> <span class='ocrx_word' id='word_1_613' title='bbox 1690 1750 1822 1807; x_wconf 86' lang='lat' dir='ltr'>possis</span> <span class='ocrx_word' id='word_1_614' title='bbox 1864 1763 1990 1805; x_wconf 85' lang='lat' dir='ltr'>quam</span> <span class='ocrx_word' id='word_1_615' title='bbox 2033 1749 2322 1792; x_wconf 81' lang='lat' dir='ltr'>Artemidorus</span> <span class='ocrx_word' id='word_1_616' title='bbox 2367 1757 2568 1791; x_wconf 84' lang='lat' dir='ltr'>memorat</span> <span class='ocrx_word' id='word_1_617' title='bbox 2610 1752 2729 1803; x_wconf 77' lang='grc' dir='ltr'>νῆσον</span> 
     </span>
     <span class='ocr_line' id='line_1_81' title="bbox 1490 1811 2731 1870; baseline 0.001 -15"><span class='ocrx_word' id='word_1_618' title='bbox 1490 1813 1603 1870; x_wconf 82' lang='grc' dir='ltr'>ἐλαίᾳ</span> <span class='ocrx_word' id='word_1_619' title='bbox 1633 1813 1848 1869; x_wconf 81' lang='grc' dir='ltr'>κατάφυτον</span> <span class='ocrx_word' id='word_1_620' title='bbox 1875 1812 2193 1869; x_wconf 78' lang='grc' dir='ltr'>ἐπικλυζομὲνην.</span> <span class='ocrx_word' id='word_1_621' title='bbox 2219 1811 2375 1854; x_wconf 86' lang='lat' dir='ltr'>Eadem</span> <span class='ocrx_word' id='word_1_622' title='bbox 2414 1812 2545 1854; x_wconf 88' lang='lat' dir='ltr'>insula</span> <span class='ocrx_word' id='word_1_623' title='bbox 2567 1811 2630 1855; x_wconf 79' lang='lat' dir='ltr'>vel</span> <span class='ocrx_word' id='word_1_624' title='bbox 2653 1812 2731 1856; x_wconf 80' lang='lat' dir='ltr'>alia</span> 
     </span>
     <span class='ocr_line' id='line_1_82' title="bbox 1490 1874 2732 1932; baseline 0 -14"><span class='ocrx_word' id='word_1_625' title='bbox 1490 1877 1533 1918; x_wconf 91' lang='lat' dir='ltr'>in</span> <span class='ocrx_word' id='word_1_626' title='bbox 1555 1876 1638 1919; x_wconf 90' lang='lat' dir='ltr'>alto</span> <span class='ocrx_word' id='word_1_627' title='bbox 1659 1877 1788 1932; x_wconf 78' lang='lat' dir='ltr'>magis</span> <span class='ocrx_word' id='word_1_628' title='bbox 1803 1874 1945 1932; x_wconf 73' lang='lat' dir='ltr'>Jacens</span> <span class='ocrx_word' id='word_1_629' title='bbox 1964 1876 2137 1931; x_wconf 90' lang='lat' dir='ltr'>proprio</span> <span class='ocrx_word' id='word_1_630' title='bbox 2166 1875 2335 1917; x_wconf 88' lang='lat' dir='ltr'>nominc</span> <span class='ocrx_word' id='word_1_631' title='bbox 2356 1875 2397 1916; x_wconf 93' lang='lat' dir='ltr'>in</span> <span class='ocrx_word' id='word_1_632' title='bbox 2418 1874 2593 1916; x_wconf 88' lang='lat' dir='ltr'>Diodori</span> <span class='ocrx_word' id='word_1_633' title='bbox 2617 1874 2732 1918; x_wconf 89' lang='lat' dir='ltr'>codi-</span> 
     </span>
     <span class='ocr_line' id='line_1_83' title="bbox 1490 1937 2731 1995; baseline 0.001 -15"><span class='ocrx_word' id='word_1_634' title='bbox 1490 1939 1606 1981; x_wconf 85' lang='lat' dir='ltr'>cibus</span> <span class='ocrx_word' id='word_1_635' title='bbox 1627 1938 1760 1995; x_wconf 86' lang='grc' dir='ltr'>Μαρία</span> <span class='ocrx_word' id='word_1_636' title='bbox 1773 1970 1784 1989; x_wconf 88' lang='grc'><em>,</em></span> <span class='ocrx_word' id='word_1_637' title='bbox 1805 1953 1830 1980; x_wconf 84' lang='lat' dir='ltr'>a</span> <span class='ocrx_word' id='word_1_638' title='bbox 1856 1938 1991 1981; x_wconf 91' lang='lat' dir='ltr'>Plinio</span> <span class='ocrx_word' id='word_1_639' title='bbox 2006 1940 2166 1988; x_wconf 75' lang='lat' dir='ltr'>Mat-ea,</span> <span class='ocrx_word' id='word_1_640' title='bbox 2198 1953 2222 1979; x_wconf 95' lang='lat' dir='ltr'>a</span> <span class='ocrx_word' id='word_1_641' title='bbox 2242 1937 2462 1980; x_wconf 80' lang='lat' dir='ltr'>Ptolcmaeo</span> <span class='ocrx_word' id='word_1_642' title='bbox 2480 1937 2686 1994; x_wconf 83' lang='grc' dir='ltr'>Μύρωνος,</span> <span class='ocrx_word' id='word_1_643' title='bbox 2708 1953 2731 1981; x_wconf 83' lang='lat' dir='ltr'>a</span> 
     </span>
     <span class='ocr_line' id='line_1_84' title="bbox 1490 1999 2733 2058; baseline -0.002 -13"><span class='ocrx_word' id='word_1_644' title='bbox 1490 2003 1644 2057; x_wconf 80' lang='lat' dir='ltr'>Geogr.</span> <span class='ocrx_word' id='word_1_645' title='bbox 1666 2004 1768 2044; x_wconf 84' lang='lat' dir='ltr'>Rav.</span> <span class='ocrx_word' id='word_1_646' title='bbox 1792 2000 1951 2045; x_wconf 76' lang='lat' dir='ltr'>Martis</span> <span class='ocrx_word' id='word_1_647' title='bbox 1975 2000 2108 2042; x_wconf 88' lang='lat' dir='ltr'>insula</span> <span class='ocrx_word' id='word_1_648' title='bbox 2133 2000 2375 2058; x_wconf 89' lang='lat' dir='ltr'>appellatur.</span> <span class='ocrx_word' id='word_1_649' title='bbox 2407 1999 2569 2043; x_wconf 89' lang='lat' dir='ltr'>Deinde</span> <span class='ocrx_word' id='word_1_650' title='bbox 2596 2002 2733 2058; x_wconf 89' lang='lat' dir='ltr'>sequi-</span> 
     </span>
     <span class='ocr_line' id='line_1_85' title="bbox 1491 2062 2730 2120; baseline 0 -14"><span class='ocrx_word' id='word_1_651' title='bbox 1491 2073 1561 2107; x_wconf 92' lang='lat' dir='ltr'>tur</span> <span class='ocrx_word' id='word_1_652' title='bbox 1582 2068 1664 2108; x_wconf 74' lang='lat' dir='ltr'>Bas</span> <span class='ocrx_word' id='word_1_653' title='bbox 1695 2064 1824 2107; x_wconf 78' lang='lat' dir='ltr'>Assiz</span> <span class='ocrx_word' id='word_1_654' title='bbox 1848 2065 1933 2106; x_wconf 88' lang='lat' dir='ltr'>sive</span> <span class='ocrx_word' id='word_1_655' title='bbox 1956 2067 2131 2106; x_wconf 82' lang='lat' dir='ltr'>Ascease</span> <span class='ocrx_word' id='word_1_656' title='bbox 2157 2065 2173 2116; x_wconf 92' lang='lat'>(</span> <span class='ocrx_word' id='word_1_657' title='bbox 2203 2065 2289 2115; x_wconf 86' lang='lat'>18⁰,</span> <span class='ocrx_word' id='word_1_658' title='bbox 2328 2062 2398 2113; x_wconf 54' lang='grc' dir='ltr'>αἶρ’</span> <span class='ocrx_word' id='word_1_659' title='bbox 2430 2069 2462 2119; x_wconf 89' lang='grc'>),</span> <span class='ocrx_word' id='word_1_660' title='bbox 2498 2064 2730 2120; x_wconf 77' lang='lat' dir='ltr'>peninsula,</span> 
     </span>
     <span class='ocr_line' id='line_1_86' title="bbox 1490 2124 2730 2184; baseline -0.001 -16"><span class='ocrx_word' id='word_1_661' title='bbox 1490 2127 1712 2184; x_wconf 85' lang='lat' dir='ltr'>perhumili</span> <span class='ocrx_word' id='word_1_662' title='bbox 1734 2127 1893 2168; x_wconf 87' lang='lat' dir='ltr'>cervice</span> <span class='ocrx_word' id='word_1_663' title='bbox 1920 2140 2092 2167; x_wconf 87' lang='lat' dir='ltr'>arenosa</span> <span class='ocrx_word' id='word_1_664' title='bbox 2116 2139 2211 2166; x_wconf 86' lang='lat' dir='ltr'>cum</span> <span class='ocrx_word' id='word_1_665' title='bbox 2235 2126 2474 2167; x_wconf 87' lang='lat' dir='ltr'>continente</span> <span class='ocrx_word' id='word_1_666' title='bbox 2492 2124 2703 2167; x_wconf 67' lang='lat' dir='ltr'>cohaerens</span> <span class='ocrx_word' id='word_1_667' title='bbox 2717 2158 2730 2179; x_wconf 87' lang='lat'>,</span> 
     </span>
     <span class='ocr_line' id='line_1_87' title="bbox 1491 2186 2734 2242; baseline 0.001 -12"><span class='ocrx_word' id='word_1_668' title='bbox 1491 2189 1596 2230; x_wconf 90' lang='lat' dir='ltr'>adeo</span> <span class='ocrx_word' id='word_1_669' title='bbox 1614 2198 1660 2231; x_wconf 91' lang='lat' dir='ltr'>ut</span> <span class='ocrx_word' id='word_1_670' title='bbox 1678 2188 1810 2230; x_wconf 88' lang='lat' dir='ltr'>insula</span> <span class='ocrx_word' id='word_1_671' title='bbox 1831 2203 1880 2229; x_wconf 87' lang='lat' dir='ltr'>ex</span> <span class='ocrx_word' id='word_1_672' title='bbox 1908 2187 2135 2242; x_wconf 88' lang='lat' dir='ltr'>longinquo</span> <span class='ocrx_word' id='word_1_673' title='bbox 2154 2186 2357 2241; x_wconf 72' lang='lat' dir='ltr'>videatur.</span> <span class='ocrx_word' id='word_1_674' title='bbox 2378 2188 2496 2229; x_wconf 79' lang='lat' dir='ltr'>Hanc</span> <span class='ocrx_word' id='word_1_675' title='bbox 2522 2202 2610 2230; x_wconf 69' lang='lat' dir='ltr'>oese</span> <span class='ocrx_word' id='word_1_676' title='bbox 2635 2190 2734 2231; x_wconf 88' lang='lat' dir='ltr'>Pto·</span> 
     </span>
     <span class='ocr_line' id='line_1_88' title="bbox 1492 2249 2782 2308; baseline -0.002 -15"><span class='ocrx_word' id='word_1_677' title='bbox 1492 2250 1710 2293; x_wconf 89' lang='lat' dir='ltr'>lemaidem</span> <span class='ocrx_word' id='word_1_678' title='bbox 1733 2255 1809 2292; x_wconf 83' lang='grc' dir='ltr'>τῶν</span> <span class='ocrx_word' id='word_1_679' title='bbox 1843 2251 1969 2306; x_wconf 82' lang='grc' dir='ltr'>θηρῶν</span> <span class='ocrx_word' id='word_1_680' title='bbox 2000 2249 2062 2291; x_wconf 85' lang='lat' dir='ltr'>vel</span> <span class='ocrx_word' id='word_1_681' title='bbox 2089 2249 2333 2306; x_wconf 76' lang='lat' dir='ltr'>Epitheram</span> <span class='ocrx_word' id='word_1_682' title='bbox 2368 2249 2570 2308; x_wconf 68' lang='lat' dir='ltr'>(Plin.,),</span> <span class='ocrx_word' id='word_1_683' title='bbox 2591 2250 2734 2307; x_wconf 84' lang='grc' dir='ltr'>κτίσμα</span> <span class='ocrx_word' id='word_1_684' title='bbox 2780 2287 2782 2290; x_wconf 92' lang='grc'>.</span> 
     </span>
     <span class='ocr_line' id='line_1_89' title="bbox 1494 2311 2735 2371; baseline -0.001 -16"><span class='ocrx_word' id='word_1_685' title='bbox 1494 2314 1746 2371; x_wconf 77' lang='grc' dir='ltr'>Εὐμήδους...</span> <span class='ocrx_word' id='word_1_686' title='bbox 1785 2312 1912 2369; x_wconf 82' lang='grc' dir='ltr'>λάθρα</span> <span class='ocrx_word' id='word_1_687' title='bbox 1936 2311 2267 2368; x_wconf 78' lang='grc' dir='ltr'>περιὸαλλομένου</span> <span class='ocrx_word' id='word_1_688' title='bbox 2299 2311 2529 2369; x_wconf 82' lang='grc' dir='ltr'>χερσονήσῳ</span> <span class='ocrx_word' id='word_1_689' title='bbox 2561 2311 2639 2355; x_wconf 70' lang='grc' dir='ltr'>τινὶ</span> <span class='ocrx_word' id='word_1_690' title='bbox 2663 2313 2735 2356; x_wconf 79' lang='grc' dir='ltr'>τά·</span> 
     </span>
     <span class='ocr_line' id='line_1_90' title="bbox 1493 2373 2774 2431; baseline 0.002 -14"><span class='ocrx_word' id='word_1_691' title='bbox 1493 2390 1588 2431; x_wconf 80' lang='grc' dir='ltr'>φρον</span> <span class='ocrx_word' id='word_1_692' title='bbox 1612 2375 1678 2417; x_wconf 75' lang='grc' dir='ltr'>καὶ</span> <span class='ocrx_word' id='word_1_693' title='bbox 1712 2374 1917 2431; x_wconf 78' lang='grc' dir='ltr'>περίὸολον</span> <span class='ocrx_word' id='word_1_694' title='bbox 1943 2373 1957 2431; x_wconf 95' lang='grc'>(</span> <span class='ocrx_word' id='word_1_695' title='bbox 1980 2377 2142 2417; x_wconf 82' lang='lat' dir='ltr'>Artem.</span> <span class='ocrx_word' id='word_1_696' title='bbox 2167 2376 2210 2428; x_wconf 89' lang='lat'>)‚</span> <span class='ocrx_word' id='word_1_697' title='bbox 2234 2374 2376 2426; x_wconf 81' lang='lat' dir='ltr'>statuit</span> <span class='ocrx_word' id='word_1_698' title='bbox 2407 2373 2665 2418; x_wconf 80' lang='lat' dir='ltr'>D&#39;Anvillius</span> <span class='ocrx_word' id='word_1_699' title='bbox 2694 2382 2737 2419; x_wconf 76' lang='lat' dir='ltr'>et</span> <span class='ocrx_word' id='word_1_700' title='bbox 2771 2376 2774 2377; x_wconf 44' lang='lat'><em>⁷</em></span> 
     </span>
     <span class='ocr_line' id='line_1_91' title="bbox 1494 2435 2736 2495; baseline 0.001 -15"><span class='ocrx_word' id='word_1_701' title='bbox 1494 2438 1698 2490; x_wconf 87' lang='lat' dir='ltr'>Valentia,</span> <span class='ocrx_word' id='word_1_702' title='bbox 1720 2438 1792 2494; x_wconf 91' lang='lat' dir='ltr'>qui</span> <span class='ocrx_word' id='word_1_703' title='bbox 1807 2452 1917 2494; x_wconf 89' lang='lat' dir='ltr'>pone</span> <span class='ocrx_word' id='word_1_704' title='bbox 1937 2450 2028 2479; x_wconf 89' lang='lat' dir='ltr'>eam</span> <span class='ocrx_word' id='word_1_705' title='bbox 2052 2437 2093 2478; x_wconf 92' lang='lat' dir='ltr'>in</span> <span class='ocrx_word' id='word_1_706' title='bbox 2115 2437 2283 2491; x_wconf 84' lang='lat' dir='ltr'>regione</span> <span class='ocrx_word' id='word_1_707' title='bbox 2305 2436 2517 2478; x_wconf 78' lang='lat' dir='ltr'>Kusclttan</span> <span class='ocrx_word' id='word_1_708' title='bbox 2533 2435 2736 2495; x_wconf 80' lang='lat' dir='ltr'>plurimos</span> 
     </span>
     <span class='ocr_line' id='line_1_92' title="bbox 1496 2498 2779 2557; baseline 0.001 -15"><span class='ocrx_word' id='word_1_709' title='bbox 1496 2501 1645 2557; x_wconf 83' lang='lat' dir='ltr'>degere</span> <span class='ocrx_word' id='word_1_710' title='bbox 1677 2501 1916 2557; x_wconf 86' lang='lat' dir='ltr'>elephantos</span> <span class='ocrx_word' id='word_1_711' title='bbox 1952 2508 2223 2555; x_wconf 84' lang='lat' dir='ltr'>compererat.</span> <span class='ocrx_word' id='word_1_712' title='bbox 2262 2500 2348 2541; x_wconf 91' lang='lat' dir='ltr'>Nec</span> <span class='ocrx_word' id='word_1_713' title='bbox 2377 2498 2554 2543; x_wconf 85' lang='lat' dir='ltr'>multum</span> <span class='ocrx_word' id='word_1_714' title='bbox 2579 2514 2605 2542; x_wconf 88' lang='lat' dir='ltr'>a</span> <span class='ocrx_word' id='word_1_715' title='bbox 2637 2514 2736 2543; x_wconf 81' lang='lat' dir='ltr'>vero</span> <span class='ocrx_word' id='word_1_716' title='bbox 2778 2519 2779 2522; x_wconf 45' lang='lat'>¹</span> 
     </span>
     <span class='ocr_line' id='line_1_93' title="bbox 1495 2561 2734 2618; baseline 0.001 -13"><span class='ocrx_word' id='word_1_717' title='bbox 1495 2563 1704 2605; x_wconf 85' lang='lat' dir='ltr'>aberrasse</span> <span class='ocrx_word' id='word_1_718' title='bbox 1737 2562 1946 2604; x_wconf 87' lang='lat' dir='ltr'>videntur.</span> <span class='ocrx_word' id='word_1_719' title='bbox 1982 2563 2088 2604; x_wconf 90' lang='lat' dir='ltr'>Nam</span> <span class='ocrx_word' id='word_1_720' title='bbox 2111 2576 2241 2618; x_wconf 90' lang='lat' dir='ltr'>prope</span> <span class='ocrx_word' id='word_1_721' title='bbox 2270 2561 2564 2605; x_wconf 86' lang='lat' dir='ltr'>Ptolemaidem</span> <span class='ocrx_word' id='word_1_722' title='bbox 2598 2562 2734 2606; x_wconf 87' lang='lat' dir='ltr'>laeum</span> 
     </span>
     <span class='ocr_line' id='line_1_94' title="bbox 1497 2623 2770 2681; baseline 0.001 -15"><span class='ocrx_word' id='word_1_723' title='bbox 1497 2640 1584 2666; x_wconf 88' lang='lat' dir='ltr'>esse</span> <span class='ocrx_word' id='word_1_724' title='bbox 1602 2624 1833 2668; x_wconf 80' lang='lat' dir='ltr'>Monoleum</span> <span class='ocrx_word' id='word_1_725' title='bbox 1854 2623 1977 2666; x_wconf 87' lang='lat' dir='ltr'>docet</span> <span class='ocrx_word' id='word_1_726' title='bbox 1994 2623 2166 2666; x_wconf 87' lang='lat' dir='ltr'>Plinius.</span> <span class='ocrx_word' id='word_1_727' title='bbox 2187 2626 2281 2665; x_wconf 86' lang='lat' dir='ltr'>Jam</span> <span class='ocrx_word' id='word_1_728' title='bbox 2298 2624 2454 2665; x_wconf 83' lang='lat' dir='ltr'>veroin</span> <span class='ocrx_word' id='word_1_729' title='bbox 2476 2637 2624 2681; x_wconf 85' lang='lat' dir='ltr'>mappa</span> <span class='ocrx_word' id='word_1_730' title='bbox 2642 2626 2733 2667; x_wconf 87' lang='lat' dir='ltr'>Mo·</span> <span class='ocrx_word' id='word_1_731' title='bbox 2768 2639 2770 2641; x_wconf 90' lang='lat'>·</span> 
     </span>
     <span class='ocr_line' id='line_1_95' title="bbox 1497 2684 2736 2745; baseline 0.001 -17"><span class='ocrx_word' id='word_1_732' title='bbox 1497 2686 1632 2742; x_wconf 84' lang='lat' dir='ltr'>resbyi</span> <span class='ocrx_word' id='word_1_733' title='bbox 1657 2685 1768 2728; x_wconf 87' lang='lat' dir='ltr'>lacus</span> <span class='ocrx_word' id='word_1_734' title='bbox 1791 2699 1964 2740; x_wconf 83' lang='lat' dir='ltr'>magnus</span> <span class='ocrx_word' id='word_1_735' title='bbox 2000 2693 2167 2726; x_wconf 88' lang='lat' dir='ltr'>notatur</span> <span class='ocrx_word' id='word_1_736' title='bbox 2192 2684 2328 2745; x_wconf 80' lang='lat' dir='ltr'>paullo</span> <span class='ocrx_word' id='word_1_737' title='bbox 2357 2693 2450 2741; x_wconf 93' lang='lat' dir='ltr'>post</span> <span class='ocrx_word' id='word_1_738' title='bbox 2478 2688 2563 2728; x_wconf 76' lang='lat' dir='ltr'>Bas</span> <span class='ocrx_word' id='word_1_739' title='bbox 2594 2688 2736 2730; x_wconf 65' lang='lat' dir='ltr'>How-ie</span> 
     </span>
     <span class='ocr_line' id='line_1_96' title="bbox 1501 2747 2741 2805; baseline 0 -14"><span class='ocrx_word' id='word_1_740' title='bbox 1501 2749 1515 2805; x_wconf 95' lang='lat'>(</span> <span class='ocrx_word' id='word_1_741' title='bbox 1536 2751 1621 2791; x_wconf 78' lang='lat' dir='ltr'>Itas</span> <span class='ocrx_word' id='word_1_742' title='bbox 1643 2747 1803 2800; x_wconf 78' lang='lat' dir='ltr'>Mugda</span> <span class='ocrx_word' id='word_1_743' title='bbox 1830 2762 1898 2803; x_wconf 86' lang='lat' dir='ltr'>ap.</span> <span class='ocrx_word' id='word_1_744' title='bbox 1922 2747 2115 2803; x_wconf 79' lang='lat' dir='ltr'>Moresby</span> <span class='ocrx_word' id='word_1_745' title='bbox 2140 2748 2179 2804; x_wconf 95' lang='lat'>),</span> <span class='ocrx_word' id='word_1_746' title='bbox 2204 2747 2307 2788; x_wconf 91' lang='lat' dir='ltr'>adeo</span> <span class='ocrx_word' id='word_1_747' title='bbox 2337 2756 2383 2788; x_wconf 94' lang='lat' dir='ltr'>ut</span> <span class='ocrx_word' id='word_1_748' title='bbox 2401 2747 2514 2789; x_wconf 90' lang='lat' dir='ltr'>hunc</span> <span class='ocrx_word' id='word_1_749' title='bbox 2543 2762 2629 2790; x_wconf 64' lang='lat' dir='ltr'>esse</span> <span class='ocrx_word' id='word_1_750' title='bbox 2645 2750 2741 2804; x_wconf 41' lang='grc' dir='ltr'><strong>ΜΟ·-</strong></span> 
     </span>
     <span class='ocr_line' id='line_1_97' title="bbox 1498 2809 2734 2855; baseline 0.002 -2"><span class='ocrx_word' id='word_1_751' title='bbox 1498 2810 1664 2853; x_wconf 92' lang='lat' dir='ltr'>noleum</span> <span class='ocrx_word' id='word_1_752' title='bbox 1684 2811 1750 2851; x_wconf 81' lang='lat' dir='ltr'>vix</span> <span class='ocrx_word' id='word_1_753' title='bbox 1765 2810 1817 2851; x_wconf 89' lang='lat' dir='ltr'>sit</span> <span class='ocrx_word' id='word_1_754' title='bbox 1838 2809 2030 2852; x_wconf 87' lang='lat' dir='ltr'>dubium.</span> <span class='ocrx_word' id='word_1_755' title='bbox 2052 2811 2166 2852; x_wconf 90' lang='lat' dir='ltr'>Inter</span> <span class='ocrx_word' id='word_1_756' title='bbox 2181 2810 2366 2852; x_wconf 82' lang='lat' dir='ltr'>Taurum</span> <span class='ocrx_word' id='word_1_757' title='bbox 2381 2817 2422 2852; x_wconf 88' lang='lat' dir='ltr'>et</span> <span class='ocrx_word' id='word_1_758' title='bbox 2440 2809 2734 2855; x_wconf 85' lang='lat' dir='ltr'>Ptolemaidem</span> 
     </span>
     <span class='ocr_line' id='line_1_98' title="bbox 1503 2872 2739 2928; baseline 0.002 -12"><span class='ocrx_word' id='word_1_759' title='bbox 1503 2873 1711 2916; x_wconf 77' lang='lat' dir='ltr'>Astaborae</span> <span class='ocrx_word' id='word_1_760' title='bbox 1741 2872 1976 2928; x_wconf 78' lang='grc' dir='ltr'>ἀπόσπασμα</span> <span class='ocrx_word' id='word_1_761' title='bbox 2005 2873 2047 2914; x_wconf 92' lang='lat' dir='ltr'>in</span> <span class='ocrx_word' id='word_1_762' title='bbox 2078 2887 2191 2914; x_wconf 88' lang='lat' dir='ltr'>mare</span> <span class='ocrx_word' id='word_1_763' title='bbox 2206 2872 2343 2927; x_wconf 81' lang='lat' dir='ltr'>egredi</span> <span class='ocrx_word' id='word_1_764' title='bbox 2374 2881 2593 2915; x_wconf 84' lang='lat' dir='ltr'>auctorest</span> <span class='ocrx_word' id='word_1_765' title='bbox 2618 2878 2739 2917; x_wconf 80' lang='lat' dir='ltr'>Arte·</span> 
     </span>
     <span class='ocr_line' id='line_1_99' title="bbox 1499 2932 2782 2997; baseline 0.003 -19"><span class='ocrx_word' id='word_1_766' title='bbox 1499 2935 1707 2985; x_wconf 78' lang='lat' dir='ltr'>midorus3</span> <span class='ocrx_word' id='word_1_767' title='bbox 1726 2934 1836 2990; x_wconf 85' lang='lat' dir='ltr'>quod</span> <span class='ocrx_word' id='word_1_768' title='bbox 1851 2944 1962 2991; x_wconf 88' lang='lat' dir='ltr'>patet</span> <span class='ocrx_word' id='word_1_769' title='bbox 1981 2934 2288 2990; x_wconf 86' lang='lat' dir='ltr'>intelligendum</span> <span class='ocrx_word' id='word_1_770' title='bbox 2305 2950 2391 2977; x_wconf 81' lang='lat' dir='ltr'>csse</span> <span class='ocrx_word' id='word_1_771' title='bbox 2402 2934 2455 2977; x_wconf 89' lang='lat' dir='ltr'>de</span> <span class='ocrx_word' id='word_1_772' title='bbox 2476 2934 2603 2978; x_wconf 75' lang='lat' dir='ltr'>Wadi</span> <span class='ocrx_word' id='word_1_773' title='bbox 2616 2938 2736 2980; x_wconf 77' lang='lat' dir='ltr'>Slet&#39;n-</span> <span class='ocrx_word' id='word_1_774' title='bbox 2768 2932 2782 2997; x_wconf 71' lang='lat' dir='ltr'>j</span> 
     </span>
     <span class='ocr_line' id='line_1_100' title="bbox 1500 2993 2733 3053; baseline 0 -12"><span class='ocrx_word' id='word_1_775' title='bbox 1500 2999 1629 3048; x_wconf 75' lang='lat' dir='ltr'>eet-ab,</span> <span class='ocrx_word' id='word_1_776' title='bbox 1666 2998 1737 3053; x_wconf 86' lang='lat' dir='ltr'>qui</span> <span class='ocrx_word' id='word_1_777' title='bbox 1766 2997 1844 3039; x_wconf 88' lang='lat' dir='ltr'>sub</span> <span class='ocrx_word' id='word_1_778' title='bbox 1872 2997 2014 3039; x_wconf 90' lang='lat' dir='ltr'>eadem</span> <span class='ocrx_word' id='word_1_779' title='bbox 2047 2997 2131 3038; x_wconf 85' lang='lat' dir='ltr'>sere</span> <span class='ocrx_word' id='word_1_780' title='bbox 2166 2997 2382 3039; x_wconf 89' lang='lat' dir='ltr'>latitudine</span> <span class='ocrx_word' id='word_1_781' title='bbox 2407 2998 2448 3039; x_wconf 89' lang='lat' dir='ltr'>in</span> <span class='ocrx_word' id='word_1_782' title='bbox 2479 2993 2593 3039; x_wconf 74' lang='lat' dir='ltr'>mare</span> <span class='ocrx_word' id='word_1_783' title='bbox 2622 3001 2733 3051; x_wconf 74' lang='lat' dir='ltr'>exit,</span> 
     </span>
     <span class='ocr_line' id='line_1_101' title="bbox 1500 3060 2782 3117; baseline 0.002 -14"><span class='ocrx_word' id='word_1_784' title='bbox 1500 3062 1578 3103; x_wconf 88' lang='lat' dir='ltr'>sub</span> <span class='ocrx_word' id='word_1_785' title='bbox 1595 3075 1676 3117; x_wconf 91' lang='lat' dir='ltr'>qua</span> <span class='ocrx_word' id='word_1_786' title='bbox 1704 3060 1923 3102; x_wconf 76' lang='lat' dir='ltr'>Astaboras</span> <span class='ocrx_word' id='word_1_787' title='bbox 1951 3061 1992 3101; x_wconf 86' lang='lat' dir='ltr'>in</span> <span class='ocrx_word' id='word_1_788' title='bbox 2023 3061 2160 3102; x_wconf 89' lang='lat' dir='ltr'>Nilum</span> <span class='ocrx_word' id='word_1_789' title='bbox 2182 3060 2332 3101; x_wconf 82' lang='lat' dir='ltr'>inlinit.</span> <span class='ocrx_word' id='word_1_790' title='bbox 2355 3063 2402 3101; x_wconf 87' lang='lat' dir='ltr'>ln</span> <span class='ocrx_word' id='word_1_791' title='bbox 2429 3060 2592 3117; x_wconf 86' lang='lat' dir='ltr'>Periplo</span> <span class='ocrx_word' id='word_1_792' title='bbox 2615 3064 2739 3105; x_wconf 82' lang='lat' dir='ltr'>maris</span> <span class='ocrx_word' id='word_1_793' title='bbox 2767 3062 2782 3115; x_wconf 61' lang='grc' dir='ltr'>’ἦ</span> 
     </span>
     <span class='ocr_line' id='line_1_102' title="bbox 1503 3121 2780 3167; baseline 0.001 -1"><span class='ocrx_word' id='word_1_794' title='bbox 1503 3124 1633 3166; x_wconf 83' lang='lat' dir='ltr'>Rubri</span> <span class='ocrx_word' id='word_1_795' title='bbox 1658 3139 1680 3164; x_wconf 95' lang='lat' dir='ltr'>a</span> <span class='ocrx_word' id='word_1_796' title='bbox 1717 3124 1911 3164; x_wconf 83' lang='lat' dir='ltr'>Berenice</span> <span class='ocrx_word' id='word_1_797' title='bbox 1944 3122 1994 3163; x_wconf 88' lang='lat' dir='ltr'>ad</span> <span class='ocrx_word' id='word_1_798' title='bbox 2026 3122 2317 3165; x_wconf 82' lang='lat' dir='ltr'>Ptolemaidem</span> <span class='ocrx_word' id='word_1_799' title='bbox 2355 3131 2628 3166; x_wconf 82' lang='lat' dir='ltr'>numerantur</span> <span class='ocrx_word' id='word_1_800' title='bbox 2656 3133 2738 3167; x_wconf 89' lang='lat' dir='ltr'>sta-</span> <span class='ocrx_word' id='word_1_801' title='bbox 2774 3121 2780 3128; x_wconf 71' lang='grc'><strong>’</strong></span> 
     </span>
     <span class='ocr_line' id='line_1_103' title="bbox 1501 3184 2758 3240; baseline 0.002 -13"><span class='ocrx_word' id='word_1_802' title='bbox 1501 3185 1568 3227; x_wconf 92' lang='lat' dir='ltr'>dia</span> <span class='ocrx_word' id='word_1_803' title='bbox 1591 3189 1726 3235; x_wconf 74' lang='grc'>4000,</span> <span class='ocrx_word' id='word_1_804' title='bbox 1752 3185 1822 3239; x_wconf 82' lang='lat' dir='ltr'>qui</span> <span class='ocrx_word' id='word_1_805' title='bbox 1845 3193 2064 3240; x_wconf 84' lang='lat' dir='ltr'>computus</span> <span class='ocrx_word' id='word_1_806' title='bbox 2089 3186 2128 3225; x_wconf 90' lang='lat' dir='ltr'>in</span> <span class='ocrx_word' id='word_1_807' title='bbox 2166 3185 2300 3226; x_wconf 77' lang='lat' dir='ltr'>locum</span> <span class='ocrx_word' id='word_1_808' title='bbox 2336 3184 2578 3227; x_wconf 73' lang='lat' dir='ltr'>ptolemaidi</span> <span class='ocrx_word' id='word_1_809' title='bbox 2612 3186 2758 3230; x_wconf 65' lang='lat' dir='ltr'>modov</span> 
     </span>
     <span class='ocr_line' id='line_1_104' title="bbox 1501 3245 2740 3304; baseline 0.002 -15"><span class='ocrx_word' id='word_1_810' title='bbox 1501 3248 1747 3301; x_wconf 81' lang='lat' dir='ltr'>assignatum</span> <span class='ocrx_word' id='word_1_811' title='bbox 1776 3247 1879 3287; x_wconf 85' lang='lat' dir='ltr'>benc</span> <span class='ocrx_word' id='word_1_812' title='bbox 1913 3245 2109 3301; x_wconf 83' lang='lat' dir='ltr'>quadrat;</span> <span class='ocrx_word' id='word_1_813' title='bbox 2135 3246 2282 3301; x_wconf 65' lang='lat' dir='ltr'>quodsi</span> <span class='ocrx_word' id='word_1_814' title='bbox 2308 3261 2404 3288; x_wconf 81' lang='lat' dir='ltr'>vcro</span> <span class='ocrx_word' id='word_1_815' title='bbox 2423 3246 2521 3289; x_wconf 86' lang='lat' dir='ltr'>hinc</span> <span class='ocrx_word' id='word_1_816' title='bbox 2539 3246 2740 3304; x_wconf 68' lang='lat' dir='ltr'>usquead</span> 
     </span>
     <span class='ocr_line' id='line_1_105' title="bbox 1502 3308 2744 3365; baseline 0 -12"><span class='ocrx_word' id='word_1_817' title='bbox 1502 3309 1656 3353; x_wconf 80' lang='lat' dir='ltr'>Adulin</span> <span class='ocrx_word' id='word_1_818' title='bbox 1683 3308 1865 3364; x_wconf 78' lang='lat' dir='ltr'>Periplus</span> <span class='ocrx_word' id='word_1_819' title='bbox 1884 3324 1970 3349; x_wconf 81' lang='lat' dir='ltr'>esse</span> <span class='ocrx_word' id='word_1_820' title='bbox 1992 3309 2047 3349; x_wconf 82' lang='lat' dir='ltr'>ait</span> <span class='ocrx_word' id='word_1_821' title='bbox 2067 3308 2193 3349; x_wconf 81' lang='lat' dir='ltr'>stadia</span> <span class='ocrx_word' id='word_1_822' title='bbox 2219 3311 2349 3360; x_wconf 85' lang='grc'>3000,</span> <span class='ocrx_word' id='word_1_823' title='bbox 2378 3323 2508 3365; x_wconf 82' lang='lat' dir='ltr'>quum</span> <span class='ocrx_word' id='word_1_824' title='bbox 2542 3310 2610 3351; x_wconf 80' lang='lat' dir='ltr'>vix</span> <span class='ocrx_word' id='word_1_825' title='bbox 2629 3313 2744 3354; x_wconf 76' lang='lat'>2500</span> 
     </span>
     <span class='ocr_line' id='line_1_106' title="bbox 1502 3369 2748 3427; baseline 0.002 -15"><span class='ocrx_word' id='word_1_826' title='bbox 1502 3372 1599 3421; x_wconf 86' lang='lat' dir='ltr'>sint,</span> <span class='ocrx_word' id='word_1_827' title='bbox 1625 3379 1763 3426; x_wconf 81' lang='lat' dir='ltr'>aperte</span> <span class='ocrx_word' id='word_1_828' title='bbox 1791 3379 1862 3411; x_wconf 90' lang='lat' dir='ltr'>aut</span> <span class='ocrx_word' id='word_1_829' title='bbox 1890 3379 2035 3411; x_wconf 80' lang='lat' dir='ltr'>auctor</span> <span class='ocrx_word' id='word_1_830' title='bbox 2059 3371 2225 3419; x_wconf 71' lang='lat' dir='ltr'>erravit,</span> <span class='ocrx_word' id='word_1_831' title='bbox 2250 3379 2317 3411; x_wconf 83' lang='lat' dir='ltr'>aut</span> <span class='ocrx_word' id='word_1_832' title='bbox 2341 3370 2473 3412; x_wconf 86' lang='lat' dir='ltr'>codex</span> <span class='ocrx_word' id='word_1_833' title='bbox 2494 3369 2673 3427; x_wconf 80' lang='lat' dir='ltr'>deprava</span> <span class='ocrx_word' id='word_1_834' title='bbox 2741 3370 2748 3376; x_wconf 64' lang='grc'><strong><em>’</em></strong></span> 
     </span>
     <span class='ocr_line' id='line_1_107' title="bbox 1503 3433 2677 3490; baseline 0.001 -15"><span class='ocrx_word' id='word_1_835' title='bbox 1503 3442 1586 3484; x_wconf 70' lang='lat' dir='ltr'>est,</span> <span class='ocrx_word' id='word_1_836' title='bbox 1603 3442 1745 3474; x_wconf 89' lang='lat' dir='ltr'>contra</span> <span class='ocrx_word' id='word_1_837' title='bbox 1765 3434 1860 3474; x_wconf 84' lang='lat' dir='ltr'>satis</span> <span class='ocrx_word' id='word_1_838' title='bbox 1876 3442 1984 3474; x_wconf 90' lang='lat' dir='ltr'>recte</span> <span class='ocrx_word' id='word_1_839' title='bbox 2008 3433 2163 3475; x_wconf 75' lang='lat' dir='ltr'>Plinius</span> <span class='ocrx_word' id='word_1_840' title='bbox 2178 3434 2271 3490; x_wconf 83' lang='lat' dir='ltr'>(vt,</span> <span class='ocrx_word' id='word_1_841' title='bbox 2295 3434 2363 3489; x_wconf 82' lang='lat'>31)</span> <span class='ocrx_word' id='word_1_842' title='bbox 2384 3433 2677 3476; x_wconf 82' lang='lat' dir='ltr'>Ptolemaidem</span> 
     </span>
     <span class='ocr_line' id='line_1_108' title="bbox 1505 3495 2685 3554; baseline -0.001 -14"><span class='ocrx_word' id='word_1_843' title='bbox 1505 3495 1628 3540; x_wconf 81' lang='lat' dir='ltr'>Atlnli</span> <span class='ocrx_word' id='word_1_844' title='bbox 1652 3495 1803 3537; x_wconf 84' lang='lat' dir='ltr'>distare</span> <span class='ocrx_word' id='word_1_845' title='bbox 1829 3498 1884 3539; x_wconf 87' lang='lat' dir='ltr'>ait</span> <span class='ocrx_word' id='word_1_846' title='bbox 1914 3497 2170 3550; x_wconf 77' lang='lat' dir='ltr'>navigatione</span> <span class='ocrx_word' id='word_1_847' title='bbox 2193 3495 2354 3538; x_wconf 87' lang='lat' dir='ltr'>dicrum</span> <span class='ocrx_word' id='word_1_848' title='bbox 2388 3497 2596 3553; x_wconf 60' lang='lat' dir='ltr'>quinque,</span> <span class='ocrx_word' id='word_1_849' title='bbox 2627 3509 2685 3554; x_wconf 81' lang='lat' dir='ltr'>qu</span> 
     </span>
     <span class='ocr_line' id='line_1_109' title="bbox 1505 3558 2782 3615; baseline 0.002 -16"><span class='ocrx_word' id='word_1_850' title='bbox 1505 3558 1650 3600; x_wconf 86' lang='lat' dir='ltr'>eodem</span> <span class='ocrx_word' id='word_1_851' title='bbox 1693 3558 1818 3599; x_wconf 88' lang='lat' dir='ltr'>modo</span> <span class='ocrx_word' id='word_1_852' title='bbox 1851 3558 2160 3613; x_wconf 82' lang='lat' dir='ltr'>intelligendum</span> <span class='ocrx_word' id='word_1_853' title='bbox 2194 3567 2269 3609; x_wconf 89' lang='lat' dir='ltr'>est,</span> <span class='ocrx_word' id='word_1_854' title='bbox 2290 3573 2374 3614; x_wconf 84' lang='lat' dir='ltr'>quo</span> <span class='ocrx_word' id='word_1_855' title='bbox 2407 3558 2544 3615; x_wconf 89' lang='lat' dir='ltr'>paullo</span> <span class='ocrx_word' id='word_1_856' title='bbox 2569 3565 2663 3615; x_wconf 75' lang='lat' dir='ltr'>post</span> <span class='ocrx_word' id='word_1_857' title='bbox 2734 3563 2739 3567; x_wconf 81' lang='grc'><em>’</em></span> <span class='ocrx_word' id='word_1_858' title='bbox 2774 3566 2782 3606; x_wconf 52' lang='lat' dir='ltr'>j</span> 
     </span>
     <span class='ocr_line' id='line_1_110' title="bbox 1508 3617 2782 3677; baseline -0.001 -13"><span class='ocrx_word' id='word_1_859' title='bbox 1508 3620 1630 3665; x_wconf 78' lang='lat' dir='ltr'>Aduti</span> <span class='ocrx_word' id='word_1_860' title='bbox 1664 3620 1714 3662; x_wconf 85' lang='lat' dir='ltr'>ad</span> <span class='ocrx_word' id='word_1_861' title='bbox 1738 3620 1856 3662; x_wconf 85' lang='lat' dir='ltr'>Isidis</span> <span class='ocrx_word' id='word_1_862' title='bbox 1886 3629 2051 3677; x_wconf 88' lang='lat' dir='ltr'>portum</span> <span class='ocrx_word' id='word_1_863' title='bbox 2078 3622 2091 3677; x_wconf 99' lang='lat'><strong>(</strong></span> <span class='ocrx_word' id='word_1_864' title='bbox 2117 3636 2200 3663; x_wconf 89' lang='lat' dir='ltr'>non</span> <span class='ocrx_word' id='word_1_865' title='bbox 2224 3620 2343 3675; x_wconf 84' lang='lat' dir='ltr'>longe</span> <span class='ocrx_word' id='word_1_866' title='bbox 2362 3635 2385 3663; x_wconf 90' lang='lat' dir='ltr'>a</span> <span class='ocrx_word' id='word_1_867' title='bbox 2419 3620 2605 3663; x_wconf 79' lang='lat' dir='ltr'>saucibus</span> <span class='ocrx_word' id='word_1_868' title='bbox 2629 3619 2692 3663; x_wconf 72' lang='lat' dir='ltr'>sin</span> <span class='ocrx_word' id='word_1_869' title='bbox 2759 3617 2782 3657; x_wconf 63' lang='lat' dir='ltr'>&#39;l</span> 
     </span>
     <span class='ocr_line' id='line_1_111' title="bbox 1508 3680 2666 3740; baseline -0.002 -13"><span class='ocrx_word' id='word_1_870' title='bbox 1508 3684 1673 3727; x_wconf 82' lang='lat' dir='ltr'>Arabici</span> <span class='ocrx_word' id='word_1_871' title='bbox 1693 3685 1816 3725; x_wconf 89' lang='lat' dir='ltr'>situm</span> <span class='ocrx_word' id='word_1_872' title='bbox 1840 3684 1853 3740; x_wconf 96' lang='lat'>)</span> <span class='ocrx_word' id='word_1_873' title='bbox 1878 3684 2021 3726; x_wconf 88' lang='lat' dir='ltr'>cJuba</span> <span class='ocrx_word' id='word_1_874' title='bbox 2039 3684 2163 3726; x_wconf 80' lang='lat' dir='ltr'>refert</span> <span class='ocrx_word' id='word_1_875' title='bbox 2181 3698 2267 3726; x_wconf 83' lang='lat' dir='ltr'>esse</span> <span class='ocrx_word' id='word_1_876' title='bbox 2289 3683 2431 3725; x_wconf 89' lang='lat' dir='ltr'>decem</span> <span class='ocrx_word' id='word_1_877' title='bbox 2452 3682 2541 3726; x_wconf 87' lang='lat' dir='ltr'>dies</span> <span class='ocrx_word' id='word_1_878' title='bbox 2563 3680 2666 3726; x_wconf 63' lang='grc' dir='ltr'>κη’</span> 
     </span>
     <span class='ocr_line' id='line_1_112' title="bbox 1508 3740 2761 3803; baseline -0.001 -16"><span class='ocrx_word' id='word_1_879' title='bbox 1508 3746 1630 3788; x_wconf 89' lang='lat' dir='ltr'>Unde</span> <span class='ocrx_word' id='word_1_880' title='bbox 1646 3746 1759 3788; x_wconf 81' lang='lat' dir='ltr'>facile</span> <span class='ocrx_word' id='word_1_881' title='bbox 1775 3755 1884 3803; x_wconf 90' lang='lat' dir='ltr'>patet</span> <span class='ocrx_word' id='word_1_882' title='bbox 1900 3748 1942 3788; x_wconf 90' lang='lat' dir='ltr'>in</span> <span class='ocrx_word' id='word_1_883' title='bbox 1961 3748 2086 3789; x_wconf 88' lang='lat' dir='ltr'>unius</span> <span class='ocrx_word' id='word_1_884' title='bbox 2103 3746 2185 3789; x_wconf 91' lang='lat' dir='ltr'>diei</span> <span class='ocrx_word' id='word_1_885' title='bbox 2205 3747 2506 3802; x_wconf 83' lang='lat' dir='ltr'>navigationem</span> <span class='ocrx_word' id='word_1_886' title='bbox 2523 3746 2566 3787; x_wconf 90' lang='lat' dir='ltr'>in</span> <span class='ocrx_word' id='word_1_887' title='bbox 2584 3744 2649 3787; x_wconf 81' lang='lat' dir='ltr'>bis</span> <span class='ocrx_word' id='word_1_888' title='bbox 2658 3740 2761 3801; x_wconf 49' lang='lat' dir='ltr'>plag</span> 
     </span>
     <span class='ocr_line' id='line_1_113' title="bbox 1510 3805 2774 3865; baseline 0.001 -16"><span class='ocrx_word' id='word_1_889' title='bbox 1510 3810 1570 3863; x_wconf 85' lang='lat' dir='ltr'>gis</span> <span class='ocrx_word' id='word_1_890' title='bbox 1592 3808 1874 3865; x_wconf 83' lang='lat' dir='ltr'>perdifficilem</span> <span class='ocrx_word' id='word_1_891' title='bbox 1906 3824 1989 3851; x_wconf 92' lang='lat' dir='ltr'>non</span> <span class='ocrx_word' id='word_1_892' title='bbox 2020 3810 2127 3852; x_wconf 88' lang='lat' dir='ltr'>ultra</span> <span class='ocrx_word' id='word_1_893' title='bbox 2148 3809 2448 3865; x_wconf 84' lang='lat' dir='ltr'>quadringenta</span> <span class='ocrx_word' id='word_1_894' title='bbox 2479 3805 2610 3850; x_wconf 77' lang='lat' dir='ltr'>stadia</span> <span class='ocrx_word' id='word_1_895' title='bbox 2626 3811 2774 3863; x_wconf 56' lang='lat' dir='ltr'>pom-&#39;⁰</span> 
     </span>
     <span class='ocr_line' id='line_1_114' title="bbox 1509 3862 2758 3929; baseline -0.002 -16"><span class='ocrx_word' id='word_1_896' title='bbox 1509 3873 1753 3927; x_wconf 84' lang='lat' dir='ltr'>computari.</span> <span class='ocrx_word' id='word_1_897' title='bbox 1777 3872 2029 3914; x_wconf 72' lang='lat' dir='ltr'>Ileicltardus</span> <span class='ocrx_word' id='word_1_898' title='bbox 2047 3872 2060 3929; x_wconf 94' lang='lat'>(</span> <span class='ocrx_word' id='word_1_899' title='bbox 2081 3872 2149 3915; x_wconf 72' lang='lat' dir='ltr'>A’l.</span> <span class='ocrx_word' id='word_1_900' title='bbox 2169 3886 2304 3926; x_wconf 71' lang='lat' dir='ltr'>geogr.</span> <span class='ocrx_word' id='word_1_901' title='bbox 2329 3869 2604 3926; x_wconf 64' lang='lat' dir='ltr'>&amp;hrfflen,p.</span> <span class='ocrx_word' id='word_1_902' title='bbox 2620 3869 2701 3918; x_wconf 73' lang='lat' dir='ltr'>lm</span> <span class='ocrx_word' id='word_1_903' title='bbox 2718 3862 2758 3923; x_wconf 59' lang='lat' dir='ltr'>&#39;J&#39;</span> 
     </span>
     <span class='ocr_line' id='line_1_115' title="bbox 1509 3925 2744 3991; baseline -0.003 -15"><span class='ocrx_word' id='word_1_904' title='bbox 1509 3934 1769 3976; x_wconf 80' lang='lat' dir='ltr'>Ptolemaidis</span> <span class='ocrx_word' id='word_1_905' title='bbox 1792 3935 2081 3977; x_wconf 82' lang='lat' dir='ltr'>chersonesum</span> <span class='ocrx_word' id='word_1_906' title='bbox 2110 3949 2196 3977; x_wconf 86' lang='lat' dir='ltr'>esse</span> <span class='ocrx_word' id='word_1_907' title='bbox 2231 3942 2349 3991; x_wconf 87' lang='lat' dir='ltr'>putat</span> <span class='ocrx_word' id='word_1_908' title='bbox 2379 3937 2462 3976; x_wconf 78' lang='lat' dir='ltr'>ltus</span> <span class='ocrx_word' id='word_1_909' title='bbox 2485 3925 2632 3975; x_wconf 64' lang='lat' dir='ltr'><em>Alevffl</em></span> <span class='ocrx_word' id='word_1_910' title='bbox 2654 3926 2744 3969; x_wconf 67' lang='lat' dir='ltr'>⁸in}</span> 
     </span>
     <span class='ocr_line' id='line_1_116' title="bbox 1511 3990 2742 4053; baseline -0.002 -15"><span class='ocrx_word' id='word_1_911' title='bbox 1511 3998 1623 4039; x_wconf 72' lang='lat' dir='ltr'>Akik</span> <span class='ocrx_word' id='word_1_912' title='bbox 1642 4012 1769 4053; x_wconf 85' lang='lat' dir='ltr'>prope</span> <span class='ocrx_word' id='word_1_913' title='bbox 1790 4006 1967 4053; x_wconf 74' lang='lat' dir='ltr'>portum,</span> <span class='ocrx_word' id='word_1_914' title='bbox 1986 3997 2265 4050; x_wconf 74' lang='lat' dir='ltr'>Mornt&#39;ngton.</span> <span class='ocrx_word' id='word_1_915' title='bbox 2289 3994 2414 4050; x_wconf 90' lang='lat' dir='ltr'>Quod</span> <span class='ocrx_word' id='word_1_916' title='bbox 2436 3994 2510 4036; x_wconf 80' lang='lat' dir='ltr'>etsi</span> <span class='ocrx_word' id='word_1_917' title='bbox 2525 3990 2662 4035; x_wconf 66' lang='lat' dir='ltr'>minu·</span> <span class='ocrx_word' id='word_1_918' title='bbox 2679 3994 2742 4030; x_wconf 66' lang='lat'>⁶⁸2</span> 
     </span>
     <span class='ocr_line' id='line_1_117' title="bbox 1512 4051 2742 4116; baseline -0.003 -15"><span class='ocrx_word' id='word_1_919' title='bbox 1512 4060 1737 4116; x_wconf 84' lang='lat' dir='ltr'>probabile,</span> <span class='ocrx_word' id='word_1_920' title='bbox 1767 4061 1929 4102; x_wconf 77' lang='lat' dir='ltr'>nonnisi</span> <span class='ocrx_word' id='word_1_921' title='bbox 1957 4060 2180 4116; x_wconf 89' lang='lat' dir='ltr'>paullulum</span> <span class='ocrx_word' id='word_1_922' title='bbox 2204 4074 2227 4101; x_wconf 91' lang='lat' dir='ltr'>a</span> <span class='ocrx_word' id='word_1_923' title='bbox 2245 4058 2443 4100; x_wconf 68' lang='lat' dir='ltr'>Valentia*</span> <span class='ocrx_word' id='word_1_924' title='bbox 2460 4051 2657 4097; x_wconf 70' lang='lat' dir='ltr'>sententia</span> <span class='ocrx_word' id='word_1_925' title='bbox 2677 4061 2742 4093; x_wconf 70' lang='grc' dir='ltr'>Ν·</span> 
     </span>
    </p>
   </div>
   <div class='ocr_carea' id='block_1_14' title="bbox 2676 3268 2782 3587">
    <p class='ocr_par' dir='ltr' id='par_1_15' title="bbox 2676 3268 2782 3587">
     <span class='ocr_line' id='line_1_118' title="bbox 2746 3268 2782 3333; baseline 0 1015"><span class='ocrx_word' id='word_1_926' title='bbox 2746 3268 2782 3333; x_wconf 95' lang='lat' dir='ltr'> </span> 
     </span>
     <span class='ocr_line' id='line_1_119' title="bbox 2676 3333 2782 3456; baseline 0 -51"><span class='ocrx_word' id='word_1_927' title='bbox 2676 3333 2782 3456; x_wconf 95' lang='lat' dir='ltr'>    </span> 
     </span>
     <span class='ocr_line' id='line_1_120' title="bbox 2685 3456 2782 3587; baseline 0 -69"><span class='ocrx_word' id='word_1_928' title='bbox 2685 3456 2782 3587; x_wconf 95' lang='lat' dir='ltr'>   </span> 
     </span>
    </p>
   </div>
  </div>
 </body>
</html>
