2808 4342
101 277 260 337 ἐπέγνω
275 274 545 334 Ἀλέξανδρος,
559 270 621 316 ὅτι
637 269 679 316 δὲ
695 269 932 331 κομόωντας
947 269 1018 316 καὶ
1031 274 1167 322 κακῶς
1185 272 1334 315 ἐσταλ·

101 347 244 406 μένους
255 343 463 403 κατεώρα,
487 339 617 402 ταύτῃ
635 340 792 399 μᾶλλόν
815 359 854 385 τι
874 339 1134 402 βεὸαιότερον
1158 341 1271 401 αὐτῷ
1287 340 1333 385 τὸ

100 415 199 476 ἄχος
221 412 320 473 ὑπὲρ
342 413 632 471 τῆς’στρατιῆς
648 413 720 466 τῆς
739 414 932 464 ναυτικῆς
963 409 1132 471 ἐγίνετο.
1205 410 1253 469 (4)
1279 408 1332 456 ‘O

99 482 141 528 δὲ
177 481 249 536 τὴν
279 477 412 534 δεξιὴν
443 480 502 540 τῷ
541 478 722 541 Νεάρχῳ
762 477 955 538 ἐμὸαλὼν
995 477 1068 524 καὶ
1105 476 1332 538 ἀπαγαγὼν

35 563 54 592 5
97 553 246 610 μοῦνον
267 546 387 593 αὐτὸν
409 546 490 592 ἀπὸ
507 549 587 592 τῶν
600 547 771 608 ἑταίρων
786 565 830 592 τε
846 549 916 592 καὶ
931 549 1011 592 τῶν
1025 546 1331 603 ὑπασπιστέων,

95 615 247 662 πολλὸν
284 615 350 660 ἐπὶ
390 614 537 678 χρόνον
571 613 794 676 ἐδάκρυεν·Ι
817 615 866 676 (5)
897 614 971 678 ὀψὲ
1009 615 1051 659 δὲ
1076 613 1330 676 ἀνενεγκὼν,

96 686 220 734 Ἀλλὰ
242 687 339 746 σύγε
362 690 461 745 ἡμῖν
479 683 539 729 ὅτι
559 683 778 740 ἐπανήκεις
797 687 924 741 σῶος,
949 683 1051 746 ἔφη,
1072 683 1143 729 καὶ
1169 684 1333 746 Ἀρχίης

96 749 236 812 οὗτος,
270 754 355 816 ἔχοι
376 753 424 798 ἂν
445 748 585 814 ἔμοιγε
616 756 668 804 ὡς
695 752 762 797 ἐπὶ
788 757 978 816 συμφορῇ
1006 757 1056 814 τῆ
1083 753 1225 814 ἁπάσῃ
1254 771 1331 813 με-

97 826 240 888 τρίως·
267 826 308 868 αἱ
333 825 378 868 δέ
407 841 471 868 τοι
500 821 584 874 νέες
613 822 682 867 καὶ
706 825 730 877 ἡ
769 822 940 884 στρατιὴ
961 822 1060 885 κοίῳ
1093 823 1169 868 τινὶ
1192 824 1332 885 τρόπῳ

35 909 72 951 ιο
95 893 396 957 διεφθάρησαν;
422 894 470 952 (6)
508 890 559 938 Ὁ
584 889 625 936 δὲ
649 890 892 948 ὑπολαὸὼν,
920 884 982 938 ὟΩ
1006 894 1202 954 βασιλεῦ,
1232 892 1330 964 {Le-t),

94 964 165 1008 καὶ
185 965 227 1008 αἱ
245 962 329 1014 νέες
348 980 410 1006 τοι
434 964 540 1006 σῶαι
565 960 642 1006 εἶσὶ
666 960 735 1005 καὶ
757 963 778 1005 ὁ
804 961 987 1023 στρατός·
1011 966 1129 1021 ἡμεῖς
1159 962 1199 1007 δὲ
1220 966 1330 1007 οὗτοι

93 1031 258 1093 ἄγγελοι
275 1036 347 1087 τῆς
369 1030 574 1091 σωτηρίης
590 1031 723 1075 αὐτῶν
741 1029 912 1089 ἥκομεν.
982 1031 1034 1093 (7)
1056 1028 1153 1078 Ἔτι
1175 1033 1329 1092 μᾶλλον

94 1102 287 1163 ἐδάκρυεν
315 1099 596 1161 Ἀλέξανδρος,
620 1099 762 1144 κατότι
782 1099 1022 1152 ἀνέλπιστός
1041 1103 1076 1146 οἱ
1095 1103 1120 1156 ἡ
1145 1102 1327 1163 σωτηρίη

93 1174 165 1215 τοῦ
186 1174 362 1231 στρατοῦ
385 1169 588 1231 ἐφαίνετο·
605 1168 675 1214 καὶ
697 1167 793 1214 ὅκου
813 1169 1026 1230 ὁρμέουσιν
1047 1172 1089 1215 αἱ
1109 1170 1193 1222 νέες
1210 1173 1330 1217 ἐπαν-

34 1249 70 1277 15
93 1238 248 1300 ηρώτα·
274 1242 294 1283 ὃ
319 1237 384 1292 δὲ,
406 1232 563 1298 Agma,
590 1237 695 1301 ἔφη,
723 1239 762 1282 ἐν
792 1240 851 1300 τῷ
872 1237 1047 1298 στόματι
1073 1243 1142 1299 τοῦ
1161 1239 1327 1300 Ἀνάμι-

95 1308 161 1359 δος
179 1311 369 1366 ποταμοῦ
407 1307 694 1369 ἀνειρυσμέναι
718 1307 1070 1362 ἐπισκευάζονται.
1141 1310 1187 1372 (8)
1214 1310 1330 1356 Ἀλέ-

94 1376 260 1438 ξανδρος
281 1376 323 1421 δὲ
355 1377 423 1421 τόν
451 1395 494 1421 τε
514 1376 596 1422 Δία
622 1377 688 1421 τὸν
711 1377 927 1432 Ἑλλήνων
948 1378 1019 1423 καὶ
1039 1377 1104 1425 τὸν
1125 1377 1329 1439 Ἄμμωνα

91 1446 160 1491 τὸν
186 1445 352 1491 Λιὸύων
378 1444 621 1504 ἐπομνύειν,
646 1440 673 1502 ἦ
709 1446 788 1504 μὴν
811 1446 932 1506 μέζον
958 1450 1011 1499 ὡς
1048 1448 1114 1494 ἐπὶ
1145 1451 1242 1511 τῇδε
1277 1455 1327 1512 τῇ

92 1513 261 1574 ἀγγελίῃ
296 1511 486 1575 χαίρειν,
526 1511 552 1567 ἢ
591 1514 652 1558 ὅτι
687 1515 760 1569 τὴν
787 1515 924 1570 Ἀσίην
949 1524 1088 1562 πᾶσαν
1112 1519 1331 1578 ἐκτημένος

29 1593 70 1624 20
93 1581 272 1645 ἔρχεται·
298 1581 368 1626 καὶ
391 1580 470 1643 γὰρ
507 1582 577 1626 καὶ
614 1582 659 1626 τὸ
690 1584 789 1643 ἄχος
821 1586 857 1627 οἱ
881 1584 950 1628 ἐπὶ
973 1588 1023 1645 τῇ
1046 1587 1228 1647 ἀπωλείῃ
1260 1592 1331 1642 τῆς

92 1656 284 1713 στρατιῆς
309 1651 551 1713 ἀντίρροπον
573 1649 761 1712 γενέσθαι
780 1654 830 1712 τῇ
862 1651 966 1713 ἄλλῃ
990 1653 1107 1714 πάσῃ
1138 1656 1325 1717 εὐτυχίῃ.

154 1723 363 1768 XXXVI.
403 1719 455 1767 ‘O
479 1719 520 1766 δὲ
546 1719 730 1782 ὕπαρχος
754 1723 826 1775 τῆς
842 1721 1002 1784 χώρης,
1027 1721 1162 1768 ὅντινα
1187 1743 1331 1769 συνει-

34 1805 46 1817 ·
90 1790 211 1850 λήφει
245 1789 503 1851 Ἀλέξανδρος
535 1789 604 1834 ἐπὶ
643 1793 715 1845 τῆς
748 1790 940 1850 ἀγγελίης
966 1795 1016 1854 τῇ
1061 1792 1329 1851 ματαιότητι,

90 1859 296 1922 παρεόντα
318 1858 495 1904 κατιδὼν
515 1858 583 1903 τὸν
614 1859 833 1921 Νέαρχον,
857 1860 1000 1905 πίπτει
1027 1880 1070 1907 τε
1095 1863 1207 1924 αὐτῷ
1230 1863 1330 1925 πρὸς

29 1939 70 1970 25
92 1927 144 1973 τὰ
161 1927 314 1988 γόνατα
330 1961 342 1983 ,
365 1926 411 1988 (2)
426 1927 519 1986 καὶ,
542 1921 673 1980 Οῧτός
689 1946 771 1984 τοι,
789 1928 887 1991 ἔφη,
906 1928 985 1988 ἐγώ
1006 1931 1110 1989 εἰμι,
1136 1930 1175 1982 ὃς
1194 1933 1328 1993 ἀπήγ-

89 1998 207 2057 γειλα
231 1996 480 2058 Ἀλεξάνδρῳ
504 1994 564 2041 ὅτι
584 2001 683 2042 σῶοι
699 1997 832 2053 ἥκετε·
855 1998 1074 2061 ὁρᾷςὸκως
1097 2000 1324 2060 διάκειμαι,

92 2065 217 2113 Οὕτω
248 2065 294 2121 δὴ
317 2066 450 2111 δέεται
469 2066 732 2152 Ἀλεξάνδρου
756 2067 944 2128 Νέαρχος
975 2072 1136 2131 ἀφεῖναι
1159 2069 1227 2115 τὸν
1254 2072 1328 2116 ἅν-

92 2136 190 2197 δρα,
229 2136 296 2180 καὶ
335 2135 515 2198 ἀφίεται.
588 2136 637 2198 (3)
680 2136 930 2197 Αλέξανδρος
966 2137 1007 2181 δὲ
1041 2138 1224 2198 σωτήρια
1258 2146 1326 2185 τοῦ

89 2209 264 2267 στρατοῦ
290 2204 378 2249 ἔθυε
402 2204 468 2250 Διὶ
493 2207 658 2265 Σωτῆρι
683 2205 750 2249 καὶ
774 2204 977 2264 Ἡρακλέϊ
999 2205 1069 2250 καὶ
1097 2206 1333 2256 Ἀπόλλωνι,

28 2283 71 2313 30
91 2272 338 2335 Ἀλεξικάκῳ
354 2272 423 2317 καὶ
444 2272 670 2319 Ποσειδῶνί
690 2291 732 2317 τε
749 2273 821 2318 καὶ
837 2273 922 2318 ὅσοι
940 2274 1055 2319 ἄλλοι
1072 2275 1154 2319 θεοὶ
1174 2278 1328 2321 θαλάσ-

93 2360 188 2387 σιοι·
219 2341 290 2387 καὶ
317 2344 455 2402 ἀγῶνα
481 2340 612 2386 ἐποίεε
634 2341 831 2401 γυμνικόν
852 2360 895 2386 τε
922 2343 991 2386 καὶ
1017 2344 1233 2402 μουσικὸν,
1259 2347 1328 2390 καὶ

90 2409 261 2470 πομπὴν
285 2409 457 2469 ἔπεμπε·
488 2409 556 2454 καὶ
577 2409 766 2471 Νέαρχος
790 2413 831 2455 ἐν
855 2410 1074 2472 πρώτοισιν
1092 2413 1326 2471 ἐπόμπευε,

90 2478 270 2540 ταινίῃσί
293 2496 337 2522 τε
359 2476 430 2522 καὶ
455 2477 593 2523 ἄνθεσι
611 2478 709 2540 πρὸς
733 2482 805 2535 τῆς
840 2484 1033 2542 στρατιῆς
1062 2482 1326 2541 βαλλόμενος.

94 2549 146 2607 (4)
175 2547 252 2598 ξΩς
286 2547 328 2592 δὲ
353 2547 487 2592 ταῦτά
508 2549 542 2591 οἳ
570 2546 681 2598 τέλος
710 2540 795 2609 εἶχε
812 2584 823 2603 ,
850 2549 959 2609 λέγει
987 2550 1085 2611 πρὸς
1107 2550 1327 2612 Νέαρχον,

25 2624 69 2657 86
91 2615 204 2676 Ἐγώ
226 2635 284 2672 σε,
309 2608 343 2661 ἶ)
370 2615 549 2678 Νέαρχε,
579 2616 712 2661 οὐκέτι
739 2617 861 2662 ἐθέλω
885 2618 932 2662 τὸ
953 2619 1093 2678 πρόσω
1117 2619 1201 2665 οὔτ’
1225 2624 1327 2665 ἀνα-

90 2685 334 2731 κινδυνεύειν
360 2684 451 2730 οὔτε
481 2686 859 2747 ταλαιπωρέεσθαι·
886 2687 992 2733 ἀλλὰ
1013 2688 1132 2739 ἄλλος
1155 2688 1233 2750 γὰρ
1256 2693 1327 2733 τοῦ

92 2760 287 2801 ναυτικοῦ
324 2754 568 2815 ἐξηγήσεται
597 2756 643 2800 τὸ
672 2757 752 2800 ἀπὸ
775 2758 889 2801 τοῦδε
908 2794 919 2816 ,
950 2757 1041 2802 ἔστε
1068 2760 1327 2813 καταστῆσαι

91 2824 189 2870 αὐτὸ
213 2828 251 2876 ἐς
276 2826 433 2870 Σοῦσα.
506 2827 554 2884 (5)
581 2824 765 2888 Νέαρχος
794 2826 835 2870 δὲ
861 2826 1084 2872 ὑπολαὸὼν
1109 2827 1244 2888 λέγει,
1267 2820 1325 2873 *ss

93 2895 291 2953 βασιλεῦ,
324 2894 404 2954 ἐγὼ
439 2893 577 2953 μέντοι
610 2896 748 2939 πάντα
783 2895 994 2941 πείθεσθαι
1029 2895 1154 2942 ἐθέλω
1177 2916 1219 2941 τε
1257 2897 1328 2943 καί

27 2969 69 3000 40
92 2964 296 3025 ἀναγκαίη
327 2964 395 3023 μοί
417 2966 539 3009 ἐστιν·
575 2965 681 3010 ἀλλὰ
705 2967 739 3010 εἰ
766 2965 814 3021 δή
839 2985 877 3010 τι
901 2966 971 3011 καὶ
1003 2966 1050 3011 σὺ
1088 2967 1179 3026 ἐμοὶ
1204 2968 1328 3030 χαρί-

38 3057 43 3062 ·
90 3036 226 3086 ζεσθαι
257 3033 428 3094 ἐθέλεις,
459 3034 516 3093 μὴ
547 3035 724 3096 ποιήσῃς
747 3029 840 3080 ὦδε·
867 3035 974 3080 ἀλλά
1010 3055 1060 3095 με
1085 3036 1203 3082 ἔασον
1235 3037 1327 3093 ἐξη-

89 3102 294 3161 γήσασθαι
307 3106 345 3155 ἐς
363 3102 471 3148 ἅπαν
483 3109 554 3148 τοῦ
568 3109 762 3167 στρατοῦ,
775 3103 865 3150 ἔστε
884 3104 1066 3158 σοισώας
1075 3106 1326 3161 καταστήσω

91 3173 128 3221 ἐς
153 3172 291 3216 Σοῦσα
323 3171 394 3224 τὰς
425 3173 531 3225 νέας·
562 3175 609 3235 (0)
637 3173 742 3234 μηδὲ
774 3174 825 3219 τὰ
851 3172 924 3234 μὲν
945 3175 1113 3236 χαλεπά
1134 3193 1176 3219 τε
1198 3177 1325 3220 αὒτοῧ

93 3240 161 3283 καὶ
201 3240 333 3301 ἄπορα
372 3241 463 3300 ἐμοὶ
504 3242 837 3305 ἐπιτετραμμένα
868 3246 912 3289 ἐκ
947 3248 1019 3289 σοῦ’
1043 3243 1169 3298 ἔστω,
1205 3243 1256 3288 τὰ
1285 3243 1327 3289 δὲ

29 3317 71 3348 45
96 3308 266 3353 εὐπετέα
289 3327 333 3353 τε
356 3310 426 3354 καὶ
450 3310 590 3362 κλέους
612 3313 692 3368 ἤδη
721 3312 884 3371 ἑτοίμου
908 3314 1107 3374 ἐχόμενα,
1133 3318 1262 3358 ταῦτα
1285 3314 1327 3358 δὲ

95 3376 361 3437 ἀπαιρεθέντα
379 3378 495 3440 ἄλλῳ
507 3381 545 3430 ἐς
558 3381 699 3442 χεῖρας
719 3381 906 3428 διδόσθω.
981 3382 1028 3442 (7)
1046 3381 1326 3444 ’Έτιλέγοντα

94 3445 218 3489 παύει
249 3447 368 3490 αὐτὸν
404 3447 691 3510 Ἀλέξανδρος,
733 3450 803 3494 καὶ
829 3450 949 3511 χάριν
986 3452 1326 3512 προσωμολόγεεν

96 3513 257 3558 εἰδέναι·
284 3514 389 3560 οὕτω
414 3515 460 3571 δὴ
487 3517 753 3576 καταπέμπει
778 3519 921 3575 αὐτὸν,
949 3522 1145 3581 στρατιὴν
1176 3520 1266 3572 δοὺς
1289 3524 1327 3572 ἐς

95 3712 150 3719 -
173 3702 210 3728 1.
228 3689 338 3730 ὅτιτε
350 3690 473 3731 codd.
491 3692 508 3745 ΙΙ
528 3716 583 3723 -
601 3698 640 3733 6.
656 3693 803 3734 πολλὸν
816 3710 882 3748 χρ.
901 3697 952 3735 A.
976 3696 1104 3749 (1-7.
1126 3696 1217 3751 σύγε
1232 3696 1328 3752 ἡμῖν

95 3750 155 3789 ὅτι
167 3752 202 3790 Α
214 3766 224 3799 ;
237 3751 296 3790 ὅτι
308 3750 399 3805 σύγε
410 3750 505 3806 ἡμῖν
520 3762 614 3794 cett.
625 3755 702 3808 1)-
716 3768 733 3795 1
744 3769 761 3795 1
772 3787 780 3796 .
798 3761 889 3803 σῶες
901 3758 950 3796 L.
969 3755 1325 3810 ll—ofitotABCD;

95 3812 205 3853 αὐτοὶ
219 3813 506 3855 Schmiederus
519 3847 530 3865 ,
540 3815 795 3869 jubentibus,
820 3827 867 3858 ut
889 3820 958 3868 ait,
979 3821 1279 3875 manuscriptis.
1308 3823 1323 3875 ΙΙ

94 3898 150 3905 -
185 3877 249 3922 14.
288 3874 513 3930 ἐπανηρώτα
541 3879 609 3918 BC
644 3886 684 3918 et
718 3893 817 3932 vgo;
855 3879 1032 3934 ἀνηρώτα
1065 3883 1193 3922 LAD.
1234 3883 1250 3936 ΙΙ
1273 3906 1330 3913 -

99 3949 164 3989 17.
186 3941 261 3976 τῶν
291 3936 495 3989 Ἑλλήνων
514 3947 553 3979 et
571 3944 646 3980 τῶν
660 3941 806 3981 Λιὸύων
827 3943 906 3982 BC.
933 3944 1022 3996 Η]-
1038 3945 1102 3983 18.
1121 3942 1326 3999 ἐπόμνυσιν

96 4012 174 4039 scr.
189 3999 376 4041 Dfibner.
397 4000 474 4056 ss—
489 4015 556 4044 20.
571 4002 720 4060 καὶγὰρ
734 4004 777 4045 τὸ
791 4004 885 4060 ἄχος
903 4007 951 4046 L.
972 4006 1048 4060 Η-
1059 4004 1121 4047 ἐπὶ
1135 4005 1259 4048 ἀπωλ.
1275 4009 1322 4049 C.

1109 169 1394 217 HISTORIA
1427 168 1657 215 INDICA.
2545 188 2631 228 357

1402 277 1532 318 culter
1545 275 1772 318 admodum
1788 291 2008 331 agnoscere
2027 281 2188 333 potuit3
2217 282 2410 337 quodque
2429 285 2483 324 ita
2503 286 2637 327 hirsu-

1403 351 1464 383 tos
1491 343 1677 399 maleque
1706 353 1963 400 comparatos
1992 345 2211 397 cernebat,
2241 356 2355 390 tanto
2394 353 2521 404 magis
2553 353 2638 407 ejus

1402 409 1519 450 dolor
1538 410 1592 451 ob
1609 411 1806 451 amissum
1831 411 2061 452 exercitum
2080 413 2268 454 navalem
2302 416 2636 461 confirmabatur.

1401 474 1555 529 Injecta
1577 477 1702 530 igitur
1718 477 1907 518 Nearcho
1926 477 2093 529 dextra,
2112 494 2247 535 eoque
2262 495 2448 524 seorsum
2468 486 2518 525 ab
2540 490 2638 528 ami-

1402 543 1459 582 cis
1477 551 1518 583 et
1549 545 1716 584 scutatis
1749 543 1954 596 abducto,
1980 545 2113 587 multo
2136 555 2321 604 tempore
2343 551 2640 595 collam-imatus

1401 617 1476 648 est.
1538 609 1600 663 (5)
1630 609 1819 650 Tandem
1851 626 1982 666 quum
2016 627 2058 653 se
2096 615 2319 670 collegisset
2352 632 2402 658 ex
2436 618 2611 660 lacrimis
2627 653 2637 671 ,

1408 692 1424 708 α
1449 674 1688 725 Enimvero,
1714 676 1827 730 quod
1848 685 1908 727 tu,
1931 679 2079 733 inquit,
2099 682 2282 724 Ncarche
2298 692 2339 724 et
2364 686 2550 736 Archias,
2576 702 2641 727 so-

1401 740 1525 794 spites
1547 755 1594 781 ac
1618 741 1716 782 salvi
1745 743 1972 794 redieritis,
1995 746 2247 789 moderatius
2274 750 2474 792 universae
2504 752 2640 795 classis

1395 803 1600 858 jacturam
1616 807 1703 849 fero
1723 822 1732 849 :
1747 818 1788 850 at
1800 824 1896 850 vero
1912 826 2033 852 naves
2049 821 2089 853 et
2104 817 2304 856 exercitus
2322 831 2502 872 quonam
2520 829 2640 875 pacto

1400 873 1642 926 perierunt?
1662 894 1678 909 ι’
1717 876 1778 928 (6)
1798 877 1907 916 Tum
1929 878 2143 919 Nearchus
2165 883 2270 935 regis
2282 897 2512 925 sermonem
2529 888 2638 927 exci-

1400 939 1532 994 pienS,
1559 960 1574 975 ιι
1590 940 1715 982 Salvae
1735 950 1845 992 sunt,
1869 944 2019 997 inquit,
2045 946 2137 997 tibi,
2160 962 2247 998 rex,
2269 958 2308 989 et
2328 965 2449 991 naves
2467 960 2508 992 et
2526 967 2640 995 exer-

1401 1005 1530 1056 citus;
1565 1022 1640 1048 nos
1670 1022 1768 1048 vero
1802 1009 1878 1064 ipsi
1899 1009 2022 1064 hujus
2048 1012 2186 1053 salutis
2220 1017 2354 1056 nuntii
2391 1019 2590 1059 venimus.
2619 1038 2634 1058 η

1402 1072 1464 1124 (7)
1483 1073 1593 1113 Tum
1609 1073 1819 1125 uberiores
1833 1075 2065 1117 Alexandro
2082 1078 2258 1121 lacrimae
2271 1092 2504 1134 manarunt,
2526 1087 2639 1139 quod

1399 1147 1552 1192 praeter
1592 1155 1758 1181 omnem
1795 1145 2138 1198 exspectationem
2177 1148 2212 1187 ei
2260 1150 2460 1190 exercitus
2507 1152 2639 1192 salvus

1400 1213 1529 1254 esset,
1552 1205 1756 1261 simulque
1771 1207 1842 1247 uhi
1858 1217 2027 1262 portum
2042 1213 2224 1266 ceperint
2239 1225 2368 1268 rogat.
2429 1217 2638 1259 Nearchus

1399 1285 1466 1312 eas
1488 1271 1540 1312 ad
1564 1272 1699 1313 fauces
1720 1274 1935 1314 Anamidis
1969 1275 2083 1316 ssuvii
2115 1279 2336 1320 consistere
2354 1282 2428 1331 ait,
2454 1291 2575 1336 atque
2596 1285 2638 1325 in

1399 1344 1550 1379 terram
1570 1339 1791 1381 subductas
1812 1341 1941 1382 refici.
2003 1344 2066 1396 (8)
2091 1345 2188 1384 Post
2210 1346 2296 1386 haec
2319 1347 2550 1389 Alexander
2569 1364 2642 1404 per

1398 1405 1423 1444 J
1425 1418 1543 1446 ovem
1562 1407 1803 1448 Graecorum
1820 1416 1859 1447 et
1881 1410 2131 1449 Ammonem
2150 1411 2353 1465 Lybicum
2371 1412 2517 1467 jurans
2532 1415 2641 1455 affir-

1402 1473 1542 1521 mavit,
1573 1474 1726 1525 gratius
1758 1473 1835 1513 sibi
1851 1472 2162 1529 jucundiusque
2193 1477 2235 1517 id
2265 1480 2398 1518 nuntii
2418 1480 2638 1533 accidisse,

1403 1555 1527 1594 quam
1563 1540 1676 1594 quod
1713 1542 1944 1581 universam
1978 1544 2118 1583 Asiam
2156 1544 2429 1599 subjugasset;
2455 1547 2639 1591 dolorem

1400 1605 1510 1644 enim
1541 1604 1595 1644 ob
1625 1606 1819 1646 amissum
1848 1608 2073 1648 exercitum
2106 1611 2303 1651 universae
2341 1611 2522 1653 felicitati
2557 1629 2640 1655 suae

1399 1684 1538 1724 parem
1557 1670 1694 1712 fuisse.
2015 1680 2018 1683 ’

1456 1736 1657 1777 XXXVI.
1690 1739 1843 1778 Praeses
1867 1754 1964 1779 vero
1991 1735 2213 1794 provinciae
2229 1773 2240 1793 ,
2264 1757 2386 1797 quem
2416 1744 2470 1784 ob
2504 1748 2640 1787 nuntii

1400 1810 1621 1850 vanitatem
1637 1810 1872 1851 Alexander
1888 1814 2184 1868 comprehendi
2195 1814 2386 1870 jusserat,
2407 1819 2640 1859 Nearchum

1399 1890 1641 1940 praesentem
1680 1884 1939 1938 conspicatus
1954 1915 1966 1934 ‚
2016 1886 2053 1924 ei
2093 1885 2145 1926 ad
2192 1901 2324 1940 genua
2370 1890 2637 1943 provolutus,

1401 1953 1464 2006 (2)
1490 1970 1505 1990 α
1525 1955 1639 2006 Ego,
1670 1954 1821 2008 inquit,
1845 1955 1880 1994 is
1902 1969 1993 1995 sum
2014 1957 2087 2010 qui
2111 1957 2348 1999 Alexandro
2368 1962 2553 2002 nuntiavi
2571 1977 2641 2003 vos

1399 2023 1530 2064 salvos
1545 2023 1729 2064 rediisse.
1774 2024 1903 2065 Vides
1926 2041 2009 2080 quo
2021 2036 2141 2081 pacto
2157 2018 2350 2085 exceptus
2366 2031 2456 2071 sim.
2481 2053 2496 2068 a
2532 2035 2640 2073 Tum

1398 2096 1727 2148 rogatuNearchi
1744 2096 1978 2137 Alexander
1991 2112 2086 2138 eum
2102 2098 2254 2140 dimitti
2264 2100 2398 2154 jubet.
2462 2104 2524 2157 (3)
2542 2107 2638 2156 Quo

1399 2168 1505 2207 sacto
1536 2164 1770 2207 Alexander
1789 2169 1843 2208 ob
1877 2179 2083 2210 servatum
2116 2174 2341 2212 exercitum
2367 2176 2460 2214 Jovi
2498 2178 2639 2217 Serva-

1398 2239 1477 2278 tori
1504 2246 1625 2292 atque
1655 2239 1823 2278 Herculi
1843 2248 1882 2280 et
1913 2241 2093 2295 Apollini
2126 2242 2449 2285 infortuniorum
2470 2248 2639 2301 propul-

1397 2312 1520 2351 satori
1544 2313 1561 2364 )
1589 2319 1629 2351 et
1657 2312 1852 2366 Neptuno
1885 2313 2134 2367 reliquisque
2164 2314 2242 2355 diis
2281 2318 2448 2357 marinis
2477 2333 2637 2360 sacrum

1404 2382 1512 2431 fecit,
1539 2381 1657 2422 ludos
1676 2383 1797 2423 etiam
1818 2384 2028 2437 gymnicos
2049 2385 2178 2426 edidit
2201 2402 2475 2443 pompamque
2495 2390 2634 2432 duxit:

1396 2469 1560 2510 pompae
1572 2470 1687 2495 overo
1714 2455 1799 2495 dux
1815 2457 2024 2497 Nearchus
2053 2467 2155 2508 erat,
2178 2461 2294 2500 sertis
2317 2475 2363 2501 ac
2394 2463 2564 2504 floribus
2582 2465 2634 2505 ab

1397 2529 1510 2568 omni
1542 2529 1726 2568 exercitu
1749 2530 1913 2583 petitus.
1976 2532 2038 2583 (4)
2079 2533 2152 2571 His
2176 2533 2299 2572 rebus
2332 2536 2507 2588 peractis
2541 2536 2636 2576 Ale-

1380 2600 1553 2642 .xander
1570 2601 1624 2640 ita
1645 2601 1879 2641 Nearchum
1904 2601 2127 2657 alloquitur
2147 2616 2156 2644 :
2195 2621 2209 2641 «
2238 2603 2323 2657 Ego
2347 2613 2386 2645 te
2400 2636 2411 2655 ,
2429 2607 2635 2659 Neamhe,

1397 2671 1510 2711 nulla
1539 2672 1708 2726 posthac
1739 2672 1919 2727 pericula
1939 2682 2010 2713 aut
2027 2673 2185 2714 labores
2211 2676 2363 2716 iterum
2393 2676 2506 2717 adire
2529 2679 2634 2720 volo.

1398 2743 1477 2784 Sed
1497 2743 1598 2784 alius
1615 2731 1785 2799 posthac
1808 2745 1922 2798 classi
1941 2745 2155 2800 praefectus
2173 2761 2263 2787 eam
2283 2749 2381 2789 Susa
2404 2749 2593 2791 deducet.
2617 2769 2632 2789 υ

1399 2818 1460 2870 (5)
1482 2817 1694 2857 Nearchus
1712 2818 1817 2870 regis
1836 2831 2068 2857 sermonem
2085 2819 2307 2872 excipienS,
2333 2839 2349 2854 u
2367 2820 2586 2874 Equidem,
2612 2836 2637 2861 ο

1401 2902 1488 2939 rex,
1514 2889 1663 2943 inquit,
1690 2888 1764 2927 tibi
1782 2902 1854 2942 per
1878 2889 2018 2928 omnia
2050 2903 2208 2929 morem
2229 2904 2369 2943 gerere
2390 2900 2429 2931 et
2452 2893 2573 2947 cupio
2597 2902 2636 2933 et

1400 2961 1545 3002 debeo.
1607 2961 1808 3002 Caeterum
1828 2961 1860 3002 si
1874 2975 1955 3017 qua
1972 2963 2016 3002 in
2031 2977 2075 3003 re
2091 2963 2190 3003 mihi
2212 2964 2428 3017 gratificari
2443 2959 2635 3017 volueris,

1399 3034 1479 3074 hoc
1497 3049 1549 3074 ne
1575 3033 1717 3073 feceris
1736 3046 1745 3074 :
1771 3034 1870 3088 quin
1891 3035 2027 3089 potius
2061 3049 2126 3074 me
2146 3035 2200 3075 ad
2229 3036 2353 3076 finem
2370 3051 2499 3090 usque
2521 3038 2636 3077 classi

1397 3109 1635 3165 praefectum
1667 3124 1752 3150 esse
1771 3110 1948 3164 patiare,
1978 3109 2110 3150 donec
2143 3109 2218 3150 tibi
2242 3124 2363 3150 naves
2382 3110 2507 3149 salvas
2535 3111 2636 3151 Susa

1398 3177 1687 3233 perduxerim3
1749 3179 1811 3230 (6)
1840 3191 1941 3216 neve
1976 3191 2104 3231 quum
2132 3191 2197 3216 res
2236 3176 2374 3217 arduae
2403 3185 2524 3231 atque
2557 3176 2635 3217 dif-

1398 3246 1522 3287 ficiles
1540 3247 1643 3287 mihi
1665 3245 1736 3286 abs
1765 3253 1805 3284 te
1830 3246 2055 3285 commissae
2078 3245 2246 3295 fuerint,
2282 3245 2431 3295 faciles,
2457 3259 2634 3299 quarum

1399 3315 1528 3368 gloria
1556 3313 1643 3368 jam
1677 3314 1719 3353 in
1753 3321 1949 3368 promptu
1981 3321 2054 3362 est,
2087 3312 2190 3352 mihi
2225 3311 2433 3367 ademptas
2466 3313 2553 3353 aliis
2590 3314 2635 3354 i'n

1398 3396 1544 3422 manus
1577 3380 1757 3420 dederis.
1788 3400 1805 3415 n
1870 3381 1932 3433 (7)
1965 3379 2114 3421 Adhuc
2137 3380 2375 3434 loquentem
2406 3380 2635 3435 interpellat

1399 3449 1645 3499 Alexander,
1668 3450 1839 3502 gratiam
1862 3463 1904 3488 se
1933 3449 1987 3488 illi
2011 3449 2164 3490 habere
2198 3450 2366 3505 insuper
2394 3449 2629 3505 professus:

1398 3528 1520 3574 atquc
1546 3521 1727 3559 ita'eum
1754 3517 1940 3567 dimittit,
1966 3519 2114 3572 exiguo
2147 3520 2329 3559 exercitu
2359 3520 2600 3559 comitatum
2616 3548 2626 3567 ,

1456 3697 1654 3744 XXXVI,
1673 3697 1740 3742 24.
1756 3694 1941 3748 παριόντα
1961 3708 2045 3734 om.
2069 3695 2118 3734 L.
2142 3694 2232 3748 11-—
2250 3697 2318 3743 24.
2337 3693 2451 3733 αὐτοῦ
2471 3696 2522 3733 Α.
2544 3694 2560 3745 Η
2577 3716 2632 3723 -

1401 3759 1468 3799 25.
1506 3754 1615 3803 οῧτός
1637 3771 1673 3796 τι
1693 3757 1772 3797 BC.
1803 3756 1819 3809 ΙΙ
1846 3781 1902 3787 -
1925 3757 1992 3797 30.
2022 3755 2224 3796 θαλάσσιοι
2249 3755 2500 3795 θεοίΑΒΕΙ).
2532 3755 2546 3806 ΙΙ
2575 3777 2632 3784 -

1401 3820 1468 3860 35.
1493 3818 1610 3860 ἐθέλω
1640 3820 1692 3867 Α,
1729 3818 1827 3858 θέλω
1848 3812 1970 3859 BCD.
2002 3819 2018 3872 {l
2044 3841 2101 3848 —-
2127 3816 2229 3857 οὔτ’
2261 3816 2396 3855 ἀναν..
2421 3817 2434 3868 J
2462 3813 2539 3854 οὔτ’
2562 3811 2630 3855 οὖν

1399 3883 1494 3923 κινδ.
1512 3879 1652 3930 codd.;
1674 3894 1756 3921 em.
1773 3880 1912 3921 Geier.
1937 3881 2104 3934 (1-41.
2125 3877 2395 3925 ἐθέλειςΑΒΟ;
2416 3875 2627 3925 ἐθέλοιςΙ);

1401 3945 1518 3990 θέλεις
1539 3957 1614 3995 vgo
1634 3950 1727 3981 ante
1742 3942 1885 3982 Dubn.
1909 3943 1924 3995 Η
1945 3966 1999 3973 —
2018 3940 2085 3989 [45.
2117 3939 2190 3991 ἤδη
2213 3939 2379 3992 ἐχόμενα
2403 3937 2556 3991 ἑτοίμου
2574 3939 2627 3979 A.

1403 4008 1418 4061 Ι(
1444 4030 1499 4037 -
1515 4007 1582 4054 48.
1606 4003 1730 4051 διδοὺς
1745 4005 1793 4044 C.
