2756 4354
120 198 172 262 (2)
1216 178 1543 246 ramnus.
2624 231 2651 268 5

120 301 232 363 ρικόν
252 319 295 346 τε
314 303 448 361 τεῖχος
466 297 537 344 καὶ
572 295 732 353 Γύττην
765 296 834 342 καὶ
857 294 1010 359 Ἀκραν
1038 297 1110 342 καὶ
1134 296 1346 343 Μέλιτταν
1417 322 1489 348 0115
1515 324 1660 350 murus
1689 318 1730 350 et
1754 311 1878 365 Gytte
1911 320 1951 352 et
1979 314 2087 353 Aera
2121 322 2162 354 et
2193 317 2348 359 Melitta
2380 321 2591 382 (Melita)
2615 337 2652 369 et

119 371 189 415 καὶ
207 368 433 432 Ἄραμὸυν.

181 456 215 485 6.
252 439 452 485 Κάκεῖθεν
477 436 513 479 δ’
539 434 779 496 ἀναχθέντες
804 434 982 494 ἤλθομεν
1009 434 1077 480 ἐπὶ
1101 434 1232 495 μέγαν
1266 453 1347 480 πο-

115 507 248 567 ταμὸν
268 505 388 559 Αίξον
404 540 416 561 ,
435 503 516 549 ἀπὸ
535 508 607 561 τ’ἧς
619 503 777 560 Λιὸύης
798 503 957 567 ῥέοντα.
1028 502 1154 565 Παρὰ
1170 503 1203 548 δ’
1225 503 1346 549 αὐτὸν

1416 526 1525 562 111115,
1545 514 1659 566 quod
1681 530 1703 555 e
1732 516 1862 570 Libya
1877 516 1983 557 fluit.

1420 377 1624 432 Arambys
1631 409 1640 418 .

1476 450 1515 486 6.
1549 448 1657 487 Hinc
1683 449 1810 488 evecti
1835 448 1888 489 ad
1918 451 2070 490 Lixum
2096 451 2250 492 flumen
2272 468 2468 509 magnum
2489 460 2652 504 deveni·

2044 519 2168 558 Juxta
2190 519 2233 559 id
2252 522 2447 563 nomades
2467 525 2652 571 homines

127 598 2628 621 ρῇ--ῌἫ

113 645 322 679 servatum
352 651 438 677 esse
461 636 582 677 docet
603 637 831 692 saepiusque
849 637 957 676 inter
972 636 1159 676 locorum
1182 637 1353 677 nomina

117 714 348 750 occurrere,
381 708 430 740 ut
457 700 502 740 in
532 698 662 740 Geder
691 698 806 755 (JOS.
837 712 902 748 12,
932 697 1031 754 13),
1066 697 1224 739 Gedera
1256 697 1348 754 (Id.

119 765 185 815 15,
223 765 324 822 36),
348 765 481 806 Gedor
501 764 514 821 (
532 764 598 805 Id.
640 764 705 813 15,
738 764 788 806 58
809 764 822 820 )
841 796 852 815 ,
887 764 1071 813 Gadara,
1107 764 1243 805 Gadir
1269 766 1354 805 sive

114 827 296 869 Gadira.
322 829 482 867 Verum
501 826 663 867 admitti
692 827 779 867 haec
800 835 1027 881 nequeunt,
1054 840 1182 881 quum
1203 827 1353 881 Peripli

116 891 342 931 narrationi
368 898 614 944 repugnent.
647 890 752 930 Nam
783 888 882 929 inde
904 904 927 930 a
945 889 1030 944 Safi
1049 888 1164 928 urbis
1186 889 1280 928 sinu
1302 888 1354 928 ad

116 952 286 1005 Agader
315 951 444 993 stadia
479 960 576 992 sunt
598 966 723 1007 supra
754 952 865 993 mille
885 960 926 992 et
947 951 1139 1001 ducenta,
1166 965 1256 1005 quae
1285 952 1354 991 vix

116 1015 298 1056 duorum
322 1014 501 1065 dierum,
539 1013 695 1055 nedum
729 1015 870 1065 unius,
901 1015 1159 1068 navigatione
1195 1015 1354 1054 emetiri

115 1079 267 1119 Hanno
285 1087 459 1133 poterat.
481 1077 544 1118 Cf.
567 1085 655 1117 not.
679 1077 732 1118 ad
751 1092 791 1117 v.
817 1076 932 1132 ’Άκρα
972 1078 988 1131 Η
1010 1101 1067 1107 -
1084 1075 1238 1127 Γύττη
1256 1078 1270 1128 ]
1293 1078 1354 1116 De

115 1138 192 1181 hac
204 1140 368 1181 aliunde
383 1155 468 1181 non
481 1148 654 1190 constat,
669 1141 747 1179 nisi
761 1139 864 1180 forte
875 1138 1018 1180 eadem
1030 1146 1090 1178 est
1101 1152 1191 1192 quae
1205 1137 1355 1178 Gadda

115 1202 268 1244 dicitur
302 1205 345 1243 in
369 1205 520 1257 Geogr.
560 1205 743 1242 Ravenn.
776 1216 818 1256 p.
846 1205 943 1255 769,
969 1201 1041 1241 ubi
1065 1213 1074 1240 z
1109 1199 1350 1248 Tamusida,

115 1266 227 1315 Sala,
249 1266 464 1314 Gentiano,
480 1264 707 1313 Boballiea,
730 1262 1004 1311 Bobiscianis,
1020 1262 1157 1316 Aquis
1174 1261 1350 1310 Baticis,

116 1328 247 1376 Bada,
287 1326 535 1375 Tocolosi0n‚
557 1325 762 1374 Bobabili,
788 1324 1023 1372 Bonivrias,
1051 1323 1215 1372 Gadda,
1237 1324 1350 1373 Bali,

115 1389 304 1441 Argenti.
341 1391 403 1429 De
440 1389 610 1428 nomine
650 1389 906 1428 BoanRTUs
944 1400 953 1427 :
990 1406 1005 1422 α
1042 1387 1166 1441 Gytta
1201 1400 1354 1426 nomen

115 1450 238 1499 habet
258 1467 282 1492 a
303 1465 423 1506 pecu,
448 1459 495 1490 ut
516 1451 646 1491 Cretae
661 1450 762 1490 urbs
779 1450 1040 1504 Πολυρρηνία,
1066 1463 1191 1503 quam
1213 1449 1271 1488 sic
1285 1463 1354 1503 ap-

112 1514 252 1569 pellari
268 1513 410 1554 scribit
425 1513 654 1567 Stephanus
677 1511 751 1553 ἀπὸ
771 1515 839 1553 τοῦ
866 1511 996 1553 πολλὰ
1020 1511 1137 1566 ῥήνεα
1150 1512 1354 1562 ,ητουτέστι

112 1575 285 1631 ’πρόὸατα
314 1575 433 1630 ἔχειν.
456 1577 613 1630 Nempe
631 1576 742 1630 Syris
762 1589 820 1626 512
833 1606 844 1625 ,
869 1575 978 1626 geth,
999 1583 1059 1614 est
1073 1589 1214 1629 pecus,
1236 1573 1353 1628 cujus

114 1639 269 1693 plurale
302 1649 399 1710 pn]
412 1669 423 1688 ,
453 1637 626 1690 gitthin.
666 1636 746 1678 Sed
777 1645 931 1677 veteres
967 1638 1054 1677 sine
1077 1636 1353 1692 adspiratione

107 1703 379 1758 scripserunt.
403 1701 507 1742 Inde
526 1701 636 1742 Gatlz
658 1701 962 1742 Philistaeorum
998 1701 1042 1740 in
1071 1700 1260 1755 Polybio,
1281 1702 1352 1740 Jo-

113 1766 241 1820 sepho
263 1774 303 1806 et
317 1765 523 1820 Stephano
538 1764 660 1805 Gitta
670 1763 839 1814 dicitur,
853 1772 893 1804 et
908 1778 932 1804 a
942 1764 1077 1804 Plinio
1094 1767 1239 1811 Getta’.
1253 1762 1352 1817 Ejus

113 1829 293 1868 nominis
316 1828 394 1868 fuit
413 1829 536 1868 etiam
555 1828 748 1868 Samariae
773 1827 904 1877 vicus,
928 1841 950 1866 e
975 1841 1059 1880 quo
1078 1827 1219 1867 Simon
1243 1825 1353 1880 apud

112 1891 338 1940 Justinum,
368 1889 648 1944 Epiphanium
672 1897 712 1929 et
737 1891 956 1929 Zonarain.
983 1908 999 1924 n
1033 1891 1048 1943 ΙΙ
1081 1912 1137 1918 -
1168 1888 1350 1942 Ἄγραν]

120 1972 135 1986 «
159 1952 274 2007 Ἄκρα
297 1961 357 1993 051
382 1963 510 2013 χρη-,3η
534 1952 696 2000 Hulwan,
723 1951 767 1991 id
792 1960 853 1991 est
882 1966 976 1999 arx,
1010 1950 1186 1991 munitio
1212 1971 1249 1990 ».
1273 1953 1353 1990 Βο-

108 2029 318 2066 (ιΗΑ111115,
337 2015 521 2070 exempla
543 2017 666 2055 etiam
695 2013 853 2054 addens
872 2029 894 2054 e
907 2014 1023 2054 libris
1039 2014 1163 2054 sacris
1189 2013 1353 2054 desum-

112 2087 196 2132 pta,
223 2093 313 2133 quae
333 2078 480 2119 afferre
495 2079 666 2132 longum
689 2085 839 2117 estnec
855 2078 1014 2117 attinet.
1036 2078 1198 2117 Nomen
1219 2077 1349 2127 urbis,

107 2142 197 2181 sive
214 2142 363 2191 versio,
385 2150 432 2181 ut
449 2149 567 2195 puto,
587 2141 671 2180 sive
690 2140 904 2193 corruptio
922 2140 1032 2179 vocis
1051 2139 1267 2193 phoeniciae
1283 2140 1350 2189 sit,

114 2205 272 2256 egregie
295 2203 471 2257 quadrat
490 2204 533 2242 in
563 2203 689 2241 situm
723 2201 891 2252 Agadet·
911 2201 1041 2250 urbis,
1075 2200 1191 2254 cujus
1216 2201 1353 2254 paullo

109 2279 239 2319 supra
268 2266 454 2305 memini.
489 2267 698 2305 Locorum
714 2271 863 2303 natura
885 2263 935 2304 ab
960 2264 1074 2302 omni
1096 2264 1136 2302 vi
1156 2271 1244 2302 tuta
1265 2272 1325 2303 est
1338 2279 1349 2313 ;

114 2337 282 2382 portum
296 2329 420 2368 habet
431 2337 471 2368 et
483 2329 651 2368 navium
671 2327 889 2367 stationem
902 2326 946 2365 in
958 2334 1043 2366 tota
1057 2326 1133 2366 hac
1150 2340 1222 2366 ora
1234 2326 1352 2379 longe

110 2392 340 2445 optimam3
377 2389 640 2443 circumjacet
676 2398 716 2429 et
746 2389 798 2428 ad
832 2388 1042 2428 desertum
1075 2403 1205 2442 usque
1243 2397 1353 2443 patet

113 2454 227 2506 regio
238 2453 406 2502 vitibus,
420 2453 551 2502 olivis,
570 2452 657 2492 aliis
669 2451 867 2491 arborum
890 2450 1107 2504 generibus
1118 2451 1348 2502 abundans,

114 2516 285 2568 argenti,
318 2515 430 2565 ferri,
449 2515 565 2569 cupri
590 2515 703 2553 venis
719 2513 847 2563 dives,
867 2512 969 2552 coelo
995 2513 1126 2563 beata,
1147 2528 1348 2554 commer-

111 2578 186 2617 ciis
216 2591 310 2616 cum
343 2578 549 2616 interioris
582 2575 730 2616 Africae
758 2575 922 2629 populis
950 2577 1163 2615 nectendis
1188 2591 1350 2616 accom-

114 2638 408 2689 modatissima,
445 2652 576 2693 eoque
612 2638 780 2677 nomine
811 2637 911 2676 olim
947 2635 1058 2690 apud
1097 2639 1351 2691 Portugallos

109 2701 236 2751 clara,
261 2710 302 2742 et
335 2715 468 2756 nuper
497 2716 520 2741 a
549 2699 754 2741 Jacksono
774 2699 917 2752 Anglis
947 2699 1030 2738 suis
1064 2699 1352 2741 commendata

118 2763 200 2818 (V.
225 2764 417 2805 Jaekson.
448 2764 475 2803 l.
502 2764 529 2803 l.
558 2777 600 2817 p.
632 2764 696 2803 18.
720 2775 787 2802 20.
822 2761 875 2813 52
906 2776 995 2815 sqq.
1034 2766 1130 2802 226.
1169 2764 1347 2804 Movers.

114 2826 140 2866 l.
159 2827 186 2867 l.
207 2826 237 2882 ).
262 2828 429 2880 Fugisse
448 2825 716 2880 multiplicem
738 2825 845 2864 hanc
861 2825 1213 2879 Opportunitatem
1231 2826 1350 2865 Phoe-

115 2890 224 2929 nices
243 2898 284 2930 et
301 2890 654 2942 Carthaginienses
678 2888 771 2941 quis
794 2887 964 2927 demum
988 2886 1238 2927 crediderit?
1267 2889 1351 2928 Ho-

114 2950 182 2991 die
196 2953 308 3005 regio
326 2952 403 2992 ista
417 2959 588 2991 vocatur
600 2954 711 2990 Sase.
734 2951 750 3002 Η
769 2974 825 2980 —
840 2949 880 2988 M
893 2950 909 2989 ε’
920 2949 967 2988 λι
982 2964 1003 2989 τ
1015 2964 1036 2989 τ
1046 2965 1069 2989 α
1082 2964 1100 2989 ν
1118 2952 1132 3002 ]
1151 2949 1250 3003 Ejus
1263 2949 1351 3004 jam

117 3013 327 3054 Hecataeus
342 3014 531 3054 meminit
547 3027 613 3067 ap.
633 3013 691 3052 St.
703 3014 800 3066 Byz.
824 3024 833 3051 :
849 3011 1041 3062 Μέλισσα,
1058 3012 1168 3060 πόλις
1182 3013 1348 3063 meam,

124 3075 326 3124 Ἑκαταῖος
363 3076 479 3132 Ἀσίᾳ.
515 3075 559 3115 Ὁ
597 3074 763 3128 οἰκήτωρ
795 3074 1045 3122 Μελισσαῖος·
1080 3074 1103 3126 ἣ
1133 3077 1245 3130 χώρα
1269 3076 1350 3116 Με-

115 3138 284 3179 λισσαία.
308 3159 324 3174 «
344 3140 514 3180 Melitta
533 3138 596 3178 vel
616 3128 783 3186 &ve-*7572
803 3136 954 3178 Melita
968 3139 1136 3192 proprie
1149 3139 1351 3192 significat

114 3199 326 3240 calicatam
339 3201 501 3250 urbem,
527 3201 558 3240 si
580 3200 706 3240 verbo
732 3199 855 3239 datur
874 3200 1005 3250 venia,
1035 3200 1078 3239 id
1098 3209 1172 3250 est,
1204 3202 1246 3240 in
1271 3216 1352 3256 qua

116 3260 334 3302 condenda
348 3263 524 3303 multum
540 3263 659 3303 calcis
679 3263 730 3302 sit
746 3261 980 3302 adhibitum
997 3262 1058 3301 vel
1073 3263 1114 3301 in
1126 3271 1350 3304 structuras

121 3323 182 3362 vel
201 3325 321 3364 etiam
341 3326 382 3364 in
414 3327 596 3366 tectoria.
631 3325 763 3365 Radix
782 3314 894 3372 0572
919 3325 1034 3364 melec
1064 3326 1268 3379 reperitur
1285 3329 1351 3366 Je-

122 3401 224 3426 rem.
245 3389 312 3437 43,
336 3404 358 3441 9
375 3403 451 3443 pro
470 3396 668 3429 caemento
686 3402 736 3427 ex
751 3401 874 3427 arena
889 3396 929 3427 et
944 3387 1066 3427 calce.
1087 3407 1103 3422 »
1133 3389 1347 3429 Bocmm.

122 3450 214 3488 Non
239 3450 418 3490 arrident
430 3451 532 3491 haec.
559 3452 745 3491 Fortasse
764 3464 787 3490 a
809 3450 945 3490 colore
974 3450 1174 3490 albicante
1193 3450 1323 3490 litoris
1337 3483 1348 3501 ,

122 3511 166 3549 in
190 3523 273 3563 quo
305 3512 380 3551 sita
407 3512 520 3562 urbs,
551 3526 703 3552 nomen
731 3520 851 3552 nacta
882 3520 956 3551 est.
990 3512 1183 3551 Ceterum
1201 3513 1350 3552 rectius

120 3571 248 3611 scribi
292 3573 431 3613 Melite
461 3582 585 3628 puto,
634 3573 778 3614 collato
816 3575 983 3614 nomine
1023 3574 1171 3614 Melitae
1212 3575 1353 3615 insulae

129 3633 346 3689 (Malle),
380 3649 470 3688 quae
504 3637 600 3675 item
634 3636 876 3676 Phoenicum
910 3645 997 3676 erat
1033 3637 1207 3677 colonia.
1247 3640 1261 3690 ΙΙ
1299 3662 1353 3668 -

128 3694 169 3735 ”A
184 3696 360 3750 ραμῧυν
377 3698 392 3747 ]
411 3698 528 3737 Η3110
542 3697 706 3737 aliunde
725 3712 805 3738 non
825 3700 1028 3739 novimus.
1059 3719 1074 3734 «
1101 3699 1313 3754 Arambyn
1331 3715 1354 3740 a

122 3759 209 3798 situ
219 3767 320 3813 puto
337 3773 499 3799 vocasse
514 3759 725 3799 Phoenices
741 3770 957 3829 ἶνῑῃῃ-ἾΠ
977 3763 1213 3811 har-aubin,
1236 3777 1354 3803 mon-

127 3828 207 3860 tem
228 3835 417 3870 uvarum,
438 3821 497 3861 vel
519 3832 694 3873 :gy-”w
714 3821 920 3873 har-aubi,
939 3833 1121 3865 montem
1146 3826 1354 3866 racemife-

126 3897 243 3933 rum3
271 3884 370 3924 vites
395 3883 515 3924 fuisse
535 3885 575 3923 in
609 3884 684 3924 illis
703 3885 799 3925 locis
818 3894 974 3926 constat
996 3901 1046 3926 ex
1071 3887 1233 3942 Periplo
1259 3889 1354 3943 Scy-

127 3945 222 3986 lacis
242 3948 263 3998 §
284 3959 376 3996 112,
399 3947 468 4000 qui
497 3946 548 3986 de
570 3947 712 3987 vicinis
734 3948 906 3999 [Cernae
926 3949 1003 3989 ius.
1030 3963 1086 3989 sc.
1109 3952 1122 4001 ]
1149 3950 1352 4005 AEthiopi-

126 4007 204 4048 bus
239 4010 290 4049 ita
319 4009 440 4049 habet
463 4022 473 4050 ε
500 4007 609 4050 οἶνον
639 4009 679 4050 δὲ
714 4012 864 4051 ποιοῦσι
890 4010 1011 4051 πολῦν
1046 4010 1119 4052 ἀπὸ
1154 4011 1352 4067 ἀμπέλων.

1425 637 1588 690 Quibus
1618 653 1800 680 consona
1821 641 1909 681 haec
1930 642 2052 682 Plinii
2071 644 2127 692 V,
2158 657 2175 682 1
2207 657 2215 684 :
2241 645 2311 685 Ibi
2323 646 2449 698 sama
2466 651 2657 692 exsistere

1426 708 1538 739 certa
1555 700 1737 751 vestigia
1759 701 1943 742 habitati
1966 703 2170 757 quondam
2191 706 2270 746 soli
2292 707 2578 766 vinearumque
2600 727 2657 752 re-

1428 759 1596 814 liquias.
1628 761 1707 801 Sed
1730 763 1931 803 Strabone
1951 765 2054 804 nihil
2077 769 2319 820 expressim,
2342 772 2412 824 qui
2440 773 2482 812 in
2505 775 2659 814 Mauri-

1427 823 1539 862 tania
1560 822 1699 873 refert,
1731 838 1783 864 ex
1811 825 1987 865 aliorum
2008 826 2106 877 fide,
2133 830 2242 868 nasci
2267 831 2387 872 vitem
2421 841 2504 874 tam
2534 842 2656 878 crassi

1427 884 1624 935 caudicis,
1650 896 1696 926 ut
1729 900 1818 927 eam
1838 887 1923 927 duo
1950 888 2137 929 homines
2166 891 2233 930 vix
2256 893 2564 947 amplectantur,
2596 913 2659 939 ra-

1428 961 1564 987 cemos
1582 948 1776 989 cubitales
1790 964 2089 1004 nonnunquam
2104 952 2412 1006 producentem.
2436 978 2451 993 »
2468 960 2659 1001 Romuli-

1427 1024 1521 1050 TUS.
1549 1013 1778 1052 Moversius
1806 1027 1848 1067 p.
1885 1013 1963 1053 552
1990 1013 2092 1069 (qui
2113 1015 2305 1071 pleraque
2326 1019 2515 1061 Bocharti
2538 1037 2657 1064 cona-

1427 1073 1540 1113 mina
1554 1075 1838 1129 etymologica,
1852 1084 2047 1130 tanquam
2056 1080 2285 1130 temeraria,
2298 1080 2454 1138 rejicit)
2475 1083 2659 1139 ’Άραμῧυς

1428 1135 1538 1175 idem
1558 1151 1644 1177 esse
1659 1152 1812 1178 nomen
1834 1147 1971 1179 censet
1993 1139 2107 1194 quod
2127 1141 2348 1197 Κάραμὲυς;
2373 1144 2530 1186 literam
2551 1149 2593 1188 K
2615 1150 2655 1189 in

1427 1207 1570 1238 nostro
1602 1202 1771 1241 nomine
1799 1201 1861 1241 vel
1879 1203 2047 1256 periisse
2077 1203 2139 1243 vel
2163 1203 2359 1258 abjectam
2378 1221 2477 1248 esse.
2502 1209 2657 1264 Κάραμ-

1428 1259 1491 1307 6υς
1509 1263 1661 1312 autem,
1687 1271 1834 1303 notum
1860 1265 1981 1304 Ponti
1998 1267 2347 1319 promontorium,
2369 1282 2497 1323 quum
2530 1273 2573 1311 in
2597 1288 2659 1313 re-

1427 1323 1548 1375 gione
1570 1325 1621 1364 sit
1657 1325 1700 1364 in
1737 1340 1819 1380 qua
1840 1326 1963 1366 Cares
2001 1327 2233 1368 consedisse
2270 1338 2442 1380 constet,
2474 1333 2525 1372 ab
2561 1335 2658 1388 ipsis

1426 1384 1599 1426 Caribus
1635 1388 1693 1427 sic
1720 1387 1878 1428 dictum
1913 1404 1999 1429 esse
2032 1390 2275 1445 Κάρ-αμδυν,
2310 1394 2658 1446 quemadmodum

1425 1446 1502 1487 alia
1531 1450 1652 1489 Ponti
1682 1450 1770 1491 loca
1803 1452 1884 1491 sint
1907 1451 2105 1506 Κάρ-ουσα
2144 1453 2315 1509 (Scylax
2338 1457 2367 1507 5.
2388 1456 2498 1511 89),
2526 1458 2657 1513 Καρῶν

1426 1507 1545 1564 λιμήν
1570 1510 1765 1566 (Ari-ian.
1799 1514 1949 1568 Peripl.
1986 1516 2107 1555 Pont.
2128 1515 2160 1571 )‚
2184 1516 2348 1571 Καρ-οἱα
2372 1516 2502 1573 (Ρ101.
2528 1522 2610 1571 ΙΙΙ,
2635 1523 2656 1563 5

1425 1585 1468 1626 p.
1494 1586 1570 1627 199
1589 1573 1620 1629 ).
1642 1574 1758 1615 Idem
1774 1577 1898 1630 igitur
1915 1578 2037 1617 etiam
2057 1577 2108 1617 de
2131 1587 2271 1618 nostro
2291 1579 2380 1619 loco
2399 1583 2659 1625 statuendum

1425 1649 1537 1686 esse,
1572 1636 1696 1691 idque
1723 1647 1839 1679 tanto
1860 1641 2004 1690 tutius,
2032 1655 2160 1694 quum
2184 1642 2304 1681 Cares
2330 1641 2416 1695 jam
2442 1644 2485 1683 in
2508 1645 2659 1700 Καρικῶ

1425 1698 1546 1752 τείχει
1565 1699 1975 1754 deprehenderimus.
1997 1703 2095 1742 Haec
2117 1717 2241 1757 quam
2266 1704 2347 1744 sint
2369 1705 2594 1760 probabilia
2613 1693 2658 1750 tu

1425 1760 1577 1802 videas.

1482 1827 1504 1876 §
1540 1829 1578 1864 6.
1609 1824 1782 1879 Λίξον]
1815 1828 2062 1867 Notissimus
2096 1836 2156 1868 est
2189 1828 2288 1868 alter
2321 1829 2443 1883 hujus
2479 1835 2656 1874 nominis

1425 1886 1590 1938 fluvius,
1615 1890 1686 1943 qui
1703 1890 1755 1930 ad
1776 1889 1876 1930 hod.
1898 1890 2044 1930 urbem
2068 1891 2249 1931 Laraclze.
2270 1893 2311 1931 in
2332 1894 2540 1934 Oceanum
2556 1898 2653 1937 exit.

1424 1949 1533 1990 Vide
1560 1959 1647 1992 not.
1670 1952 1722 1992 ad
1745 1953 1897 2008 Scylac.
1924 1956 1946 2005 S
1966 1967 2058 1993 112.
2077 1955 2274 1994 Nostrum
2302 1969 2466 2009 quoque
2485 1958 2655 1999 fluvium

1425 2011 1538 2054 idem
1554 2015 1697 2070 Scylax
1718 2024 1934 2066 memorat,
1964 2017 2043 2056 nisi
2068 2016 2181 2070 quod
2209 2016 2339 2056 codex
2358 2032 2434 2072 pro
2455 2018 2558 2066 Λίξος
2586 2021 2656 2062 ha-

1425 2075 1495 2115 bet
1511 2075 1628 2126 Ξιῶν,
1643 2079 1781 2117 nescio
1797 2092 1849 2117 an
1865 2092 2004 2117 errore
2022 2078 2192 2118 librarii.
2209 2079 2448 2129 Heerenius‚
2466 2082 2652 2122 Manncr-

1425 2145 1505 2187 tus,
1542 2140 1718 2192 Klugius
1747 2155 1832 2180 esse
1855 2149 2022 2180 censent
2055 2140 2306 2180 hodiernum
2340 2141 2438 2182 fluv.
2478 2144 2652 2196 Teresist,

1425 2215 1548 2254 quem
1568 2203 1753 2242 Phthuth
1766 2204 1849 2242 sive
1863 2203 1972 2242 Phut
1984 2204 2067 2242 sive
2083 2205 2162 2242 Fut
2176 2203 2432 2253 Ptolemaeus,
2454 2208 2478 2245 J
2480 2207 2654 2260 oscphus

1425 2270 1464 2302 et
1479 2263 1634 2303 Plinius
1657 2273 1828 2314 vocant3
1853 2265 2150 2317 Bougainvillio
2174 2273 2234 2304 est
2253 2264 2329 2305 Rio
2351 2265 2519 2315 d'Oaro,
2547 2270 2654 2320 quie

1424 2325 1562 2364 medio
1581 2325 1742 2366 deserto
1760 2328 1802 2365 in
1828 2341 1939 2365 mare
1956 2325 2193 2379 egreditur;
2212 2326 2448 2366 Gosselinus
2477 2328 2654 2383 denique

1424 2387 1638 2427 Hannonis
1658 2389 1808 2428 Lixum
1835 2402 1919 2427 non
1938 2387 2147 2427 diversum
2176 2401 2262 2426 esse
2292 2389 2485 2441 opinatur
2506 2390 2557 2429 ab
2585 2391 2652 2431 illo

1423 2450 1495 2503 qui
1513 2459 1572 2490 est
1586 2450 1696 2504 apud
1708 2450 1854 2490 urbem
1871 2450 2066 2490 Lai-acho.
2088 2451 2185 2490 Haec
2201 2450 2340 2489 omnia
2357 2458 2510 2491 temere
2526 2452 2649 2504 dicta,

1423 2526 1557 2566 neque
1593 2512 1716 2565 digna
1752 2527 1842 2566 quae
1867 2511 2112 2552 refutentur.
2150 2511 2341 2551 Dubitari
2374 2514 2517 2566 nequit
2552 2517 2652 2568 quin

1424 2575 1551 2614 Lixus
1576 2575 1700 2614 hodie
1722 2576 1773 2614 sit
1792 2583 1862 2614 aut
1894 2574 2016 2614 Ouacl
2034 2577 2170 2621 Νοιιιι,
2197 2582 2242 2613 111
2262 2575 2489 2614 Moversius
2504 2590 2545 2630 p.
2574 2577 2651 2625 548

1424 2638 1578 2686 statuit,
1618 2646 1702 2687 aut,
1735 2636 1847 2691 quod
1870 2637 2025 2685 malim,
2069 2635 2190 2676 Oaad
2213 2639 2345 2683 Draa,
2385 2637 2457 2690 qui
2485 2638 2526 2676 in
2551 2638 2649 2679 hod.

1422 2700 1636 2753 provincia
1651 2703 1773 2741 Νοιιη
1797 2699 1849 2739 ad
1870 2701 2003 2753 ipsum
2029 2699 2201 2739 limitem
2233 2697 2383 2738 deserti
2403 2699 2446 2738 in
2479 2713 2590 2740 marc
2613 2716 2654 2741 sc

1423 2756 1594 2803 eructat.
1619 2763 1805 2803 Primum
1825 2763 1946 2802 enim.
1958 2762 2100 2816 Scylax
2116 2776 2140 2802 a
2158 2761 2347 2802 Soloente
2365 2765 2652 2815 promontorio

1395 2833 1399 2837 '
1423 2825 1475 2865 ad
1492 2827 1644 2866 Lixum
1661 2826 1834 2865 fluvium
1857 2825 2157 2882 navigationem
2181 2838 2266 2863 esse
2289 2822 2390 2863 dicit
2407 2823 2566 2864 dierum
2594 2840 2653 2866 se-

1422 2896 1550 2942 ptem,
1569 2887 1613 2927 id
1630 2896 1705 2938 est,
1723 2902 1802 2927 sec.
1821 2887 1994 2941 Scylacis
2010 2894 2266 2940 computum,
2285 2885 2511 2925 stadiorum
2529 2887 2648 2928 3500.

1422 2952 1515 2990 Jam
1545 2951 1577 2989 si
1597 2964 1678 2989 orae
1713 2948 2014 3002 longitudinem
2047 2963 2071 2988 a
2095 2949 2382 3002 promontorio
2420 2948 2565 2988 Caluia
2602 2949 2653 2989 ad

1423 3015 1542 3052 Draa
1574 3013 1747 3052 fluvium
1782 3013 1823 3051 in
1857 3012 2015 3066 mappis
2048 3011 2262 3050 maritimis
2297 3011 2490 3059 metiaris,
2527 3010 2654 3051 stadia

1423 3074 1592 3124 habeb-is
1615 3075 1725 3115 3300
1743 3082 1782 3114 et
1808 3073 1920 3128 quod
1936 3074 2129 3113 excurrit.
2154 3072 2312 3112 Deinde
2328 3074 2476 3112 Hanno
2502 3086 2523 3111 a
2548 3074 2652 3112 Lixo

1423 3138 1583 3178 solvens
1602 3135 1685 3187 τὴν
1708 3137 1893 3191 ἐρήμην
1922 3136 2298 3190 praeternavigavit3
2321 3133 2526 3174 desertum
2556 3149 2651 3174 vero

1423 3201 1568 3254 incipit
1597 3214 1619 3240 a
1649 3202 1766 3239 Draa
1796 3199 1937 3238 fluvio.
1964 3199 2093 3237 Porro
2129 3210 2256 3235 unuin
2296 3196 2444 3235 Lixum
2480 3195 2650 3236 fluvium

1422 3262 1637 3315 hucusque
1656 3260 1804 3314 Peripli
1822 3267 1965 3299 auctor
1985 3258 2210 3296 nominavit
2226 3265 2264 3295 ct
2289 3270 2386 3295 voce
2408 3256 2556 3309 μέγας
2572 3255 2653 3296 dis-

1423 3324 1587 3377 tinguit,
1606 3322 1707 3362 31100
1720 3331 1765 3362 111
1779 3336 1862 3375 prae
1878 3320 2020 3360 ceteris
2037 3326 2179 3358 notatu
2194 3317 2341 3370 dignus
2358 3316 2478 3356 fuisse
2490 3316 2650 3357 debeat.

1423 3389 1485 3427 Ac
1506 3400 1602 3425 sane
1628 3388 1742 3424 Draa
1759 3383 1908 3423 fluvius
1928 3383 2034 3421 inter
2056 3394 2213 3429 omnes,
2243 3380 2314 3433 qui
2337 3394 2361 3419 a
2378 3378 2539 3419 deserto
2558 3388 2654 3419 sunt

1423 3449 1591 3488 boream
1606 3461 1761 3496 versus,
1781 3446 1900 3498 longe
1916 3444 2117 3484 maximus
2135 3450 2210 3491 est,
2228 3441 2330 3481 adeo
2346 3450 2391 3481 ut
2405 3455 2548 3481 cursus
2567 3441 2654 3480 lon-

1425 3509 1610 3564 gitudine
1638 3508 1700 3548 vel
1723 3508 1915 3547 Rhenum
1944 3513 2122 3560 superet.
2147 3506 2197 3544 In
2231 3504 2423 3543 interiore
2445 3503 2574 3557 Libya
2602 3514 2655 3544 es.

1425 3573 1588 3626 Atlante
1610 3584 1726 3611 orsus
1747 3569 1962 3610 meridiem
1985 3581 2124 3608 versus
2155 3565 2283 3606 fertur
2301 3580 2430 3619 usque
2449 3564 2501 3605 ad
2524 3566 2659 3618 regia-2

1425 3650 1520 3675 nem
1547 3634 1709 3674 deserto
1738 3633 1992 3687 proximam;
2021 3630 2119 3670 hinc
2156 3628 2265 3670 flexo
2292 3641 2432 3668 versus
2466 3640 2650 3666 occasum

1426 3712 1550 3738 cursu
1567 3697 1702 3737 lacum
1731 3694 1928 3735 Debaiam
1953 3693 2113 3741 transit,
2136 3690 2313 3745 indeque
2327 3689 2444 3743 juxta
2470 3687 2652 3728 solitudi-

1425 3775 1498 3801 nes
1522 3760 1688 3800 labitur.
1711 3760 1909 3799 Praeterea
1934 3756 2084 3796 Hanno
2107 3768 2237 3808 quum
2267 3751 2375 3791 dicat
2405 3751 2553 3790 Lixum
2578 3747 2650 3788 ἀπὸ

1425 3826 1493 3874 τῆς
1508 3822 1645 3873 Λιὸύης
1663 3820 1743 3876 ῥεῖν
1760 3835 1783 3860 0
1801 3819 2028 3867 montibus,
2049 3831 2152 3871 quos
2171 3815 2379 3868 AEthiopes
2394 3808 2652 3863 Troglodytae

1426 3885 1607 3926 incolant
1629 3897 1638 3924 z
1675 3884 1812 3923 innuit
1844 3896 1886 3922 se
1913 3882 1954 3920 in
1992 3881 2157 3932 regione
2192 3876 2355 3924 versari,
2393 3887 2482 3927 quae
2513 3871 2653 3926 Libyae

1427 3949 1602 3990 arctiore
1625 3948 1735 3987 vocis
1754 3960 1876 3986 sensu
1900 3945 1958 3983 sic
1977 3942 2095 3982 dictae
2116 3955 2196 3980 non
2216 3938 2387 3991 amplius
2402 3932 2654 3975 accensenda

1427 4026 1512 4053 esse
1531 4010 1660 4051 videri
1676 4017 1859 4064 poterat;
1878 4020 1968 4060 quae
1984 4006 2071 4059 ipsa
2089 4015 2252 4057 quoquc
2267 3999 2319 4040 ad
2333 3997 2480 4039 deserti
2499 3994 2656 4036 accolas
