2808 4342
110 161 163 223 (⁹³,
176 162 230 223 9·)

4 282 7 285 ·
30 302 32 307 .
104 266 266 315 Τάὸαι.
301 269 520 328 Προχωρεῖ
541 264 583 310 δὲ
599 266 652 316 εἷς
677 264 723 310 τὸ
746 265 939 328 ἐμπόριον
959 267 1108 326 ὁμοίως
1125 268 1177 314 τὰ
1202 288 1340 332 προει-

105 334 282 396 ρημένα·
309 335 464 396 γίνεται
491 332 531 377 δὲ
561 332 614 377 τὰ
636 334 677 378 ἐν
708 334 819 397 αὖτῷ
838 334 990 381 κασσία
1024 335 1095 382 καὶ
1118 337 1246 400 γίζειρ
1270 339 1340 384 καὶ

108 404 243 467 ἀσύφη
266 402 336 448 καὶ
354 401 502 463 ἅρωμα
521 401 592 446 καὶ
611 402 752 463 μάγλα
768 403 838 449 καὶ
857 403 969 464 μοτὼ
989 404 1060 450 καὶ
1081 405 1262 459 λίὸανος.

173 488 223 518 1³.
249 471 347 517 Ἀπὸ
373 469 415 515 δὲ
439 470 579 517 Τάὸαι
605 470 711 530 μετὰ
738 472 925 526 σταδίους
950 475 1239 537 τετρακοσίους
1257 495 1339 522 πα-

65 558 84 588 5
107 538 382 601 ραπλεύσαντι
419 538 696 602 χερσόνησον,
733 540 824 586 καθ’
857 540 900 586 ὃν
934 542 1059 588 τόπον
1083 543 1153 589 καὶ
1192 548 1213 590 ὁ
1249 548 1341 608 ῥοῦς

103 605 236 666 ἕλκει,
257 605 395 669 ἔτερόν
416 609 524 652 ἔστιν
545 607 741 670 ἐμπόριον
760 608 932 666 Ὀπώνη
950 645 962 666 ,
985 613 1040 662 εἷς
1051 611 1101 668 ἣν
1123 612 1194 657 καὶ
1212 612 1337 669 αὐτὴν

102 682 309 737 προχωρεῖ
334 675 408 736 μὲν
430 676 482 721 τὰ
505 677 782 740 προειρημένα
796 714 808 736 ,
829 679 933 725 τὸδὲ
953 682 1145 726 πλεῖστον
1166 683 1206 727 ἓν
1232 684 1336 744 αὐτῇ

96 751 292 804 γεννᾶται
327 745 480 803 κασσία
505 746 576 791 καὶ
616 747 770 809 ἄρωμα
806 748 878 793 καὶ
907 749 1020 808 μοτὼ
1054 750 1124 796 καὶ
1161 751 1334 797 δουλικὰ

101 813 343 876 κρείσσονα,
368 814 394 859 ἃ
423 816 478 866 εἷς
503 814 712 877 Αἴγυπτον
737 825 948 880 προχωρεῖ
968 820 1126 878 μᾶλλον
1142 856 1155 880 ,
1178 819 1250 866 καὶ
1268 839 1336 883 χε-

38 893 78 924 10
100 882 208 939 λώνη
234 882 407 939 πλείστη
431 884 502 929 καὶ
525 885 806 947 διαφορωτέρα
827 890 900 942 τῆς
924 887 1066 944 ἄλλης.

120 947 123 949 ‚
163 968 216 1000 14.
243 955 421 999 Πλεῒται
445 952 487 999 δὲ
509 956 565 1005 εἷς
586 954 723 1000 πάντα
740 961 871 1002 ταῦτα
887 956 939 1003 τὰ
961 962 1032 1003 τοῦ
1052 957 1182 1021 πέραν
1204 959 1335 1018 ἐμπό-

100 1040 166 1083 ρια
185 1021 266 1068 ἀπὸ
287 1021 360 1083 μὲν
379 1023 595 1085 Αἰγύπτου
619 1024 713 1086 περὶ
736 1025 804 1070 τὸν
829 1025 999 1072 Ἰούλιον
1023 1031 1133 1088 μ’ῆνα
1146 1063 1166 1090 ,ι
1184 1027 1209 1073 ὅ
1224 1030 1333 1074 ἔστιν

97 1089 263 1155 Ἔπιφί.
335 1092 619 1155 Ἐξαρτίζεται
646 1094 688 1138 δὲ
724 1094 904 1150 συνήθως
923 1094 995 1141 καὶ
1032 1096 1114 1142 ἀπὸ
1137 1099 1216 1142 τῶν
1251 1096 1333 1142 ἔσω

96 1158 246 1217 τόπων,
266 1163 338 1216 τ’ἧς
351 1160 538 1224 Ἀριακῆς
558 1162 627 1208 καὶ
640 1162 905 1225 Βαρυγάζων,
925 1165 982 1216 εἷς
997 1164 1048 1210 τὰ
1066 1166 1170 1211 αὐτὰ
1189 1166 1242 1211 τὰ
1258 1171 1330 1213 τοῦ

35 1242 75 1272 15
97 1227 226 1291 πέραν
263 1230 442 1292 ἐμπόρια
477 1231 575 1291 γένη
618 1237 912 1295 προχωροῦντα
942 1233 1024 1279 ἀπὸ
1050 1238 1131 1280 τῶν
1167 1236 1328 1293 τόπων,

96 1304 204 1350 σῖτος
219 1298 289 1344 καὶ
309 1299 431 1362 ὄρυζα
449 1301 519 1345 καὶ
540 1299 733 1364 βούτυρον
761 1301 831 1346 καὶ
851 1302 986 1349 ἔλαιον
1012 1305 1240 1364 σησάμινον
1259 1305 1330 1351 καὶ

95 1366 268 1425 ὀθόνιον,
289 1368 318 1425 ἥ
337 1388 379 1414 τε
400 1369 562 1432 μοναχὴ
587 1370 656 1415 καὶ
677 1374 703 1426 ἡ
724 1372 1043 1433 σαγματογήνη,
1063 1374 1134 1419 καὶ
1157 1374 1330 1437 περιζώ-

96 1454 209 1495 ματα
232 1436 303 1482 καὶ
328 1437 421 1496 μέλι
453 1438 499 1483 τὸ
534 1439 763 1499 καλάμινον
796 1440 842 1486 τὸ
864 1442 1084 1503 λεγόμενον
1125 1445 1324 1507 σάκχαρι.

93 1503 179 1550 Καὶ
188 1506 224 1549 οἱ
234 1504 307 1565 μὲν
322 1507 637 1568 προηγουμένως
650 1510 706 1560 εἷς
716 1515 846 1555 ταῦτα
860 1510 911 1555 τὰ
923 1513 1102 1573 ἐμπόρια
1119 1513 1327 1572 πλέουσιν,

32 1587 78 1618 20
93 1574 129 1618 οἳ
153 1572 194 1618 δὲ
225 1573 399 1636 [κατὰ]
422 1575 489 1620 τὸν
520 1575 770 1636 παράπλουν
797 1580 1144 1641 ἀντιφορτίζονται
1167 1581 1217 1625 τὰ
1251 1584 1326 1642 ε’μ-

89 1643 285 1691 πεσόντα.
354 1646 416 1691 Οὖ
440 1646 702 1707 βασιλεύεται
722 1645 763 1691 δὲ
786 1649 807 1692 ὁ
827 1647 969 1704 τόπος,
992 1649 1100 1693 ἀλλὰ
1119 1650 1329 1711 τυράννοις

89 1705 203 1766 ἰδίοις
225 1717 316 1760 καθ’
341 1713 509 1760 ἕκαστον
532 1715 727 1778 ἐμπόριον
751 1718 976 1764 διοικεῖται.

154 1799 209 1830 15.
248 1785 350 1830 Ἀπὸ
374 1785 415 1831 δὲ
440 1784 635 1842 Ὀπώνης
661 1790 733 1842 τῆς
771 1789 897 1844 ἇκτῆς
921 1790 976 1839 εἷς
998 1788 1065 1834 τὸν
1090 1788 1204 1834 νότον
1223 1792 1325 1835 ὑπο-

88 1853 401 1915 χωρούσηςὲπὶ
430 1856 590 1916 πλεῖον,
623 1859 769 1919 πρῶτα
810 1857 884 1918 μέν
923 1859 1010 1903 ἐστι
1043 1857 1095 1902 τὰ
1121 1859 1322 1918 λεγόμενα

83 2032 120 2059 s.
147 2019 344 2072 ἔπισκεπῆ.
369 2023 484 2062 Voce
507 2024 644 2074 τόπος,
678 2023 804 2065 modo
828 2023 881 2065 de
905 2025 1143 2078 regionibus
1158 2056 1168 2075 ,
1194 2024 1322 2065 modo

85 2079 137 2121 de
155 2082 254 2122 vicis
277 2091 317 2122 et
341 2085 537 2138 emporiis
552 2094 763 2140 usurpata,
782 2087 969 2140 apprime
983 2088 1133 2127 Noster
1155 2086 1319 2140 gaudet.

90 2142 106 2195 Η
146 2166 203 2174 —-
236 2157 272 2184 1.
312 2145 469 2184 Τάὸαι
489 2147 503 2200 ]
535 2147 766 2187 Vincentus
803 2148 952 2202 aliique
987 2150 1322 2203 promontorium

87 2205 234 2259 Orfoui
245 2207 492 2261 intelligunt,
506 2222 721 2263 perperam
729 2241 737 2249 .
750 2211 892 2250 Sermo
902 2218 962 2249 est
974 2209 1026 2254 de
1033 2211 1322 2264 promontorio

85 2268 196 2321 quod
212 2269 366 2310 Arabes
378 2278 527 2310 vocant
538 2274 698 2312 Banna.
715 2272 808 2311 Huc
823 2271 1060 2325 confugere,
1079 2273 1322 2313 imminente

83 2336 347 2385 tempestate,
381 2332 432 2372 ab
456 2334 702 2374 Aromatum
737 2335 1027 2388 promontorio
1049 2335 1092 2374 in
1124 2342 1323 2389 promptu

83 2400 195 2442 erat;
217 2407 300 2433 non
317 2394 416 2433 item
429 2395 473 2433 in
495 2397 578 2450 Cap
597 2394 806 2447 dorseni,
822 2395 984 2449 longius
998 2395 1099 2436 illud
1112 2395 1318 2438 dissitum.

81 2453 245 2495 Nomen
256 2454 379 2494 Τάὸαι
394 2469 496 2496 1111111
511 2456 565 2496 sit
578 2457 885 2512 incorruptum,
906 2458 1117 2511 quaeritur.
1137 2459 1322 2513 Suspice·

83 2516 138 2555 ris
161 2515 285 2557 fuisse
306 2517 514 2558 Ταὸάνναι.
538 2520 573 2558 Ε
594 2520 813 2573 peregrino
837 2520 1007 2560 nomine
1027 2523 1172 2560 Banna
1187 2521 1320 2561 Graeci

81 2577 251 2631 quidam
286 2593 402 2620 more
433 2581 659 2634 graecanico
687 2581 900 2622 finxerunt
935 2581 1062 2629 Πανὸς
1089 2582 1152 2623 vel
1180 2583 1318 2623 Πανῶν

81 2641 145 2681 vel
166 2641 285 2682 Πανὼ
307 2642 368 2682 vel
388 2642 554 2683 Πανῶνα
572 2645 724 2698 κώμην.
751 2645 817 2684 Sic
836 2658 903 2698 ap.
922 2644 1188 2685 Ptolemaeum
1210 2647 1245 2694 I,
1270 2659 1318 2699 17

78 2710 120 2743 et
134 2704 211 2754 IV,
231 2718 254 2757 7
276 2712 369 2759 post
385 2706 582 2744 Aromata
597 2706 783 2758 sequitur
806 2705 944 2745 Πανῶν
961 2707 1072 2760 κώμη
1097 2705 1185 2761 (vel
1201 2705 1319 2746 Πανὼ

79 2767 211 2821 κώμη,
236 2765 350 2820 quod
364 2767 545 2821 recipere
567 2766 684 2806 editt.
710 2765 962 2821 debebant),
990 2781 1114 2821 quam
1130 2782 1154 2807 a
1175 2776 1317 2808 nostro

77 2827 168 2869 loco
191 2843 275 2869 non
303 2828 508 2869 diversam
528 2843 613 2869 esse
632 2837 743 2869 recte
767 2828 854 2883 jam
874 2830 1119 2869 Mannertus
1137 2831 1314 2870 monuit.

78 2890 141 2932 Cf.
163 2892 356 2946 Stephan.
378 2893 477 2946 Byz.
503 2904 513 2932 t
536 2891 682 2941 Πανὸς,
705 2893 817 2947 κώμη
838 2892 923 2947 περὶ
944 2890 1013 2942 τὴν
1046 2891 1230 2946 Ἐρυθρὰν
1253 2893 1317 2932 Θά-

77 2951 240 3003 λασσαν,
262 2952 341 3003 ἥτις
362 2952 428 2992 καὶ
448 2952 587 2993 Πανὼν
610 2953 781 3008 λέγεται.
806 2955 955 2994 Carere
981 2954 1107 3007 igitur
1115 2952 1202 3007 jam
1220 2968 1315 3008 pos-

33 3056 36 3058 ,
77 3028 218 3055 sumus
235 3028 326 3069 quae
355 3013 407 3054 de
429 3016 599 3056 nomine
617 3016 756 3057 Πανῶν
777 3018 906 3072 κώμῃ,
932 3030 955 3056 a
973 3016 1103 3056 simiis
1118 3030 1315 3070 pergran-

75 3074 213 3126 dibus,
231 3091 331 3131 quas
349 3077 407 3117 ibi
432 3079 537 3118 visas
563 3079 696 3119 Graeci
724 3081 855 3120 Panes
874 3078 1069 3129 dixerint,
1091 3079 1315 3133 repetendo

76 3136 251 3191 conjecit
281 3141 532 3180 Letronnius
553 3141 597 3180 in
630 3141 807 3180 Journal
836 3140 906 3181 des
927 3150 1102 3181 savants
1130 3141 1250 3191 1830,
1276 3150 1315 3182 et

77 3197 176 3239 hinc
205 3201 315 3254 apud
334 3202 544 3256 Wilberg.
570 3202 623 3243 ad
652 3203 827 3244 Ptolem.
859 3218 903 3258 p.
942 3203 1008 3256 59.
1027 3227 1084 3234 —
1102 3204 1315 3245 Distantiae

78 3268 176 3300 nota
207 3262 251 3301 in
282 3263 444 3318 Periplo
474 3263 639 3305 videtur
678 3264 890 3306 excidisse.
929 3266 945 3320 Η
972 3290 1028 3296 -
1057 3279 1097 3306 2.
1127 3265 1174 3306 τὰ
1197 3265 1315 3320 ejecit

78 3321 291 3363 Fabricius
317 3325 333 3378 ΙΙ
362 3349 419 3356 -
435 3341 460 3380 γ
474 3326 518 3373 ίζ
531 3342 570 3366 ει
584 3342 603 3381 ρ
621 3328 636 3381 ]
673 3329 795 3382 γιζειρ
832 3327 967 3384 (γίζερ
987 3342 1083 3383 mgo
1101 3327 1133 3384 ),
1173 3327 1310 3384 ἀσυςρη,

78 3383 229 3438 ἄρωμα,
267 3385 400 3440 μαγλα
431 3386 577 3427 codex.
600 3389 808 3429 Notantur
833 3391 955 3430 variae
979 3391 1115 3430 eassiae
1141 3392 1309 3445 species.

76 3446 262 3487 Primum
277 3460 430 3488 nomen
445 3447 592 3488 eodem
614 3449 741 3490 modo
766 3451 908 3492 scribit
928 3452 1185 3507 NeophytuS,
1207 3454 1278 3508 qui
1300 3468 1310 3496 ε

74 3522 102 3561 γ
118 3506 261 3560 ίζειρ,
287 3507 414 3559 κασία,
439 3518 636 3550 monente
650 3511 846 3552 Salmasio
867 3514 1039 3554 Exercc.
1063 3514 1125 3555 Pl.
1143 3528 1186 3569 p.
1214 3529 1309 3569 920,

76 3571 129 3610 A.
147 3567 273 3623 Apud
295 3569 496 3611 Galenum
518 3574 581 3612 De
599 3572 729 3613 andit.
762 3576 798 3623 I,
824 3575 889 3625 13,
914 3575 995 3615 vol.
1022 3576 1142 3627 VIII,
1162 3591 1205 3632 p.
1231 3578 1310 3619 885

75 3639 118 3672 et
148 3632 228 3684 887
248 3638 309 3671 est
339 3632 440 3686 γιζί;
466 3647 532 3687 ap.
561 3635 777 3688 Synesium
806 3637 869 3676 De
902 3635 1006 3677 febr.
1041 3651 1085 3692 p.
1112 3641 1164 3686 46
1188 3640 1308 3694 γίζει;

75 3691 187 3748 apud
202 3692 391 3733 Dioscor.
409 3695 445 3744 I,
467 3707 516 3734 12
531 3695 648 3750 γίζιρ.
667 3698 724 3737 V.
742 3698 882 3752 Steph.
896 3700 1019 3739 Thes.
1046 3714 1087 3740 v.
1105 3701 1199 3755 γιζί.
1221 3703 1236 3755 Η
1256 3726 1314 3733 --

77 3755 117 3795 3.
135 3753 159 3793 ἅ
172 3753 223 3793 σύ
235 3769 260 3809 φ
269 3755 318 3809 η]
332 3753 432 3809 Ejus
443 3758 633 3797 meminit
644 3758 921 3810 Dioscorides,
940 3774 988 3801 ex
1002 3775 1085 3815 quo
1093 3761 1180 3803 haec
1192 3762 1312 3804 affert

74 3815 293 3857 Salmasius
314 3830 358 3870 p.
385 3830 465 3870 919
490 3830 499 3857 :
529 3818 644 3872 Τρίτη
677 3820 718 3859 δέ
741 3820 819 3860 ἐστι
843 3821 932 3873 (sc.
959 3822 1095 3861 cassiae
1124 3823 1307 3879 species)

73 3877 98 3930 ἣ
117 3877 334 3932 καλουμένη
354 3878 518 3933 βλαστὸς
536 3880 770 3933 Μοσυλίτης·
789 3882 827 3921 αἱ
847 3881 886 3922 δὲ
903 3882 1037 3924 λοιπαὶ
1055 3882 1233 3936 εὐτελεῖς,
1258 3886 1309 3934 ὡς

73 3938 99 3992 ἦ
135 3939 353 3995 καλουμένη
404 3940 487 3981 ἀσύ
499 3958 555 3997 φη
571 3974 583 3994 ,
623 3943 784 3998 μέλαινα
820 3944 884 3984 καὶ
905 3944 1158 4005 λεπτοφλοιὸς
1191 3947 1214 3998 ἢ
1246 3948 1310 3988 καὶ

72 4001 346 4058 φλοιορραγής.
373 4004 390 4058 [1
411 4027 468 4035 —
489 4005 542 4060 ἄρ
555 4022 587 4045 ω
601 4021 628 4061 μ
640 4021 664 4046 α
682 4007 696 4060 ]
714 4005 763 4046 Id
778 4021 931 4047 nomen
949 4008 1055 4048 inter
1071 4009 1204 4051 vicina
1218 4009 1311 4051 bar-

928 165 1218 212 PERIPLUS
1260 169 1456 217 MARIS
1493 175 1847 227 ERYTHRAEI.

2548 206 2634 247 267

1411 287 1647 340 emporium
1673 303 1799 345 supra
1826 299 2053 332 memorata
2070 293 2361 349 importantur,
2387 301 2520 355 ipsum
2543 320 2639 347 vero

1409 350 1533 395 habet
1558 356 1744 407 cassiam,
1766 357 1882 411 gizir,
1901 359 2121 414 asypham,
2142 375 2299 414 aroma,
2329 367 2484 420 magla,
2510 380 2637 423 moto,

1408 419 1520 461 thus.

1468 489 1533 529 13.
1566 492 1603 531 A
1616 491 1740 532 Tabis
1759 492 2053 534 chersonesum
2070 498 2365 549 praetervectis,
2385 514 2509 554 quem
2525 505 2568 545 in
2583 505 2642 546 lo·

1407 570 1501 597 cum
1515 559 1638 599 etiam
1649 561 1774 601 maris
1783 561 1922 602 fluxus
1936 562 2078 612 trahit,
2092 573 2186 618 post
2199 565 2329 607 stadia
2344 568 2643 624 quadringenta

1406 625 1519 666 aliud
1534 628 1717 668 occurrit
1731 630 1965 683 emporium
1978 661 1990 680 ‚
2015 632 2178 686 Opone,
2198 634 2242 673 in
2254 634 2370 688 quod
2388 637 2525 691 ipsum
2540 653 2643 694 quo-

1406 709 1487 749 que
1508 692 1705 750 praedicta
1725 696 2019 752 importantur,
2043 701 2250 757 praecipue
2266 712 2405 745 autem
2419 706 2463 745 in
2479 721 2529 747 eo
2546 721 2642 762 pro-

1405 763 1664 806 venit.cassia
1696 772 1737 805 et
1762 779 1904 807 aroma
1931 775 1973 807 et
2004 777 2118 809 moto
2148 778 2188 810 et
2214 773 2419 828 mancipia
2447 784 2642 829 praestan-

1402 834 1523 883 tiora,
1559 849 1652 889 quae
1680 835 1723 875 in
1751 834 1976 891 AEgyptum
2007 838 2269 892 potissimum
2297 841 2574 896 devehuntur,
2600 855 2641 888 et

1402 902 1567 943 testudo
1587 903 1769 958 plurima
1786 911 2048 960 ceteramque
2073 908 2329 950 antecellens.

1462 976 1528 1022 14.
1545 974 1770 1027 Navigatur
1787 973 1832 1014 in
1854 975 1995 1015 omnia
2020 975 2108 1016 haec
2129 977 2333 1019 ulterioris
2352 981 2531 1034 regionis
2552 997 2639 1023 em-

1399 1042 1518 1097 poria
1547 1042 1793 1097 eX,AEgypto
1827 1042 1936 1084 circa
1960 1043 2120 1084 Julium
2146 1046 2230 1086 sive
2248 1047 2401 1102 Epiphi
2436 1064 2635 1092 mensem.

1400 1110 1540 1151 Solent
1571 1124 1670 1151 vero
1707 1111 1830 1151 etiam
1861 1125 1911 1151 ex
1949 1112 2216 1154 interioribus
2249 1114 2370 1166 locis,
2412 1131 2462 1159 ex
2491 1119 2639 1160 Ariaca

1398 1188 1438 1220 et
1461 1180 1695 1235 Barygazis,
1722 1179 1768 1220 in
1786 1180 2059 1223 transfretana
2079 1182 2167 1224 haec
2186 1185 2370 1239 emporia
2404 1185 2552 1227 devehi
2572 1202 2636 1228 res

1398 1249 1495 1290 ilinc
1537 1250 1846 1304 provenientes,
1904 1250 2182 1303 frumentum,
2233 1267 2368 1308 oryza,
2416 1254 2633 1310 butyrum,

1397 1317 1535 1359 oleum
1551 1319 1818 1370 sesaminum,
1847 1318 2082 1369 othonium‚
2105 1328 2195 1360 tum
2218 1322 2419 1362 monache
2438 1331 2528 1364 tum
2549 1338 2638 1378 sag·

1396 1395 1627 1441 matogene,
1666 1387 1850 1441 cingula,
1886 1387 1969 1428 mel
2002 1387 2282 1428 arundineum
2314 1388 2430 1443 quod
2467 1399 2637 1432 vocatur

1395 1456 1593 1498 sacchari.
1652 1458 1706 1498 Et
1736 1457 1804 1497 alii
1826 1456 1998 1512 quidem
2017 1456 2111 1498 data
2133 1472 2259 1513 opera
2279 1458 2323 1498 in
2342 1458 2430 1499 haec
2454 1461 2638 1515 emporia

1394 1525 1602 1579 navigant,
1617 1525 1684 1565 alii
1701 1533 1839 1565 autem
1860 1525 1904 1564 in
1929 1526 2336 1580 praeternavigatione
2358 1527 2482 1567 rebus
2505 1527 2636 1569 obviis

1393 1594 1696 1648 permutatione
1711 1593 1815 1633 facta
1832 1607 1957 1634 naves
1981 1602 2170 1636 onerant.
2230 1597 2316 1635 Rex
2334 1595 2378 1635 in
2405 1595 2484 1636 hoc
2501 1605 2636 1638 tractu

1393 1662 1532 1702 nullus
1555 1671 1629 1712 est,
1652 1660 1725 1701 sed
1747 1661 1831 1701 suis
1860 1660 2020 1715 singula
2049 1662 2234 1717 emporia
2263 1663 2448 1717 tyrannis
2482 1663 2633 1717 guber-

1392 1740 1561 1772 nantur.

1452 1786 1518 1827 15.
1553 1788 1650 1827 Post
1668 1787 1861 1840 Oponen,
1885 1786 2005 1826 litore
2022 1800 2166 1826 versus
2191 1794 2379 1827 austrum
2396 1789 2525 1841 magis
2545 1797 2633 1829 ten-

1392 1855 1536 1906 dente,
1561 1856 1746 1911 primum
1774 1869 1817 1895 se
1846 1853 2030 1896 offerunt
2059 1869 2187 1910 parva
2218 1864 2259 1896 et
2291 1870 2440 1910 magna
2470 1858 2632 1898 Azaniae

1392 2023 1492 2064 bara
1523 2021 1713 2063 offendit.
1738 2021 1887 2062 Nescio
1922 2035 1975 2061 an
2009 2020 2133 2061 fuerit
2167 2019 2315 2075 ἀρηὸὼ,
2351 2022 2464 2076 quod
2497 2025 2632 2064 cassiae

1391 2098 1520 2138 genus
1537 2099 1559 2124 e
1574 2083 1731 2125 Galeno
1750 2084 1848 2123 citat
1863 2082 2080 2123 Salmasius
2095 2082 2123 2122 l.
2141 2082 2169 2122 l.
2198 2083 2213 2136 ΙΙ
2230 2107 2286 2113 —
2302 2083 2342 2124 3.
2360 2084 2519 2139 μάγλα]
2542 2087 2632 2126 Hoc

1392 2146 1582 2196 aliunde,
1619 2145 1759 2200 quoad
1791 2146 1932 2194 sciam,
1959 2160 2042 2185 non
2071 2153 2235 2185 notum.
2267 2146 2395 2186 Nihili
2428 2155 2487 2187 est
2516 2147 2631 2202 quod

1391 2217 1560 2249 annotat
1578 2207 1769 2249 Stuckius
1793 2220 1802 2247 :
1827 2223 1843 2244 «
1871 2206 1986 2259 Quid
2019 2208 2052 2246 si
2085 2207 2223 2261 μάγμα
2241 2207 2482 2260 legendum,
2516 2209 2629 2263 quod

1390 2270 1570 2310 Galenus
1603 2278 1644 2310 et
1661 2269 1817 2310 Plinius
1854 2269 2052 2322 unguenti
2090 2268 2233 2309 faecem
2271 2270 2444 2310 vocant?
2469 2290 2486 2306 ι»
2534 2272 2550 2324 Η
2572 2296 2628 2303 .-

1393 2347 1420 2386 μ
1432 2348 1452 2371 0
1465 2333 1530 2373 τὼ
1549 2334 1564 2387 ]
1587 2332 1703 2386 μωτὼ
1719 2346 1741 2371 e
1757 2331 1915 2372 Galeno
1934 2330 2057 2371 habet
2075 2330 2436 2372 Salmasius.Idem
2450 2346 2493 2387 p.
2513 2346 2590 2385 921
2612 2347 2623 2374 :

1396 2413 1413 2429 «ι
1434 2393 1674 2434 Notandum
1711 2392 1827 2441 illud,
1855 2391 1968 2447 quod
1997 2393 2110 2433 varia
2138 2392 2204 2433 illa
2233 2394 2403 2434 nomina
2424 2395 2624 2436 casiarum

1391 2456 1536 2496 Galeni
1569 2465 1713 2496 auctor
1733 2455 1885 2509 Peripli
1917 2463 2078 2509 separat
2104 2469 2127 2494 a
2142 2455 2252 2495 casia
2281 2456 2340 2496 sic
2363 2458 2532 2510 proprie
2552 2472 2623 2498 vo-

1389 2527 1491 2559 cata.
1513 2519 1629 2559 Casia
1643 2518 1701 2558 ibi
1716 2517 1769 2557 de
1783 2516 1991 2572 syringide
2011 2517 2095 2557 sive
2109 2515 2280 2557 fistulari
2297 2517 2510 2572 (cannelle)
2527 2533 2622 2574 pro-

1387 2582 1476 2634 prie
1498 2579 1806 2635 accipiendum,
1835 2592 1927 2634 quae
1948 2593 2065 2619 mero
2085 2578 2299 2619 constabat
2316 2580 2483 2630 cortice,
2509 2582 2624 2622 nullo

1387 2641 1513 2696 ligno.
1544 2659 1560 2680 »

1443 2706 1465 2756 §
1487 2708 1554 2754 13,
1576 2703 1605 2744 l.
1630 2703 1667 2744 5.
1693 2718 1722 2757 χ
1735 2718 1751 2743 ε
1765 2718 1784 2758 ρ
1798 2718 1820 2742 σ
1831 2702 1852 2742 6
1865 2716 1883 2743 ν
1896 2718 1919 2754 η
1933 2717 1957 2742 0·
1968 2717 1988 2742 0
2002 2716 2021 2743 ν
2038 2703 2053 2757 ]
2072 2701 2330 2757 peninsulam
2348 2706 2623 2757 promontorii

1390 2765 1536 2821 (aas)
1561 2765 1732 2819 Hasoan
1767 2766 1866 2819 (ap.
1899 2772 2100 2805 nostrates
2127 2764 2251 2818 vulgo
2278 2779 2358 2820 cap
2379 2764 2573 2818 d'Otfoui
2589 2767 2621 2822 )‚

1386 2827 1502 2882 cujus
1525 2828 1578 2869 ad
1598 2836 1758 2883 partem
1778 2826 2090 2867 meridionalem
2108 2827 2184 2867 sita
2212 2834 2299 2866 erat
2320 2827 2488 2882 Opone,
2521 2827 2624 2882 ejus-

1385 2890 1481 2931 dem
1501 2891 1680 2931 nominis
1696 2890 1945 2945 emporium.
1968 2889 2210 2930 Ptolemaeus
2232 2889 2276 2928 in
2295 2889 2446 2930 tabulis
2463 2892 2623 2931 Panum

1385 2955 1523 2994 vicum
1559 2961 1675 2994 notat
1697 2954 1771 2994 82⁰
1807 2945 1948 3006 long.,'
1977 2951 2021 2992 5⁰
2056 2951 2145 3002 lat„
2181 2953 2358 3007 Oponen
2395 2954 2467 2994 81⁰
2491 2952 2619 3007 long„

1385 3019 1431 3065 4⁰
1464 3015 1530 3057 55'
1549 3016 1620 3057 lat.
1646 3014 1774 3068 Quod
1791 3029 1815 3055 a
1839 3014 1990 3070 Peripli
2020 3015 2256 3055 testimonio
2285 3015 2473 3069 proxime
2491 3015 2619 3057 abest.

1384 3080 1540 3120 Contra
1555 3086 1698 3134 aperto
1716 3078 1816 3118 vitio
1839 3078 1879 3116 in
1897 3076 2076 3118 Ptolem.
2102 3079 2139 3126 I,
2170 3091 2218 3130 17
2238 3076 2385 3129 legitur
2404 3077 2580 3130 Oponen
2597 3092 2622 3119 a

1383 3143 1544 3182 Panum
1570 3142 1661 3181 vico
1680 3140 1831 3180 distare
1853 3139 1941 3179 ὁδὸν
1962 3139 2114 3193 ἡμερῶν
2137 3137 2188 3186 ἕξ.
2215 3139 2306 3178 Hoc
2331 3146 2469 3178 ortum
2493 3147 2554 3178 est
2569 3154 2619 3179 ex

1383 3202 1473 3244 ὁδὸν
1497 3203 1659 3259 ἠμέρας,
1685 3201 1800 3257 quod
1826 3201 1925 3241 abiit
1957 3202 2000 3241 in
2019 3200 2132 3255 ἣμερ.
2159 3198 2213 3244 ς’.
2246 3200 2261 3253 ΙΙ
2296 3223 2352 3230 —-
2383 3214 2424 3252 9.
2469 3201 2518 3254 ἃ]
2556 3202 2620 3241 καὶ

1383 3265 1496 3317 cod.;
1522 3280 1603 3306 em.
1623 3264 1851 3305 Fabricius.

1438 3331 1460 3381 5
1483 3331 1548 3377 14.
1587 3328 1674 3367 τοῦ
1697 3326 1876 3379 πέραν]
1910 3323 2096 3378 τούπεραν
2126 3331 2166 3363 et
2191 3336 2288 3362 mox
2321 3321 2485 3377 τούπερα
2521 3325 2614 3367 cod.

1387 3391 1403 3444 ΙΙ
1430 3414 1487 3422 ·-—
1511 3403 1576 3430 12.
1617 3387 1863 3441 Ἰούλιον]
1890 3386 1954 3427 Cf.
1989 3386 2145 3427 Plinius
2173 3386 2249 3434 VI,
2273 3387 2326 3424 26
2359 3397 2369 3424 ε
2405 3386 2619 3438 Navigat-e

1383 3452 1439 3504 (a
1466 3450 1661 3491 Berenice
1693 3450 1785 3501 sc.)
1812 3447 2020 3502 incipiunt
2050 3455 2193 3486 aestate
2211 3444 2347 3486 media
2375 3455 2471 3486 ante
2496 3449 2617 3489 Canis

1381 3523 1514 3554 ortum
1525 3522 1600 3554 ant
1610 3512 1662 3552 ab
1679 3519 1822 3551 exortu
1830 3508 2041 3565 protinus,
2059 3507 2306 3564 veniuntque
2323 3507 2490 3549 circiter
2502 3512 2622 3551 XXX

1380 3576 1447 3616 die
1472 3574 1623 3621 ,Ocelim
1638 3572 1808 3614 Ambiae
1822 3581 1898 3612 aut
1921 3574 2050 3612 Canen
2073 3569 2284 3624 thuriferoe
2307 3570 2498 3622 regionis.
2527 3573 2541 3625 Η
2563 3596 2616 3603 -

1386 3641 1451 3686 14.
1478 3636 1674 3691 Ἀριακῆ
1691 3635 1737 3689 ς]
1758 3634 1822 3675 Cf.
1848 3633 1992 3687 infra§
2012 3637 2080 3683 41,
2102 3632 2172 3673 ubi
2189 3647 2266 3688 pro
2287 3631 2466 3688 Ἀριακῆς
2488 3633 2615 3675 codex

1380 3708 1573 3753 corrupte
1597 3697 1805 3752 Ἀραὸικῆς.
1826 3697 1842 3751 Η
1861 3721 1919 3727 -
1930 3697 1995 3737 18.
2011 3711 2035 3735 σ
2047 3696 2070 3735 ά
2082 3711 2104 3736 κ
2116 3710 2145 3750 χ
2160 3710 2184 3735 α
2197 3710 2217 3750 ρ
2228 3696 2262 3751 ι]
2276 3695 2443 3736 sarkari
2457 3696 2498 3735 in
2514 3695 2610 3748 ling·

1380 3762 1564 3802 sanserit.
1584 3759 1898 3801 Memorabilem
1914 3759 2002 3800 haec
2020 3759 2158 3800 locum
2182 3758 2370 3799 obtinent
2385 3758 2427 3797 in
2445 3757 2614 3797 historia

1380 3824 1576 3873 sacchari,
1591 3822 1643 3862 de
1658 3836 1740 3876 qua
1754 3821 1848 3862 vide
1861 3822 1979 3863 Alex.
1993 3820 2240 3862 Humboldt.
2251 3822 2313 3860 De
2325 3818 2612 3859 distributione

1380 3885 1647 3940 geographica
1670 3884 1905 3939 plantarum
1941 3883 2100 3940 (Paris.
2134 3881 2272 3937 1817)
2311 3895 2354 3936 p.
2390 3893 2471 3921 210
2499 3894 2607 3934 sqq„

1381 3949 1526 3988 Ritter.
1553 3945 1683 3987 Erdk.
1714 3947 1791 3997 1X,
1816 3961 1859 4002 p.
1887 3947 2123 3999 230—291.
2158 3945 2173 3998 ΙΙ
2202 3967 2258 3974 -
2280 3956 2347 3983 20.
2364 3957 2451 3982 κατ
2463 3940 2502 3996 ὰ]
2521 3955 2605 3982 om.

1382 4008 1494 4060 cod.;
1519 4007 1652 4063 suppl.
1675 4007 1792 4049 editt.
1810 4009 1910 4049 Mox
1933 4022 2009 4063 pro
2031 4007 2116 4047 καθ’
2142 4006 2301 4046 ἕκαστον
2320 4003 2439 4045 velim
2454 4002 2502 4045 τὰ
2513 4019 2551 4045 κ.
2571 4004 2603 4045 ἕ.
