2808 4342
963 187 1338 234 STADIASMUS
1372 189 1562 236 MARIS
1597 189 1812 238 MAGNl.

178 307 234 337 20.
271 289 371 336 Ἀπὸ
387 287 658 349 Παραιτονίου
680 291 734 341 εἷς
754 291 954 352 Δελφῖνας
976 290 992 350 [
1010 289 1080 334 καὶ
1095 290 1112 351 ]
1126 289 1195 335 ἐπὶ
1211 289 1256 335 τὸ
1274 293 1346 337 Ζε-

111 361 253 424 φύριον
279 357 436 404 στάδιοι
459 356 506 410 ζ’·
539 356 655 412 νῆσοί
691 360 769 403 εἶσι
792 358 863 403 δύο
897 358 966 403 καὶ
991 358 1259 421 ἀκρωτήριον·
1283 362 1345 406 λι-

116 429 194 489 μήν
220 430 306 472 ἐστι
329 425 451 471 παντὶ
474 425 628 488 ἀνέμῳ·
650 426 721 471 καὶ
744 425 853 488 ὕδωρ
877 426 979 489 ἔχει.

177 513 229 543 21.
265 495 362 541 Ἀπὸ
388 500 457 541 τοῦ
491 495 690 558 Ζεφυρίου
724 495 796 540 καὶ
825 498 905 555 τῶν
940 495 1146 559 Δελφίνων
1180 496 1246 541 ἐπὶ
1277 496 1344 542 τὸν

66 583 91 610 5
112 559 236 613 ῗΑπιν
260 564 417 611 στάδιοι
436 565 490 610 λ’·
523 564 645 624 κώμη
681 563 782 609 ἐστί·
803 563 956 620 ταύτην
982 564 1118 617 πλέεις
1146 567 1264 611 σταδ.
1291 568 1344 611 κ’·

113 635 233 697 ὅρμος
258 634 379 679 ἐστίν·
402 633 509 696 ὕδωρ
534 633 618 695 ἔχει
642 635 683 679 ἓν
701 637 753 695 τῇ
776 631 916 695 κώμῃ.

115 797 359 844 θυπλοοῦντι,
381 792 424 833 id
446 794 649 833 incassum
667 792 775 843 fecit,
797 793 992 848 quoniam
1012 794 1147 835 nullus
1166 809 1350 834 momen-

113 861 144 900 ti
169 856 338 911 alicujus
367 856 480 895 sinus
506 863 581 906 est,
619 870 704 910 quo
731 864 998 911 praetervecto
1020 857 1097 897 iter
1122 856 1346 898 brevietur.

111 919 237 975 Apud
269 917 450 959 Plinium
484 916 568 973 (V,
610 921 634 958 6
659 920 680 971 5
722 918 774 971 39
796 916 809 974 )
831 919 996 958 nonnisi
1020 920 1072 960 86
1110 919 1220 960 milia
1238 934 1345 974 pass.

114 981 210 1037 (688
226 979 374 1033 stadia)
390 988 677 1021 numerantur.
712 981 795 1032 Qui
815 981 966 1021 nimius
988 989 1048 1022 est
1069 996 1200 1032 error,
1224 996 1348 1036 quam

110 1051 157 1083 ut
170 1042 304 1083 Plinio
322 1041 545 1082 tribuatur.
569 1042 803 1092 Librarius,
818 1043 981 1097 opinor,
1001 1043 1112 1084 milia
1130 1044 1349 1084 LXXXVI

105 1106 288 1146 exaravit
296 1119 373 1160 pro
389 1105 608 1145 CXXXVI
620 1104 745 1160 (1088
759 1103 883 1160 stad.)
893 1137 902 1145 .
915 1105 979 1146 Ab
987 1105 1067 1145 hoc
1078 1118 1252 1146 numero
1263 1121 1347 1147 non

108 1167 284 1208 multum
303 1167 416 1207 abest
430 1167 689 1217 Ptolemaeus,
713 1177 758 1207 2⁰
772 1166 837 1208 30'
851 1175 1108 1222 computans,
1131 1168 1283 1222 quibus
1303 1169 1347 1209 in

108 1231 185 1271 hac
202 1229 419 1271 latitudine
434 1229 671 1270 efficiuntur
686 1230 815 1270 stadia
831 1230 940 1270 mille
951 1238 992 1270 et
1005 1230 1141 1285 paullo
1156 1230 1345 1286 amplius.

69 1288 74 1294 ⁴
107 1293 302 1335 Similiter
322 1291 432 1347 apud
445 1293 644 1333 Nostrum
664 1307 687 1332 a
705 1293 934 1333 Paraetonio
957 1292 1009 1332 ad
1032 1286 1348 1334 Catabathmum

110 1355 279 1396 habebis
309 1354 441 1395 stadia
460 1357 579 1404 1060,
605 1355 639 1394 si
662 1357 752 1409 §29
777 1353 930 1395 codicis
949 1368 1168 1395 numerum
1194 1353 1252 1409 ρκ’
1267 1369 1348 1395 ser-

112 1419 283 1459 vaveris.
300 1419 454 1458 Parum
468 1425 605 1458 tamen
620 1416 702 1457 hoc
727 1417 951 1473 probabile.
974 1418 1056 1457 Pro
1074 1431 1248 1457 numero
1266 1417 1350 1472 ,ας-’

107 1488 246 1533 aperte
268 1486 466 1532 corrupto
483 1480 497 1530 (
518 1493 614 1518 nam
632 1478 752 1532 longe
770 1479 946 1533 petitum
967 1477 1086 1528 foret,
1113 1479 1146 1518 si
1166 1479 1256 1533 quis
1273 1493 1348 1518 nu-

108 1555 270 1581 merum
285 1539 453 1594 quidem
467 1541 694 1593 genuinum
709 1555 799 1581 esse
808 1540 976 1591 diceret,
990 1549 1031 1581 at
1046 1556 1131 1582 non
1143 1542 1348 1596 pertinere

106 1616 203 1642 eum
220 1602 271 1642 ab
304 1600 554 1642 Alexandria
572 1600 624 1641 ad
644 1603 895 1652 Petrantem,
917 1601 989 1642 sed
1008 1617 1031 1642 a
1049 1604 1278 1643 Paraetonio
1295 1603 1348 1644 ad

107 1663 473 1717 Catabathmum),
495 1662 684 1704 facillime
699 1677 874 1717 reponas
897 1662 983 1718 ‘⁰¹2'-
1006 1666 1142 1715 Quam
1158 1661 1348 1719 frequens

101 1727 158 1766 *sit
166 1726 493 1767 literarumcxetm
510 1727 774 1780 permutatio,
790 1734 950 1766 constat
962 1742 973 1776 ;
986 1726 1134 1779 siglum
1146 1740 1243 1766 vero
1259 1726 1347 1782 q'in

110 1788 252 1829 codice
266 1786 482 1829 Stadiasmi
497 1787 624 1828 literae
639 1786 682 1836 c,·'
694 1786 950 1827 simillimum
968 1801 1054 1827 esse
1069 1787 1205 1838 debet,
1224 1789 1349 1843 siqui-

102 1850 203 1891 rdem
226 1858 422 1905 quattuor
442 1857 514 1890 aut
533 1850 718 1905 quinque
746 1849 847 1890 locis
879 1850 1026 1890 Iriarte
1048 1848 1162 1890 dedit
1182 1850 1237 1901 ς’,
1276 1852 1347 1892 ubi

106 1912 289 1952 Millerus
315 1910 418 1952 vidit
447 1910 501 1967 [ι’.
536 1913 625 1953 Hac
656 1913 782 1966 igitur
811 1913 1117 1968 permutatione
1145 1913 1343 1966 admissa,

60 2015 62 2017 ,
105 1973 503 2027 sequiturintegrum
516 1988 739 2015 numerum
755 1974 880 2015 fuisse
892 1975 916 2031 [Ι
926 1974 1057 2030 β]ω1,ι’,
1068 1975 1347 2030 ideoqueinde

104 2050 129 2076 a
146 2036 375 2076 Paraetonio
393 2035 572 2090 relinqui
599 2035 731 2076 stadia
757 2037 878 2086 1340,
905 2050 996 2091 quae
1014 2051 1110 2077 cum
1142 2052 1237 2078 vera
1265 2054 1347 2080 orae

106 2097 361 2152 longitudine
383 2097 490 2138 bene
527 2099 768 2139 concinunt.
809 2098 936 2150 Quod
971 2098 1149 2154 denique
1183 2099 1346 2142 duobus

105 2160 203 2200 locis
225 2158 263 2201 κ’
278 2161 434 2200 mutavi
462 2162 504 2200 in
531 2159 582 2211 ν’,
610 2161 715 2200 nihil
738 2161 863 2200 habet
889 2160 1001 2214 quod
1027 2162 1080 2201 sit
1097 2162 1343 2214 violentum3

104 2238 200 2264 nam
220 2224 306 2264 istae
326 2223 453 2264 literae
468 2224 512 2263 in
532 2221 730 2277 quadrata
752 2223 820 2263 illa
839 2223 963 2263 seculi
975 2223 1124 2264 decimi
1141 2226 1343 2280 scriptura

103 2285 257 2326 eaedem
274 2285 358 2326 fere
374 2293 485 2335 sunt,
502 2299 580 2326 nec
600 2285 726 2325 semel
742 2285 902 2325 literam
918 2301 940 2325 κ
959 2284 1074 2326 dedit
1092 2287 1251 2338 Iriarte‚
1270 2289 1342 2330 ubi

104 2348 289 2388 codicem
307 2347 459 2389 habere
476 2347 638 2388 literam
658 2362 676 2388 ν
704 2355 876 2388 testatur
891 2347 1092 2389 Millerus.

159 2413 181 2463 5
199 2414 267 2452 20.
282 2409 345 2458 εἰς
365 2410 614 2465 Δελφῗνας
634 2410 719 2450 καὶ
743 2409 822 2451 ἐπὶ
848 2410 902 2450 τὸ
932 2410 1182 2466 Ζεφύριον]
1201 2412 1342 2453 Codex

99 2474 159 2512 ita
177 2472 332 2513 habet:
360 2471 446 2514 Ἀπὸ
468 2472 709 2528 Παραιτονίου
747 2472 797 2520 εἰς
818 2472 1005 2528 Δελφῖνας
1037 2475 1145 2514 σταδ.
1175 2473 1225 2522 ζ’.
1258 2474 1341 2517 Ἀπὸ

103 2534 290 2588 Δελφῖνας
311 2533 402 2589 (5ἰο)
428 2533 490 2575 ἐπὶ
509 2534 554 2575 τὸ
573 2534 727 2589 Ζεφύριν
751 2533 833 2589 (sic
854 2534 896 2574 h.
925 2534 953 2575 l.
983 2534 1098 2591 cod.)
1147 2537 1254 2576 σταδ.
1281 2536 1336 2584 ζ’·

105 2597 216 2648 νῆσοί
239 2596 309 2637 εἰσι
329 2596 396 2636 δύο
416 2605 514 2647 etc.,
547 2598 592 2637 in
618 2596 768 2651 quibus
799 2597 923 2637 verba
949 2597 1060 2648 νῆσοί
1089 2596 1161 2637 εἰσι
1188 2598 1254 2638 δύο
1278 2600 1342 2640 καὶ

105 2658 340 2714 ἀκρωτήριον
364 2667 405 2699 et
438 2662 460 2712 §
493 2672 544 2699 21
587 2657 661 2699 ἀπὸ
684 2661 752 2700 τοῦ
778 2659 957 2714 Ζεφυρίου
989 2659 1188 2714 (Ζεφύρου
1208 2661 1301 2702 cod.
1323 2665 1340 2716 )

104 2721 260 2761 καὶτῶν
288 2721 483 2776 Δελφίνων
514 2720 740 2761 ostendunt
759 2721 912 2761 insulas
935 2729 975 2762 et
1006 2724 1341 2776 promontorium

98 2783 357 2838 conjunctim
376 2798 462 2825 esse
482 2792 743 2825 memoratas.
769 2784 927 2825 Gailius
945 2785 1069 2826 scrib.
1094 2788 1310 2840 proposuit
1329 2801 1338 2828 :

109 2845 198 2887 Ἀπὸ
213 2847 468 2902 Παραιτονίου
489 2846 540 2895 εἰς
557 2846 744 2902 Δελφῗνας
760 2848 869 2887 σταδ.
891 2846 940 2895 ζ’.
969 2846 1056 2888 ’Aah
1074 2847 1267 2903 Δελφίνιον
1293 2849 1343 2898 εἰς

101 2908 148 2948 τὸ
168 2909 255 2963 Ζεφ.
288 2910 394 2949 σταδ.
417 2909 467 2957 ζ’.
501 2919 598 2960 etc.,
620 2909 771 2950 deinde
792 2911 835 2950 in
857 2913 878 2963 5
907 2924 956 2950 21
985 2910 1077 2965 ejici
1111 2912 1197 2951 vult
1218 2913 1342 2955 verba

99 2971 167 3011 καὶ
186 2976 260 3011 τῶν
284 2972 501 3028 Δελφίνων;
522 2982 563 3013 at
584 2972 682 3013 ferri
698 2972 742 3012 id
771 2973 914 3026 nequit
942 2982 1112 3028 propter
1133 2975 1256 3016 verba
1277 2979 1343 3028 νῆ-

104 3034 166 3073 σοί
185 3033 255 3074 εἰσι
288 3035 355 3074 δύο
387 3035 451 3075 καὶ
479 3034 730 3090 ἀκρωτήριον.
763 3034 1040 3076 Hoffmannus
1069 3035 1246 3092 denique
1261 3053 1343 3093 qua

103 3096 204 3136 solet
235 3097 399 3138 licentia
421 3111 430 3138 ε
460 3096 548 3139 Ἀπὸ
571 3099 669 3153 Παρ.
697 3097 759 3139 ἐπὶ
780 3098 824 3138 τὸ
852 3098 1030 3153 Ζεφύριον
1055 3100 1163 3140 σταδ.
1198 3099 1253 3148 ζ’·
1280 3101 1341 3141 λι-

106 3157 180 3211 μήν
199 3157 278 3198 ἐστι
296 3159 410 3200 παντὶ
426 3159 570 3216 ἀνέμῳ,
588 3161 653 3201 καὶ
667 3160 768 3215 ὕδωρ
789 3159 886 3214 ἔχει.
910 3159 996 3201 Ἀπὸ
1013 3164 1080 3201 τοῦ
1094 3162 1272 3217 Ζεφυρίου
1292 3162 1343 3211 εἰς

100 3218 289 3274 ,Δελφῗνας
309 3224 417 3263 σταδ.
439 3223 492 3271 ζ’·
527 3224 638 3275 νῆσοί
657 3223 730 3265 εἶσι
748 3223 815 3263 δύο
832 3223 896 3264 καὶ
918 3222 1170 3280 ἀκρωτήριον.
1198 3224 1284 3267 Ἀπὸ
1303 3226 1343 3267 δὲ

102 3283 173 3320 τοῦ
192 3282 368 3336 Ζεφυρίου
391 3284 438 3340 (!)
457 3285 522 3325 καὶ
543 3286 592 3340 (l)
618 3290 693 3326 τῶν
712 3285 907 3341 Δελφίνων
933 3285 994 3327 ἐπὶ
1018 3286 1150 3340 Νάτην
1174 3287 1262 3328 κτλ.
1286 3312 1343 3319 -

106 3344 199 3396 Ipse
222 3358 386 3398 quoque
405 3347 544 3387 malim
562 3349 811 3403 Zephyrium
827 3350 1163 3403 promontorIum
1179 3365 1341 3406 separa·
1356 3390 1358 3392 ,

107 3404 182 3444 tim
206 3408 442 3458 memorari,
463 3408 564 3449 adeo
579 3419 627 3450 ut
648 3425 800 3450 nomen
819 3410 871 3450 ad
894 3414 979 3452 Rus
1003 3412 1047 3452 al
1063 3413 1255 3464 Hal-zeit,
1278 3414 1341 3453 in-

108 3467 221 3519 signe
244 3481 412 3521 prorsus
446 3472 778 3524 promontorium
794 3503 804 3520 ,
836 3473 966 3526 possit
997 3473 1164 3525 reserri;
1190 3490 1237 3516 ac
1258 3474 1343 3516 sere

108 3542 348 3582 persuasum
365 3539 425 3570 est
439 3532 496 3572 ita
524 3534 568 3572 in
594 3534 764 3587 antiquo
778 3534 936 3588 periplo
967 3534 1119 3576 factum
1138 3551 1239 3588 esse,
1259 3538 1342 3579 No-

103 3598 239 3630 strum
262 3605 358 3630 vero
381 3591 485 3632 male
499 3592 605 3635 duos
628 3593 739 3634 locos
757 3595 801 3634 in
819 3609 951 3635 unum
981 3599 1245 3641 contraxisse.
1271 3602 1342 3642 Sin

108 3653 263 3702 minus,
294 3653 545 3707 Zephyrium
563 3655 732 3709 intelligi
758 3655 880 3698 dehet
902 3657 954 3698 de
980 3673 1027 3699 ca
1041 3659 1152 3714 ἄκρα,
1177 3675 1268 3715 quae
1289 3663 1341 3704 ab

109 3714 267 3754 oriente
294 3714 448 3755 claudit
466 3716 603 3756 sinum
624 3715 638 3773 (
656 3720 804 3758 Marsa
824 3719 836 3775 )
861 3720 1022 3761 Labeit.
1044 3721 1287 3776 Adjacentes
1306 3728 1341 3766 ei

110 3775 253 3816 insulae
265 3790 288 3816 a
298 3769 449 3818 Nostro
463 3776 644 3833 Δελφῖνες
662 3789 875 3833 vocantur,
889 3797 912 3823 a
922 3783 1142 3826 Ptolemaeo
1161 3785 1344 3827 Φωκοῧσ-

111 3851 188 3888 σαι,
213 3838 292 3878 nisi
311 3838 480 3880 fortasse
501 3839 723 3881 Φυκοῦσσαι
740 3842 1006 3885 scribendum
1017 3853 1091 3895 est,
1107 3861 1237 3900 quum
1256 3847 1343 3902 ejus

109 3899 291 3943 nominis
323 3900 463 3941 insulae
489 3901 653 3956 Libycae
682 3914 965 3946 memorentur
994 3906 1045 3947 ab
1082 3909 1280 3950 Athenaeo
1305 3913 1339 3960 I,

108 3974 152 4015 p.
176 3961 243 4011 30,
268 3963 322 4012 D,
351 3963 554 4017 Hesychio
576 3977 610 4004 s.
635 3978 676 4005 v.
707 3974 748 4006 et
768 3967 974 4022 Stephano
1002 3971 1099 4024 Byr..
1125 3983 1134 4010 :
1167 3971 1344 4012 Φυκοῦσ-

109 4038 190 4075 σαι,
213 4026 323 4076 νῆσοι
341 4025 501 4078 Azam-
523 4026 831 4083 ὀνομάζονταιδὲ
851 4030 912 4069 διὰ
932 4030 976 4071 τὸ
988 4031 1114 4088 φύκων
1129 4031 1227 4074 εἶναι
1247 4034 1346 4085 πλή-

2561 212 2649 248 435

1473 315 1539 345 20.
1573 302 1851 344 AParaetonio
1870 315 2000 356 usque
2023 300 2074 342 ad
2094 302 2316 357 Delphines
2340 313 2379 344 et
2401 307 2650 362 Zephyrium

1417 357 1547 399 stadia
1580 371 1634 412 90
1670 357 1766 414 (ιζ),
1812 358 1953 398 insulae
1989 366 2084 399 sunt
2121 357 2238 409 duae3
2274 367 2420 414 portus
2455 370 2515 402 est
2537 367 2651 405 omni

1416 434 1564 478 vent03
1587 425 1793 481 habetque
1811 440 1975 480 aquam.

1473 509 1541 537 21.
1574 498 1611 537 A
1629 496 1832 551 Zephyrio
1854 504 1895 536 et
1913 495 2186 551 Delphinibus
2204 495 2256 537 ad
2284 498 2393 552 Apin
2417 499 2545 541 stadia
2571 502 2623 542 30
2636 518 2648 552 ;

1416 564 1530 604 vicus
1542 572 1603 605 est
1613 580 1624 615 ;
1642 564 1700 605 ad
1711 579 1799 604 eum
1815 564 1993 605 navibus
2007 564 2140 605 salum
2155 573 2194 604 et
2209 564 2324 618 (κατὰ
2342 566 2485 620 ταύτην
2503 568 2652 618 πλοίοις

1417 632 1532 680 σάλος
1553 632 1646 673 zai?
1667 631 1681 688 )
1703 633 1821 673 statio
1839 641 1920 682 est3
1943 646 2091 687 aquam
2117 632 2232 674 locus
2252 633 2375 674 habet
2396 635 2438 674 in
2458 636 2566 678 vico„

1420 809 1492 848 ρεις
1505 809 1513 817 ·
1540 794 1576 834 οἱ
1594 798 1776 845 νησιῶται
1794 793 2056 833 Φυκουσσαῖοι
2071 802 2111 834 et
2129 793 2376 834 Φυκούσσιοι.
2400 796 2548 838 Insulae
2565 802 2651 840 istae

1417 870 1547 910 quum
1578 857 1634 895 ita
1662 856 1769 895 sinui
1788 855 1934 896 Labeit
1962 854 2128 909 objectae
2150 857 2246 905 sint,
2276 865 2321 897 ut
2339 859 2503 899 nonnisi
2522 873 2650 915 angu-

1417 926 1527 958 stum
1542 917 1775 972 relinquant
1791 917 1963 968 aditum,
1981 926 2147 973 portum
2167 918 2218 958 ab
2233 919 2345 958 omni
2370 928 2492 961 vento
2514 929 2648 963 tutum

1415 989 1606 1035 praestare
1632 980 1838 1021 videntur.
1871 981 2062 1021 Ceterum
2096 981 2148 1021 ad
2170 989 2337 1036 portum
2362 981 2485 1024 fuisse
2508 985 2648 1028 vicum

1417 1043 1479 1083 vel
1501 1042 1702 1098 oppidum
1730 1044 1951 1098 putaveris,
1977 1043 2028 1084 ad
2057 1043 2170 1098 quod
2192 1045 2329 1085 nescio
2348 1059 2398 1085 an
2418 1047 2651 1100 pertineant

1416 1106 1561 1156 ruinae,
1586 1121 1677 1160 quae
1702 1105 1754 1146 ad
1776 1107 1911 1147 sinum
1930 1108 2053 1146 istum
2072 1121 2094 1147 e
2115 1107 2281 1161 regione
2299 1108 2523 1150 insularum
2551 1125 2649 1152 con-

1417 1168 1663 1221 spiciuntur.
1701 1169 1902 1209 Distantia
1938 1168 2163 1209 stadiorum
2198 1183 2251 1222 90
2273 1168 2385 1223 justo
2414 1172 2552 1212 minor
2572 1182 2647 1215 est.

1415 1230 1496 1269 Tot
1511 1231 1621 1269 enim
1638 1238 1734 1270 sunt
1752 1230 1804 1271 ab
1824 1234 1908 1271 Bas
1923 1230 2120 1279 Harzcit,
2143 1230 2256 1285 quod
2278 1232 2411 1286 ipsum
2428 1248 2451 1274 a
2472 1236 2650 1277 Paraeto·

1415 1291 1485 1331 nio
1505 1294 1558 1339 40
1574 1291 1658 1332 fere
1677 1291 1817 1333 stadiis
1832 1292 1944 1332 abest
1962 1305 1971 1332 :
1990 1291 2093 1332 adeo
2109 1301 2154 1333 ut
2171 1293 2250 1333 hoc
2269 1307 2433 1349 quoque
2449 1295 2649 1339 indicium

1415 1353 1481 1402 sit,
1507 1353 1611 1393 male
1630 1368 1652 1394 a
1687 1355 1839 1394 Nostro
1861 1353 2110 1408 Zephyrium
2133 1362 2174 1394 et
2201 1354 2423 1409 Delphinas
2447 1357 2490 1397 in
2519 1373 2649 1401 unum

1415 1413 1551 1455 locum
1567 1414 1770 1455 contrahi.

1471 1479 1583 1529 521.
1627 1476 1705 1530 ἐπὶ
1733 1477 1814 1518 τὸν
1845 1476 2002 1532 Ἆπιν]
2029 1476 2091 1518 ἐπὶ
2111 1476 2244 1529 Νάτην
2285 1486 2325 1518 et
2352 1481 2446 1531 §22
2477 1479 2550 1521 ἀπὸ
2582 1487 2649 1523 τοῦ

1414 1538 1578 1587 Ναύτιος
1618 1541 1634 1592 (
1650 1539 1816 1580 Ναυτίου
1841 1554 1982 1595 apogr.
2020 1540 2155 1580 Iriart.
2180 1541 2221 1593 );
2259 1540 2424 1582 emend.
2462 1542 2650 1587 Mannert

1414 1601 1469 1650 X,
1495 1615 1536 1652 2,
1560 1616 1603 1656 p.
1631 1603 1699 1643 30.
1721 1604 1783 1642 De
1806 1602 1886 1656 Api
1915 1616 1955 1642 v.
1975 1601 2117 1656 Scylax
2140 1605 2161 1653 5
2185 1615 2259 1656 107
2279 1615 2288 1642 :
2314 1602 2478 1657 ’Έχεται
2506 1606 2649 1661 Παραι-

1414 1663 1542 1703 τονίου
1557 1662 1661 1710 Ἆπις
1672 1664 1801 1712 πόλις·
1822 1665 1933 1718 μέχρι
1951 1666 2070 1704 ταῦτα
2082 1663 2295 1719 Αἰγύπτιοι.
2315 1666 2460 1706 Strabo
2474 1681 2516 1722 p.
2540 1683 2619 1723 799
2635 1684 2645 1710 :

1415 1723 1535 1779 Κώμη
1569 1724 1694 1774 Ἆπις,
1729 1725 1792 1782 ἃς]
1820 1721 1863 1776 ἧς
1894 1725 1945 1773 εἰς
1967 1726 2032 1780 μὲν
2066 1726 2318 1781 Παραιτόνιον
2344 1729 2490 1768 στάδιοι
2513 1728 2648 1772 ἑκατὸν

1416 1787 1431 1838 (
1449 1787 1594 1827 itincre
1619 1787 1847 1843 terrestri),
1871 1787 1920 1835 εἷς
1940 1788 1980 1828 δὲ
2005 1788 2204 1844 Ἄμμωνος
2234 1790 2319 1837 ὁδὸς
2350 1789 2502 1845 ἡμερῶν
2522 1794 2646 1834 πέντε.

1414 1848 1572 1889 Plinius
1593 1851 1649 1898 V,
1676 1854 1699 1890 6
1723 1851 1812 1903 539
1847 1863 1856 1890 :
1879 1854 1931 1890 In
1954 1865 1996 1890 eo
2020 1860 2157 1892 tractu
2181 1851 2293 1891 intus
2320 1851 2431 1906 Apis
2457 1852 2647 1905 interest,

1414 1910 1565 1951 nobilis
1594 1911 1785 1963 religione
1824 1911 2000 1967 AEgypti
2035 1913 2159 1953 locus.
2190 1913 2259 1953 Ab
2295 1927 2338 1952 eo
2374 1914 2650 1957 Paraetonium

1414 1975 1545 2014 LXII
1562 1972 1575 2029 (
1592 1976 1687 2014 XII
1705 1988 1814 2014 corr.
1831 1974 2035 2014 Barbarus
2051 1976 2142 2028 )M.
2156 1988 2274 2030 pass.
2296 1975 2419 2030 Apud
2435 1976 2651 2030 Polybium

1414 2036 1584 2086 XXXI,
1613 2035 1682 2085 25,
1709 2038 1733 2077 8
1759 2035 2002 2077 Ptolemaeus
2032 2037 2237 2091 Physcon,
2259 2051 2281 2077 e
2310 2039 2448 2093 Cypro
2478 2039 2530 2079 ad
2551 2039 2651 2094 fines

1415 2100 1649 2154 Cyrenaicae
1663 2100 1723 2139 ire
1733 2098 1886 2154 jussus,
1903 2101 2087 2153 κατέσχεν
2112 2099 2173 2140 ἐπὶ
2191 2099 2258 2140 τὸν
2277 2099 2399 2151 Ἆπιν,
2422 2109 2462 2142 et
2479 2102 2563 2156 περὶ
2585 2103 2650 2143 τὸν

1413 2160 1519 2202 Ἆπιν
1555 2169 1686 2201 castra
1722 2162 1874 2215 posuit.
1900 2160 2136 2201 Herodotus
2164 2162 2220 2210 II,
2251 2163 2300 2202 18
2326 2174 2335 2201 :
2365 2162 2411 2202 Οἱ
2439 2162 2514 2218 γὰρ
2544 2162 2589 2215 δὴ
2611 2164 2651 2206 ἐκ

1418 2223 1572 2278 Μαρέης
1589 2238 1630 2264 τε
1649 2223 1782 2270 πόλιος
1810 2223 1875 2263 καὶ
1897 2222 2023 2270 ’Άπιος
2037 2255 2047 2272 ,
2074 2222 2259 2270 οἰκέοντες
2288 2222 2479 2279 Αἰγύπτου
2495 2226 2542 2266 τὰ
2561 2229 2651 2281 πρό-

1419 2301 1536 2341 σουρα
1558 2286 1676 2342 Διὸύῃ
1693 2318 1703 2336 ,
1725 2287 1827 2326 num
1854 2285 1978 2325 alium
2002 2286 2112 2339 Apin
2145 2285 2409 2337 intellexerit,
2441 2302 2492 2327 an
2526 2290 2649 2330 situm

1417 2349 1546 2389 nostri
1573 2348 1651 2389 loci
1677 2363 1762 2388 non
1784 2348 1878 2388 satis
1896 2355 2155 2402 perspectum
2184 2346 2366 2397 haberet,
2394 2351 2604 2403 quaeritur.
2629 2353 2644 2405 ΙΙ

1416 2435 1473 2442 —-
1509 2411 1693 2463 ταύτην
1734 2410 1899 2457 πλέεις
1928 2410 2064 2450 σταδ.
2102 2408 2139 2450 κ’
2167 2410 2317 2464 ὅρμος
2357 2409 2510 2467 ἐστί]
2553 2415 2650 2455 Haec

1417 2472 1629 2527 quomodo
1647 2471 1828 2514 sananda
1846 2472 1929 2512 sint
1939 2503 1950 2522 ,
1977 2486 2124 2527 parum
2150 2471 2292 2525 liquet.
2317 2473 2428 2513 Num
2454 2474 2530 2515 fuit
2556 2489 2564 2516 :
2590 2476 2651 2517 ἐπὶ

1416 2535 1556 2588 ταύτην
1577 2535 1701 2583 πλέεις
1723 2534 1896 2582 σταδίους
1912 2533 1963 2584 κ’,
1988 2533 2091 2574 adeo
2112 2541 2160 2574 ut
2180 2533 2267 2574 haec
2287 2535 2461 2588 margini
2481 2538 2649 2591 quidam

1417 2597 1470 2638 ad
1492 2598 1618 2640 verba
1640 2596 1788 2639 στάδιοι
1813 2595 1855 2636 λ’
1878 2595 2154 2652 adscripserit,
2176 2596 2295 2636 aliam
2317 2596 2396 2637 loci
2415 2597 2650 2642 distantiam

1416 2661 1588 2702 notans?
1614 2659 1737 2701 Haud
1756 2657 2018 2701 crediderim.
2045 2658 2178 2698 Multo
2199 2659 2336 2698 minus
2359 2659 2507 2713 probes
2525 2664 2649 2703 ratio-

1416 2737 1488 2763 nes
1505 2723 1711 2764 Mannerti
1738 2722 1764 2762 l.
1791 2721 1838 2772 l.,
1864 2721 1935 2776 qui
1955 2721 2011 2761 ita
2031 2721 2169 2761 locum
2192 2720 2390 2761 intellexit
2412 2735 2421 2762 :
2464 2742 2480 2757 α
2502 2724 2652 2777 Segelst

1417 2785 1475 2825 du
1496 2801 1549 2826 an
1571 2785 1646 2826 der
1679 2786 1812 2826 Kfiste
1835 2797 1888 2825 20
1921 2783 2086 2825 Stadien
2107 2784 2248 2823 weiter
2282 2785 2425 2838 (quasi
2448 2786 2489 2824 in
2512 2789 2649 2839 graecis

1416 2856 1520 2889 esset
1541 2861 1552 2888 :
1573 2848 1714 2900 ταύτην
1737 2846 1768 2888 εἰ
1790 2846 2017 2901 παραπλέεις
2033 2846 2064 2901 ),
2089 2860 2135 2886 so
2154 2845 2350 2886 erreichst
2365 2845 2423 2886 du
2441 2846 2522 2887 den
2546 2851 2650 2890 Lan-

1416 2910 1678 2965 dungsplatz;
1712 2911 1888 2951 Wasser
1919 2907 2049 2949 findet
2079 2907 2165 2948 sich
2202 2907 2329 2963 (aber
2347 2908 2453 2965 nur)
2489 2910 2532 2950 in
2556 2911 2649 2951 dem

1417 2971 1607 3012 Flecken.
1634 2989 1650 3010 »
1682 2971 1823 3012 Fuisse
1837 2971 2023 3025 suspicor
2046 2983 2055 3010 :
2081 2968 2179 3010 κατὰ
2200 2970 2340 3021 ταύτην
2369 2970 2517 3018 πλοίοις
2536 2972 2651 3020 σάλος

1417 3034 1482 3075 καὶ
1500 3035 1616 3090 ὅρμος
1651 3032 1768 3084 ἐστίν,
1791 3033 1854 3073 vel
1879 3032 2048 3073 fortasse
2070 3045 2078 3072 :
2102 3031 2199 3072 κατὰ
2221 3032 2360 3083 ταύτην
2383 3033 2530 3080 πλοίοις
2560 3050 2646 3074 στα-

1417 3096 1509 3137 δίων
1541 3095 1578 3137 κ’
1611 3097 1730 3151 ὅρμος
1753 3095 1869 3144 ἐστίν,
1896 3094 1998 3134 adeo
2025 3102 2071 3133 ut
2091 3108 2166 3148 per
2195 3094 2337 3147 viginti
2375 3093 2504 3134 stadia
2535 3095 2647 3136 locus

1415 3158 1604 3200 sistendis
1626 3158 1798 3199 navibus
1817 3165 1935 3211 aptus
1957 3164 2060 3196 esset
2082 3155 2094 3211 (
2114 3156 2230 3210 ὅρμος
2251 3155 2392 3209 μακρὸς
2411 3155 2472 3195 vel
2498 3155 2653 3204 nivens!-⁴

1416 3236 1509 3274 νων,
1532 3236 1656 3277 quem
1673 3221 1768 3261 alias
1783 3221 1932 3260 Noster
1948 3217 2048 3258 dicit
2060 3217 2073 3273 )
2087 3235 2098 3268 ;
2127 3217 2251 3271 idque
2269 3218 2312 3257 in
2335 3220 2481 3258 Marsa
2500 3220 2647 3260 Labez't

1415 3285 1599 3340 apprime
1621 3282 1765 3324 cadere
1784 3281 1960 3321 videtur.
1985 3279 2051 3321 Ad
2070 3294 2165 3319 eum
2187 3280 2296 3319 enim
2323 3294 2525 3320 recessum
2547 3282 2647 3322 situs

1414 3346 1540 3387 fuisse
1571 3347 1684 3385 vicus
1715 3343 1851 3384 debet.
1885 3342 2092 3397 Smythius
2120 3341 2173 3381 ad
2203 3342 2312 3396 Apin
2335 3342 2458 3382 refert
2479 3344 2643 3394 ruinas,

1416 3424 1516 3464 quas
1536 3423 1558 3449 e
1579 3408 1745 3461 regione
1768 3406 1994 3446 insularum
2014 3405 2108 3444 sitas
2126 3418 2213 3445 esse
2235 3403 2361 3444 modo
2388 3406 2428 3457 (§
2449 3408 2519 3459 20)
2539 3406 2646 3447 dixi-

1415 3486 1523 3512 mus.
1556 3468 1681 3523 Quod
1713 3469 1744 3508 si
1778 3476 1887 3508 recte
1906 3467 1974 3517 fit,
2009 3466 2202 3507 distantia
2219 3465 2446 3507 stadiorum
2481 3468 2533 3509 30
2551 3467 2658 3512 falsa¹

1415 3532 1543 3583 soret,
1572 3546 1701 3586 quum
1722 3531 1790 3570 vix
1806 3529 1946 3570 decem
1963 3527 2191 3569 stadiorum
2206 3529 2258 3569 sit
2272 3529 2546 3571 intervallum.
2572 3533 2646 3572 Pa-

1416 3596 1531 3637 chol.
1559 3596 1585 3635 l.
1610 3609 1653 3649 p.
1677 3595 1727 3634 32
1740 3593 1849 3648 Apin
1873 3593 1916 3632 in
1935 3591 2138 3633 hodierno
2150 3591 2508 3647 Boua-Adjoubalz
2524 3593 2647 3634 fuisse

1414 3667 1530 3713 putat
1555 3671 1564 3698 t
1597 3676 1612 3691 α
1642 3658 1706 3696 En
1732 3670 1837 3696 nous
1866 3654 2068 3708 dirigeant
2097 3653 2180 3711 (cle
2201 3656 2347 3695 Marsa
2376 3654 2530 3707 Bcrek)
2557 3669 2646 3694 vers

1414 3720 1579 3768 l’ouest‚
1605 3715 1719 3773 apres
1753 3717 1852 3757 trois
1883 3716 2031 3757 heures
2059 3724 2100 3757 et
2127 3715 2262 3757 demie
2281 3715 2332 3756 de
2356 3715 2519 3755 marche
2544 3715 2646 3755 dans

1415 3796 1469 3822 un
1491 3781 1643 3822 terrain
1673 3779 1906 3829 rocailleux,
1933 3793 2038 3820 nous
2059 3779 2280 3819 arrivzimes
2308 3777 2328 3818 ὲ
2351 3777 2645 3831 Boua-Adjou-

1415 3844 1507 3892 hale,
1538 3842 1660 3883 vallee
1678 3841 1830 3892 fertile,
1858 3841 2013 3890 bornee
2035 3840 2094 3881 du
2115 3841 2206 3882 cote
2231 3840 2283 3880 de
2309 3840 2345 3880 la
2369 3854 2456 3879 mer
2470 3853 2544 3893 par
2565 3853 2646 3880 une

1413 3906 1523 3945 dune
1546 3903 1597 3945 dc
1619 3903 1746 3945 sables
1765 3911 1804 3944 et
1832 3918 1907 3958 par
1928 3903 1999 3944 des
2029 3903 2193 3944 collines
2208 3916 2288 3958 peu
2307 3902 2458 3942 elevees
2476 3900 2535 3941 du
2556 3900 2646 3941 cote

1415 3968 1580 4022 oppose.
1610 3967 1724 4007 Nous
1747 3967 2026 4006 retrouvames
2048 3964 2150 4006 dans
2173 3961 2219 4005 ἑο
2245 3964 2325 4005 lieu
2357 3963 2428 4004 des
2455 3963 2646 4018 palmiers

1416 4033 1516 4071 dans
1535 4037 1623 4070 tout
1651 4029 1686 4069 le
1715 4028 2055 4084 elevcloppemcnt
2076 4027 2127 4068 de
2155 4027 2243 4068 leur
2263 4026 2509 4081 vegetation3
2546 4025 2647 4066 hors

2423 4104 2477 4137 28.
