2808 4342
91 157 166 218 (ἱ)

89 259 227 318 ρευταὶ
255 260 366 312 ἐντὸς
388 261 608 317 ἀνέὸησαν.
630 260 770 325 ’Ἔχει
793 265 835 311 δὲ
851 266 897 312 τὸ
920 270 1114 332 ἐμπόριον
1130 274 1317 334 χελώνην

88 327 282 384 ἀληθινὴν
306 328 376 374 καὶ
406 329 604 390 χερσαίαν
629 332 771 391 ὀλίγην
799 335 870 380 καὶ
894 337 1042 394 λευκὴν
1071 342 1316 404 μικροτέραν

85 403 167 448 τοῖς
189 397 412 456 ὀστράκοις·
437 398 667 460 εὑρίσκεται
689 401 730 446 δὲ
756 405 797 447 ἐν
823 406 927 466 αὐτῇ
952 407 1048 452 ποτὲ
1073 408 1147 467 μὲν
1172 411 1317 475 ἐλέφας

85 462 237 523 ὀλίγος,
258 464 393 524 ὅμοιος
415 468 474 527 τῷ
495 466 770 532 Ἀδουλιτικῷ.
839 471 892 519 Ὅ
917 474 957 519 δὲ
982 477 1103 530 τόπος
1126 479 1316 540 ἀλίμενος

46 542 64 571 5
88 531 158 576 καὶ
181 530 355 594 σκάφαις
381 533 502 592 μόνον
523 534 597 590 τὴν
623 539 861 600 ἅποδρομὴν
886 541 1010 603 ἔχων.

143 615 178 645 4.
211 599 332 646 Μετὰ
355 601 397 646 δὲ
427 602 501 659 τὴν
536 604 805 666 Πτολεμαΐδα
831 610 904 665 τὴν
940 615 1018 658 τῶν
1057 618 1191 676 θηρῶν
1229 618 1312 664 ἀπὸ

80 667 255 713 σταδίων
273 672 326 721 ὡς
342 672 573 734 τριςχιλίων
593 676 787 739 ε’μπόριόν
804 680 889 724 ἐστι
905 681 1078 742 νόμιμον
1094 687 1120 739 ἠ
1141 684 1312 744 Ἀδουλὶ,

78 736 261 796 κείμενον
297 739 338 783 ἓν
375 740 518 804 κόλπῳ
547 747 665 803 βαθεῖ
704 747 795 792 κατ’
831 749 949 795 αὐτὸν
987 751 1053 797 τὸν
1091 754 1229 813 νότον,
1265 751 1312 803 οῧ

78 804 291 866 πρόκειται
314 811 434 863 νῆσος
458 810 624 873 Ὀρεινὴ
645 815 843 875 λεγομένη
861 853 873 877 ,
905 824 975 864 τοῦ
1007 820 1079 881 μὲν
1104 825 1311 873 ἐσωτάτου

17 882 56 914 m
77 872 233 919 κόλπου
259 877 445 929 σταδίους
466 881 520 931 ὡς
544 882 599 932 εἷς
618 882 794 944 πέλαγος
822 886 1034 949 ἀπέχουσα
1063 892 1308 952 διακοσίους,

72 1069 136 1109 vel
156 1069 313 1123 ἔδησαν.
334 1075 528 1116 Ceterum
559 1092 637 1132 pro
666 1080 904 1135 θηρευθέντες
934 1087 1064 1140 possis
1094 1087 1216 1131 etiam
1250 1092 1316 1144 θη-

72 1133 243 1186 ρεύοντες
262 1137 324 1176 vel
342 1138 605 1193 θηρεύσαντες.
631 1143 645 1195 Η
664 1167 720 1174 —-
739 1158 779 1185 2.
800 1144 859 1186 ἀλ
872 1163 894 1198 η
907 1148 926 1187 θ
942 1163 952 1187 ι
969 1147 1056 1200 νὴν
1074 1152 1088 1206 ]
1104 1152 1167 1193 Cf.
1191 1157 1211 1206 §
1232 1155 1311 1196 30:

70 1195 251 1248 χελώνην
281 1199 349 1250 τήν
383 1216 423 1241 τε
445 1200 632 1254 ἀληθινὴν
657 1206 721 1245 καὶ
742 1210 926 1262 χερσαίαν
955 1212 1020 1252 καὶ
1051 1211 1120 1264 τὴν
1154 1215 1310 1269 λευκὴν,

70 1257 155 1298 κτλ.
193 1261 347 1301 Veram
380 1264 507 1317 igitur
534 1274 574 1306 et
602 1269 823 1320 genuinam
845 1281 885 1312 et
907 1275 1022 1327 quasi
1053 1277 1137 1317 κατ’
1173 1277 1311 1334 ἐξοχὴν

69 1322 318 1364 testudinem
340 1324 441 1366 dicit
472 1324 542 1378 τὴν
579 1329 805 1373 θαλασσίαν.
833 1334 1125 1379 Schwanbeck.
1149 1353 1192 1394 p.
1229 1345 1309 1395 498

67 1382 302 1425 inauditum
325 1387 573 1429 vocabulum
587 1392 795 1434 excudens
807 1395 991 1448 ἀληθινὸν
1009 1400 1025 1452 (
1042 1402 1156 1454 quasi
1171 1402 1309 1459 ἁλίαν)

66 1446 189 1486 scribi
217 1447 359 1489 voluit.
384 1450 400 1503 ΙΙ
427 1473 484 1481 —
504 1454 546 1500 4.
580 1451 933 1515 Ἀδουλιτικῷ]
959 1460 1162 1520 ἀοιδοτικῷ
1193 1466 1306 1518 0οἀ.;

66 1520 145 1548 em.
175 1509 366 1551 Hudson.
394 1512 410 1565 ΙΙ
437 1536 493 1544 -·
513 1513 551 1553 5.
579 1514 903 1575 ἀποδρομὴν]
928 1523 1069 1564 Malim
1096 1541 1191 1567 cum
1213 1529 1307 1570 Stu-

66 1566 159 1609 ckio
182 1568 407 1627 ἐπιδρομήν.

118 1633 141 1682 S
175 1635 218 1682 4,
253 1632 280 1673 l.
317 1633 405 1688 7.ἣ
436 1633 679 1693 Ἀὃουλη
708 1638 732 1690 ἡ
770 1639 939 1683 Ἀδουλεὶ
971 1646 1103 1688 codex
1131 1650 1301 1706 ubique.

61 1692 213 1734 Forma
238 1697 419 1736 nominis
443 1698 616 1752 plebeia,
654 1702 761 1742 sicut
796 1718 922 1759 supra
955 1706 1130 1763 Βερνίκη.
1167 1713 1304 1767 Vulgo

64 1751 241 1803 ’Άδουλις
264 1757 280 1809 (
295 1759 473 1813 Procop.
508 1762 558 1801 B.
580 1763 628 1802 P.
648 1764 684 1813 Ι,
715 1778 764 1817 19
780 1781 791 1815 ;
819 1767 1041 1810 Nonnosus
1074 1786 1140 1827 ap.
1177 1774 1300 1817 Phot.

60 1815 229 1868 cod..3;
253 1819 456 1860 Palladius
475 1835 541 1876 ap.
578 1824 915 1870 Pseudocallisth.
947 1833 1025 1882 111,
1063 1847 1087 1887 7
1116 1848 1159 1889 p.
1198 1849 1276 1878 102
1287 1854 1299 1888 ;

58 1877 197 1932 steph.
223 1880 321 1934 Byz.
344 1895 377 1921 s.
399 1895 440 1923 v.
459 1881 493 1938 ).
513 1884 640 1938 Apud
673 1888 942 1931 Ptolemaeum
964 1895 1041 1944 IV,
1079 1909 1103 1949 7
1136 1904 1176 1937 et
1203 1899 1301 1939 Cos-

57 1953 168 1980 mam
186 1941 350 1997 Indopl.
377 1958 420 1999 p.
448 1948 527 1994 140
545 1957 715 1990 vocatur
736 1949 912 2005 Ἄδούλη.
943 1956 1070 2008 Quod
1089 1960 1201 2006 nejn
1225 1963 1299 2001 Pe-

55 2001 208 2055 riplum
231 2003 400 2056 inferas,
425 2006 621 2051 admonet
641 2022 834 2055 accentus
856 2017 899 2056 in
921 2018 1082 2061 ultima.
1103 2022 1297 2065 Formam

54 2063 98 2103 in
121 2079 131 2102 ι
148 2064 338 2107 desinens
359 2070 514 2123 reperit
532 2072 656 2113 etiam
675 2075 906 2131 Stephanus
925 2081 972 2120 B.
1008 2095 1016 2121 :
1043 2081 1116 2122 ’Άδ
1130 2084 1218 2124 ουλ
1234 2101 1243 2125 ι
1257 2103 1292 2138 ς,

54 2125 163 2174 πόλις
191 2126 398 2170 Αἰθιόπων·
436 2131 473 2171 οἳ
509 2132 549 2173 δὲ
566 2133 738 2185 Πανὸς
768 2141 917 2190 νῆσον
942 2141 1059 2194 αὐτὴν
1093 2145 1290 2189 καλοῦσιν·

53 2187 117 2228 καὶ
137 2188 261 2245 τάμοῦ
287 2192 416 2245 βιὸλία
445 2193 647 2236 ’Άδουλι
677 2199 769 2253 δίχα
801 2205 868 2241 τοῦ
888 2219 922 2243 σ·
956 2205 1114 2261 σφάλμα
1137 2209 1177 2249 δέ
1197 2208 1290 2251 ἐστι·

53 2247 222 2299 Ἇδουλις
251 2252 326 2308 γὰρ
356 2254 516 2309 ὀφείλει,
556 2258 606 2305 ὡς
643 2256 892 2314 Ἥρωδιανός.
920 2264 984 2306 Cf.
1010 2267 1213 2310 Arcadius
1242 2271 1294 2313 de

51 2324 136 2352 acc.
158 2327 199 2367 p.
225 2315 293 2365 31,
316 2319 368 2364 24
394 2330 402 2357 :
425 2317 481 2357 Τὰ
513 2318 563 2366 εἰς
582 2320 607 2359 λ
623 2336 662 2368 ις
679 2325 891 2380 παρώνυμα
907 2332 961 2382 τῷ
983 2345 1015 2368 ω
1038 2329 1061 2380 ἢ
1094 2331 1293 2390 διερθόγγῳ

51 2375 359 2431 παραληγόμενα
381 2378 567 2431 ὀξύνεται,
600 2383 817 2436 Πακτωλίς,
850 2387 1027 2440 Αἰτωλίς,
1066 2390 1215 2441 Ἰουλίς·
1246 2396 1291 2436 τὸ

50 2435 277 2486 δ”Ἄὸουλις
301 2440 493 2496 (ἅγουλις
512 2444 624 2495 cod.;
653 2460 734 2487 em.
757 2449 979 2505 Meineke)
1014 2456 1290 2510 προπαροξύνε-

48 2513 127 2540 ται.
159 2502 209 2540 In
230 2502 382 2556 Geogr.
415 2506 516 2545 Rav.
540 2507 595 2557 V,
626 2509 674 2548 18
698 2509 855 2552 Adulis
883 2513 1030 2555 abiisse
1055 2517 1220 2559 videtur
1246 2522 1290 2561 in

51 2562 221 2603 Olelum.
254 2565 411 2606 Plinius
444 2568 521 2618 VI,
549 2569 601 2617 34
625 2571 681 2611 ita
699 2571 824 2613 habet
849 2587 857 2614 :
888 2577 1098 2632 Oppidum
1136 2582 1288 2623 Aduli-

4 2642 6 2644 *
47 2625 515 2683 to⁴n,·AEgyptiorum‘·lzoc
529 2632 639 2671 servi
646 2634 822 2687 profugi
832 2651 858 2676 a
873 2637 1052 2680 dominis
1061 2643 1284 2686 condidere.

47 2687 284 2727 Maximum
339 2689 407 2730 hic
462 2693 686 2747 emporium
744 2699 1081 2753 Troglodrtcerum
1096 2736 1107 2752 ,
1162 2706 1288 2747 etium

44 2749 286 2805 AEtlziopum
299 2769 315 2800 ;
327 2752 442 2793 abest
453 2768 480 2793 α
494 2755 748 2798 Ptolemaide
773 2762 818 2799 V
815 2760 990 2803 {dierum
1005 2765 1284 2818 navigatione.

44 2811 334 2854 Artemidorus
353 2828 421 2869 ap.
442 2816 637 2859 Strabon.
664 2833 707 2874 p.
735 2835 816 2875 770
836 2822 991 2864 Adulin
1011 2840 1096 2866 non
1122 2828 1286 2870 videtur

43 2879 218 2930 novisse,
246 2895 376 2935 quum
394 2885 558 2924 nonnisi
583 2886 745 2937 Τήνεσιν
764 2889 975 2942 regionem
993 2891 1117 2947 hujus
1131 2902 1284 2936 tractus

44 2939 399 2995 mediterraneam,
428 2959 552 3000 quam
584 2947 745 3002 fugitivi
775 2951 955 3006 AEgyptii
976 2954 1074 2996 inde
1095 2971 1119 2996 a
1141 2959 1282 3000 Psam-

44 3003 211 3044 metichi
228 3007 485 3060 temporibus
500 3009 773 3061 obtinuerint,
792 3026 1102 3058 commemoret.
1128 3022 1283 3071 Quam-

43 3078 167 3118 quam
195 3078 514 3112 monumentum
545 3072 818 3116 Adulitanum
857 3075 966 3133 (nisi
1002 3079 1168 3122 aliunde
1200 3083 1282 3125 huc

42 3128 283 3170 translatum
298 3131 424 3188 velis)
447 3133 603 3176 indicio
618 3137 670 3177 sit
691 3136 829 3179 locum
846 3138 933 3193 jam
961 3142 1039 3182 sub
1059 3144 1280 3187 Ptolemaeo

44 3189 107 3228 ΙΠ
131 3202 378 3246 occupatum
400 3195 524 3238 fuisse
546 3212 570 3238 a
591 3198 697 3241 duce
720 3201 902 3256 quodam
935 3206 1065 3258 regio,
1091 3209 1156 3247 cui
1180 3210 1278 3250 Dio-

44 3249 136 3290 dori
163 3266 314 3295 nomen
336 3256 459 3299 fuisse
479 3274 502 3299 e
531 3262 682 3317 Peripli
705 3263 841 3305 verbis
860 3267 1057 3321 suspicari
1079 3268 1187 3310 licet.
1216 3273 1279 3312 De

42 3312 229 3354 Diodoro
242 3316 393 3368 Samio,
406 3319 522 3374 cujus
533 3324 700 3365 tertium
711 3325 864 3368 librum
876 3328 1120 3371 Ptolemaeus
1131 3333 1166 3382 I,
1183 3347 1206 3386 7
1218 3334 1276 3374 ci-

42 3381 115 3423 tat,
137 3377 579 3429 cogitavitVincentus.
599 3388 852 3442 Droysenius
869 3391 1028 3432 Hellen.
1044 3394 1099 3443 II,
1115 3408 1157 3448 p.
1177 3398 1272 3449 740.

41 3435 195 3476 Adulin
225 3447 341 3492 putat
372 3441 542 3486 fortasse
568 3461 653 3488 non
683 3448 887 3492 diversam
920 3467 1007 3494 esse
1028 3469 1052 3495 a
1079 3457 1275 3500 Berenice

40 3498 277 3553 Panchryso
287 3531 299 3551 ,
321 3501 436 3557 cujus
450 3509 702 3550 mentionem
717 3512 872 3554 Plinius
886 3515 929 3554 in
944 3517 968 3556 J
971 3516 1061 3557 ubae
1075 3517 1189 3560 libris
1203 3520 1273 3562 de-

41 3559 247 3601 sideravit.
287 3564 384 3605 Haec
413 3566 560 3620 dubia3
586 3580 745 3613 certum
768 3583 829 3615 est
850 3575 1008 3618 dictum
1040 3584 1272 3636 emporium

39 3636 125 3662 esse
159 3623 210 3663 ab
243 3625 378 3666 Aduli
406 3638 540 3681 gente,
568 3636 756 3676 Danalcil
781 3646 993 3691 pastorum
1021 3651 1153 3697 parte,
1181 3659 1272 3700 quae

0 3681 1 3684 ’
39 3685 274 3727 etiamnunc
303 3688 412 3730 circa
440 3694 758 3749 Annesley-Baie
779 3699 823 3739 in
845 3703 987 3741 Desset
1016 3711 1056 3744 et
1082 3705 1272 3749 Dalmlac

38 3760 114 3790 nec
140 3762 225 3788 non
244 3749 288 3789 in
309 3752 501 3793 Haualcil
519 3755 662 3797 insulis
692 3758 818 3813 degit,
842 3771 991 3816 praeter
1010 3779 1162 3819 paucos
1195 3784 1271 3811 nu-

37 3823 152 3849 mero
179 3812 249 3864 qui
281 3814 409 3866 magis
441 3817 655 3859 meridiem
688 3835 829 3864 versus
866 3838 996 3880 prope
1024 3828 1105 3869 Ait
1133 3830 1269 3874 locum

36 3882 274 3915 occurrunt.
337 3878 487 3928 Quoad
508 3881 632 3922 situm
654 3887 843 3939 emporii,
867 3887 970 3939 aliis,
995 3898 1042 3930 ut
1062 3893 1268 3936 Vincento

37 3935 123 3987 (Π,
144 3950 186 3990 p.
214 3940 290 3986 104
306 3936 339 3993 ),
364 3939 510 3982 Adulis
532 3951 591 3984 est
616 3943 716 3986 hod.
745 3948 920 3998 Arhia-0,
947 3952 1012 3991 cui
1033 3967 1161 4007 quum
1183 3956 1268 3998 duo

34 3995 177 4039 insulae
199 3998 424 4054 adjaceant,
461 4003 628 4047 alteram
660 4008 826 4062 harum,
847 4012 889 4052 in
912 4027 993 4068 qua
1018 4029 1130 4058 nunc
1151 4021 1267 4061 Mas-

900 169 1196 220 PERIPLUS
1221 176 1421 225 -MARIS
1455 181 1799 232 ERYTHRAEL

2528 224 2615 264 259

1388 291 1473 326 tur.
1533 289 1667 331 Habet
1694 295 1928 347 emporium
1954 299 2204 342 testudinem
2229 309 2449 357 genuinam
2481 324 2521 356 et
2542 326 2623 360 ter-

1387 361 1558 395 restrem
1577 370 1767 410 paucam,
1793 369 1834 401 et
1854 362 1988 405 albam
2014 367 2246 410 minoribus
2268 375 2479 427 praeditam
2499 387 2623 428 testis.

1386 418 1546 462 Ibidem
1567 425 1821 481 quandoque
1841 431 2072 484 paullulum
2094 435 2252 488 eboris,
2279 441 2487 488 Adulitieo
2509 451 2623 493 simi-

1386 486 1450 538 lis,
1472 493 1692 545 reperitur.
1753 497 1947 539 Ceterum
1967 499 2082 541 locus
2105 514 2214 546 caret
2231 517 2371 561 portu,
2397 527 2444 554 ac
2466 519 2625 573 scaphis

1386 561 1546 596 tantum
1566 560 1720 613 praebet
1745 563 1905 606 aditum
1926 568 1942 619 (
1960 565 2167 625 ἐπιδρομήν
2184 575 2217 626 ).

1450 627 1492 673 4.
1519 628 1617 668 Post
1630 630 1925 675 Ptolemaidem
1947 638 2228 684 Venationum
2250 654 2311 687 ter
2336 650 2445 692 mille
2463 653 2623 698 circiter

1385 693 1613 737 stadiorum
1642 699 1856 743 intervallo
1885 705 2012 747 Aduli
2042 714 2275 766 emporium
2301 717 2530 773 legitimum
2557 740 2624 767 oc-

1383 763 1514 803 currit
1531 764 1574 804 in
1590 766 1684 824 sin-u
1699 769 1911 822 profundo
1927 788 2068 816 versus
2083 789 2282 825 austrum.
2315 789 2423 829 Ante
2438 790 2481 831 id
2493 793 2625 835 insula

1376 828 1486 883 ‚iacet
1515 834 1644 875 Orine
1676 851 1747 877 seu
1774 841 1966 883 Montosa
1997 844 2126 898 dicta,
2166 865 2257 905 quae
2282 855 2333 895 ab
2360 857 2505 901 intimo
2528 863 2622 904 sinu

1381 911 1527 940 versus
1547 900 1676 943 altum
1709 904 1901 949 ducentis
1933 910 2017 952 fere
2036 915 2174 956 stadiis
2196 918 2365 974 distans,
2384 925 2436 966 ad
2458 936 2622 970 utrum-

75 1006 98 1046 ἀ
127 1008 137 1023 ’
163 1003 207 1059 ἧς
222 1010 259 1050 οἱ
283 1009 344 1052 ἐπὶ
363 1012 618 1070 Πτολεμαίων
639 1022 694 1074 τῷ
711 1019 1115 1078 βασιλεῖθηρευθέντες
1133 1026 1314 1081 ἐνέδησαν
1383 1047 1497 1074 sawa
1514 1035 1629 1087 urbs,

1652 1039 1833 1082 Diodori»
1853 1043 2027 1087 insulam
2047 1049 2213 1103 habent,
2242 1053 2415 1110 Ὀρεινὴν
2433 1076 2530 1103 vero
2545 1066 2620 1105 Pe-

1381 1096 1475 1150 ripli
1498 1098 1541 1137 in
1557 1098 1658 1141 hod.
1680 1103 1870 1145 Dahalac
1887 1121 2126 1160 agnoscunt.
2146 1115 2226 1155 Alii
2243 1119 2447 1164 Ptolemaei
2470 1125 2618 1167 tabulis

1381 1156 1601 1201 innitentes
1635 1163 1791 1206 Adulin
1813 1180 2003 1222 quaerunt
2030 1173 2073 1213 in
2106 1175 2206 1217 hod.
2240 1181 2392 1232 Bailul,
2425 1194 2472 1226 ut
2501 1189 2618 1229 Man-

1379 1229 1520 1262 nertus
1539 1224 1595 1274 X,
1625 1239 1643 1265 1
1666 1240 1709 1281 p.
1734 1227 1801 1277 54.
1825 1228 2062 1276 Gos'selinus
2084 1236 2262 1294 denique
2282 1247 2431 1297 partim
2455 1248 2614 1302 ludens,

1377 1284 1528 1336 partim
1550 1300 1636 1327 non
1659 1289 1861 1333 intellecta
1879 1296 2027 1350 peripli
2057 1300 2181 1341 verba
2203 1304 2307 1344 male
2326 1307 2614 1363 interpretans,

1377 1345 1456 1386 tria
1477 1350 1676 1403 emporia,
1704 1353 1855 1406 quibus
1877 1355 2023 1398 Adulis
2052 1375 2205 1403 nomen
2229 1364 2365 1417 fuerit,
2400 1369 2587 1414 distinxit
2602 1391 2612 1424 ;

1374 1408 1510 1460 prima
1530 1410 1678 1453 harum
1699 1429 1812 1456 nunc
1832 1418 2008 1471 Arkiko,
2031 1422 2155 1464 altera
2177 1428 2331 1477 Assub,
2358 1433 2477 1473 tertia
2499 1443 2613 1477 ext-ra

1375 1467 1510 1511 fauces
1542 1474 1656 1514 sinus
1688 1475 1869 1529 detrusa,
1894 1480 1994 1522 hod.
2026 1485 2226 1540 Tupiuru.
2264 1491 2343 1531 Sed
2374 1493 2460 1535 haec
2493 1498 2611 1539 missa

1374 1528 1585 1575 faciamus.
1612 1536 1768 1578 Plinius
1783 1548 1927 1581 autem
1951 1557 1975 1583 a
1992 1545 2243 1589 Ptolemaide
2262 1551 2314 1591 ad
2331 1553 2484 1596 Adulin
2502 1573 2612 1600 com-

1373 1602 1491 1646 putat
1512 1598 1815 1651 navigationem
1845 1601 2007 1644 dierum
2037 1609 2235 1663 quinque,
2266 1627 2357 1667 quae
2376 1630 2426 1656 ex
2456 1619 2611 1674 vulgari

1372 1655 1528 1698 calculo
1546 1658 1652 1701 foret
1671 1661 1898 1705 stadiorum
1918 1679 2042 1709 2000.
2067 1672 2115 1710 In
2143 1674 2302 1728 periplo
2328 1677 2466 1718 minus
2490 1695 2610 1722 accu-

1370 1727 1457 1759 rate
1473 1732 1744 1765 numerantur
1762 1726 1891 1768 stadia
1907 1729 2015 1772 3000
2030 1746 2160 1788 usque
2177 1735 2229 1775 ad
2252 1737 2445 1780 intimum
2473 1742 2608 1785 sinum

1369 1779 1652 1835 Aduliticum;
1677 1800 1774 1827 nam
1793 1788 1891 1829 inde
1917 1790 1970 1831 ab
2003 1807 2053 1833 eo
2081 1794 2189 1846 loco,
2226 1799 2291 1837 cui
2314 1800 2608 1845 Ptolemaidem

1369 1843 1659 1896 assignandum
1687 1847 1882 1902 vidimus,
1914 1867 2044 1908 usque
2076 1856 2128 1897 ad
2156 1872 2362 1900 recessum
2392 1863 2504 1904 sinus
2537 1869 2607 1921 qui

1367 1918 1480 1946 nunc
1502 1917 1673 1950 vocatur
1693 1913 2035 1968 Annesley-Baie,
2060 1932 2142 1959 orae
2160 1920 2376 1975 longitudo
2395 1925 2437 1964 in
2458 1940 2606 1983 mappa

1367 1968 1672 2022 Berghausiana
1703 1982 1764 2014 est
1786 1975 2014 2019 stadiorum
2046 1981 2209 2023 circiter
2245 1988 2368 2033 2400.
2409 1989 2457 2033 In
2494 1989 2605 2032 hunc

1366 2044 1464 2071 vero
1497 2047 1704 2076 recessum
1733 2037 1993 2092 relegandam
2024 2057 2109 2084 esse
2142 2044 2313 2098 Adulin,
2349 2048 2446 2089 inde
2478 2050 2605 2105 liquet

1364 2094 1478 2147 quod
1497 2098 1741 2152 octingentis
1761 2101 1812 2141 ab
1834 2102 1958 2144 Aduli
1978 2105 2118 2146 stadiis
2138 2107 2190 2148 ad
2206 2109 2307 2150 alius
2326 2111 2440 2151 sinus
2460 2114 2604 2155 introi-

1363 2163 1453 2197 tum
1486 2161 1657 2214 reperiri
1693 2161 1846 2203 dicitur
1882 2164 1934 2219 (§
1956 2166 2008 2223 5)
2035 2167 2056 2207 ὁ
2079 2168 2231 2224 ὀψιανὸς
2262 2171 2368 2219 λίθος
2404 2173 2442 2213 ἐν
2479 2174 2601 2233 ἐκείνῃ

1365 2218 1462 2274 μόνῃ
1494 2226 1658 2269 τοπικῶς
1686 2227 1928 2280 γεννώμενος
1938 2244 1949 2278 3
1975 2243 2071 2270 nam
2094 2230 2209 2272 ducit
2238 2233 2326 2274 haec
2344 2249 2534 2278 mensura
2557 2240 2599 2279 in

1361 2282 1552 2323 Haucelcil
1573 2285 1687 2334 Baie,
1724 2287 1796 2327 ubi
1823 2304 1964 2345 reapse
1996 2294 2213 2347 opsianum
2246 2296 2423 2351 lapidem
2447 2302 2598 2354 reperit

1360 2343 1522 2385 Saltius.
1544 2348 1676 2387 Porro
1691 2349 1735 2387 in
1750 2350 1896 2391 intimo
1908 2355 2109 2406 Annesley·
2122 2357 2217 2396 sinu
2232 2366 2363 2398 exstat
2379 2363 2417 2398 Z
2420 2360 2504 2399 ulla
2514 2363 2596 2402 sivo

1367 2405 1514 2446 Thulla
1542 2409 1670 2459 vicus,
1696 2425 1718 2450 a
1737 2425 1821 2464 quo
1841 2427 1926 2453 non
1946 2415 2002 2455 ita
2018 2416 2139 2470 longe
2158 2432 2349 2461 occasum
2369 2435 2509 2462 versus
2528 2439 2595 2465 ve-

1359 2468 1457 2507 teris
1486 2469 1600 2509 urbis
1629 2479 1786 2513 exstare
1814 2475 1954 2515 ruinas
1973 2478 2124 2518 Azoole
2143 2479 2286 2532 dictas,
2312 2496 2363 2522 ex
2393 2483 2594 2538 indigenis

1359 2540 1603 2584 acceperunt
1620 2533 1807 2575 Valentia
1838 2545 1878 2576 et
1900 2538 2060 2589 Saltius,
2085 2540 2188 2582 adeo
2211 2551 2258 2583 ut
2289 2543 2487 2587 Aduliton
2511 2563 2595 2590 em-

1357 2593 1464 2646 porii
1483 2594 1570 2634 haec
1587 2609 1673 2636 esse
1690 2596 1841 2638 rudera
1863 2599 2038 2641 dubium
2057 2616 2143 2643 esse
2164 2604 2233 2644 vix
2256 2614 2392 2659 queat.
2418 2607 2481 2648 Cf.
2508 2612 2594 2651 Rit-

1357 2662 1419 2694 ter
1439 2657 1474 2705 Ι,
1489 2670 1532 2710 p.
1551 2658 1646 2710 239.
1665 2660 1715 2698 In
1735 2673 1885 2715 mappa
1900 2663 2173 2719 Moresbyana
2188 2667 2318 2707 ruinae
2336 2677 2533 2712 notantur
2549 2674 2590 2715 in

1357 2716 1470 2757 sinus
1486 2726 1603 2772 parte
1618 2719 1813 2761 interiore
1829 2723 2012 2778 quidem,
2038 2739 2123 2766 non
2143 2736 2281 2768 tamen
2300 2730 2459 2771 intima.
2486 2736 2589 2786 Quae

1355 2792 1458 2819 num
1489 2780 1541 2822 ad
1575 2794 1651 2821 nos
1673 2784 1919 2836 pertineant,
1941 2801 2018 2827 nec
2048 2803 2116 2839 ne,
2152 2789 2290 2831 dicere
2311 2806 2397 2836 non
2431 2794 2588 2847 habeo;

1353 2843 1584 2889 putaverim
1617 2850 1770 2885 tamen.
1804 2847 1994 2889 Ceterum
2020 2851 2133 2891 sinus
2156 2852 2403 2905 Aduliticus‚
2434 2857 2477 2896 in
2511 2871 2592 2902 200

1354 2898 1439 2941 fere
1468 2901 1696 2944 stadiorum
1723 2906 2025 2961 longitudinem
2054 2926 2194 2953 versus
2222 2913 2390 2956 boream
2420 2926 2562 2972 patens
2577 2952 2587 2968 ‚

1354 2962 1444 3003 altis
1459 2963 1569 3018 jugis
1587 2966 1814 3009 includitur
1835 2971 2032 3026 utrinque
2045 2989 2057 3023 3
2078 2973 2182 3014 latus
2206 2977 2414 3027 orientale,
2441 2980 2482 3019 in
2506 2994 2589 3034 quo

1352 3027 1523 3067 Hurtlzu
1544 3042 1679 3080 mons,
1704 3031 1996 3074 chersonesum
2023 3035 2162 3087 efficit,
2189 3052 2312 3091 quam
2344 3041 2585 3082 Ptolemaeus

1352 3088 1429 3137 IV,
1452 3102 1494 3141 7,
1526 3103 1611 3129 non
1641 3091 1684 3130 in
1707 3106 1782 3132 suo
1801 3101 1937 3134 tamen
1961 3095 2051 3136 loco
2073 3111 2245 3151 ponens,
2269 3108 2385 3140 vocat
2411 3100 2584 3155 Ὀρεινὴν

1353 3150 1609 3204 χερσόνησον.
1634 3153 1805 3207 Adjacet
1824 3157 1860 3195 ei
1878 3157 1919 3196 in
1932 3158 2021 3211 ipso
2040 3172 2155 3212 paene
2174 3161 2286 3200 sinus
2306 3162 2410 3201 ostio
2434 3163 2580 3213 insula,

1350 3211 1402 3252 ab
1417 3227 1580 3254 recessu
1598 3214 1676 3256 150
1691 3215 1774 3256 fere
1789 3216 1896 3273 (200
1913 3233 1992 3258 sec.
2010 3220 2246 3277 Periplum)
2265 3222 2395 3262 stadia
2410 3223 2579 3276 distans,

1355 3287 1478 3327 quam
1504 3290 1615 3316 nunc
1634 3280 1777 3318 Desset
1793 3278 1854 3318 vel
1880 3280 2075 3320 Valentia
2094 3291 2254 3333 vocant,
2275 3284 2424 3324 Noster
2444 3294 2580 3328 autem

1356 3335 1532 3391 Ὀρεινὴν
1572 3340 1759 3394 appellat,
1803 3343 2090 3394 cognominem
2130 3344 2281 3385 faciens
2317 3346 2577 3401 chersoneso,

1349 3413 1473 3454 quam
1494 3401 1625 3455 ipsam
1659 3416 1823 3456 quoque
1842 3404 1990 3458 paullo,
2005 3414 2097 3459 post
2119 3406 2272 3448 indicat
2300 3409 2434 3450 verbis
2461 3424 2469 3451 :
2497 3414 2580 3452 κατ’

1348 3460 1464 3513 αὐτὴν
1493 3461 1563 3513 τὴν
1590 3462 1628 3503 ἐν
1651 3466 1700 3519 τῇ·
1728 3462 1882 3521 Ὀρεινῇ
1895 3465 2074 3522 ἤπειρον,
2096 3469 2180 3510 sive
2199 3470 2444 3512 vertendum
2463 3482 2580 3528 putes

1346 3523 1405 3563 ud
1424 3523 1556 3580 ipsam
1586 3524 1722 3566 Orince
1743 3527 1887 3567 insulae
1906 3528 2088 3570 vicinam
2113 3532 2394 3583 continentem,
2419 3535 2503 3576 sive
2525 3538 2583 3577 acl

1347 3586 1479 3643 ipsam
1513 3588 1741 3629 Chersonesi
1767 3589 1903 3631 Orinae
1933 3593 2215 3636 continentem.
2238 3597 2287 3636 In
2322 3597 2473 3652 Geogr.
2499 3601 2570 3640 Ra-

1345 3664 1469 3690 venn.
1505 3652 1559 3691 V.
1590 3653 1637 3691 18
1662 3650 1714 3691 ad
1733 3651 1846 3693 hunc
1867 3661 2043 3695 tractum
2066 3658 2244 3710 pertinet
2274 3658 2421 3709 insula,
2454 3674 2574 3714 quam

1342 3720 1485 3752 auctor
1513 3712 1712 3753 barbarus
1732 3717 1983 3770 Proasprum
2018 3727 2151 3769 vocat,
2185 3733 2259 3773 ego
2289 3723 2474 3775 suspicor
2503 3736 2574 3762 no-

1341 3782 1465 3814 stram
1495 3789 1580 3814 esse
1608 3772 1678 3825 τὴν
1714 3776 1805 3831 πρὸ
1846 3776 2072 3833 Ὀρεινῆς
2115 3780 2429 3836 (χερσονήσου).
2469 3784 2483 3835 ΙΙ
2520 3807 2572 3815 ——-

1345 3849 1408 3877 10.
1432 3834 1455 3874 ἀ
1467 3836 1706 3892 πέχουσα]
1730 3838 1796 3879 Sic
1810 3839 1955 3894 scripsi
1973 3855 2050 3896 pro
2068 3841 2213 3896 ἔχουσα
2229 3842 2394 3883 codicis.
2412 3842 2568 3883 Eodem

1339 3899 1438 3938 vitio
1459 3901 1479 3950 S
1503 3899 1552 3951 37
1576 3897 1720 3952 ἔχουσα
1738 3914 1815 3955 pro
1838 3900 2033 3955 ἀπέχουσα
2051 3912 2090 3944 et
2106 3907 2128 3957 S
2147 3904 2193 3944 51
2214 3904 2357 3958 ἔχοντα
2380 3919 2456 3959 pro
2481 3903 2568 3945 ἀπέ-

1339 3976 1475 4015 χοντα.
1495 3959 1559 4001 Cf.
1574 3961 1815 4017 Bernhardy
1834 3962 1861 4003 l.
1883 3963 1910 4003 l.
1930 3978 1973 4018 p.
1989 3977 2057 4004 22.
2072 3965 2295 4016 Fabricius,
2314 3966 2383 4020 qui
2402 3980 2568 4020 mappas

1340 4021 1627 4076 geographicas
1660 4023 1860 4078 inspicere
1891 4039 1974 4064 non
1997 4027 2131 4079 potuit
2156 4035 2225 4067 aut
2247 4027 2394 4076 noluit,
2430 4027 2565 4068 locum

2360 4104 2409 4134 17.
