<?xml version="1.0" encoding="UTF-8"?>
<!DOCTYPE html PUBLIC "-//W3C//DTD XHTML 1.0 Transitional//EN"
    "http://www.w3.org/TR/xhtml1/DTD/xhtml1-transitional.dtd">
<html xmlns="http://www.w3.org/1999/xhtml" xml:lang="en" lang="en">
 <head>
  <title>
</title>
<meta http-equiv="Content-Type" content="text/html;charset=utf-8" />
  <meta name='ocr-system' content='tesseract 3.04.00' />
  <meta name='ocr-capabilities' content='ocr_page ocr_carea ocr_par ocr_line ocrx_word'/>
</head>
<body>
  <div class='ocr_page' id='page_1' title='image "./geographigraeci00mueluoft_0020.png"; bbox 0 0 2756 4354; ppageno 0'>
   <div class='ocr_carea' id='block_1_1' title="bbox 150 109 1661 177">
    <p class='ocr_par' dir='ltr' id='par_1_1' title="bbox 150 109 1661 177">
     <span class='ocr_line' id='line_1_1' title="bbox 150 109 1661 177; baseline -0.008 -8"><span class='ocrx_word' id='word_1_1' title='bbox 150 143 186 177; x_wconf 70' lang='grc' dir='ltr'>χ</span> <span class='ocrx_word' id='word_1_2' title='bbox 211 150 222 168; x_wconf 69' lang='grc'>-,</span> <span class='ocrx_word' id='word_1_3' title='bbox 1188 109 1661 161; x_wconf 72' lang='lat' dir='ltr'>PnoLmouENA.</span> 
     </span>
    </p>
   </div>
   <div class='ocr_carea' id='block_1_2' title="bbox 150 205 1399 1115">
    <p class='ocr_par' dir='ltr' id='par_1_2' title="bbox 150 205 1399 1115">
     <span class='ocr_line' id='line_1_2' title="bbox 151 205 1387 294; baseline -0.017 -15"><span class='ocrx_word' id='word_1_4' title='bbox 151 247 255 294; x_wconf 72' lang='lat' dir='ltr'>quae</span> <span class='ocrx_word' id='word_1_5' title='bbox 286 230 338 277; x_wconf 90' lang='lat' dir='ltr'>in</span> <span class='ocrx_word' id='word_1_6' title='bbox 368 205 540 292; x_wconf 54' lang='lat' dir='ltr'>pag&#39;na</span> <span class='ocrx_word' id='word_1_7' title='bbox 566 227 623 272; x_wconf 79' lang='grc' dir='ltr'>δι</span> <span class='ocrx_word' id='word_1_8' title='bbox 650 226 883 285; x_wconf 78' lang='lat' dir='ltr'>leguntur,</span> <span class='ocrx_word' id='word_1_9' title='bbox 907 219 1148 280; x_wconf 86' lang='lat' dir='ltr'>conjicias.</span> <span class='ocrx_word' id='word_1_10' title='bbox 1187 215 1304 260; x_wconf 81' lang='lat' dir='ltr'>ilinc</span> <span class='ocrx_word' id='word_1_11' title='bbox 1335 214 1387 260; x_wconf 89' lang='lat' dir='ltr'>in</span> 
     </span>
     <span class='ocr_line' id='line_1_3' title="bbox 150 288 1391 364; baseline -0.017 -11"><span class='ocrx_word' id='word_1_12' title='bbox 150 306 331 355; x_wconf 83' lang='lat' dir='ltr'>ltaliam</span> <span class='ocrx_word' id='word_1_13' title='bbox 354 303 638 364; x_wconf 72' lang='lat' dir='ltr'>migraverit,</span> <span class='ocrx_word' id='word_1_14' title='bbox 674 298 755 345; x_wconf 87' lang='lat' dir='ltr'>ubi</span> <span class='ocrx_word' id='word_1_15' title='bbox 787 297 1037 355; x_wconf 72' lang='lat' dir='ltr'>fragmenta</span> <span class='ocrx_word' id='word_1_16' title='bbox 1065 288 1314 336; x_wconf 69' lang='lat' dir='ltr'>Dicaearchi</span> <span class='ocrx_word' id='word_1_17' title='bbox 1345 298 1391 334; x_wconf 89' lang='lat' dir='ltr'>et</span> 
     </span>
     <span class='ocr_line' id='line_1_4' title="bbox 152 360 1390 442; baseline -0.019 -12"><span class='ocrx_word' id='word_1_18' title='bbox 152 380 359 442; x_wconf 71' lang='lat' dir='ltr'>seylacis</span> <span class='ocrx_word' id='word_1_19' title='bbox 379 378 612 441; x_wconf 82' lang='lat' dir='ltr'>periplum</span> <span class='ocrx_word' id='word_1_20' title='bbox 631 390 690 421; x_wconf 80' lang='lat' dir='ltr'>ex</span> <span class='ocrx_word' id='word_1_21' title='bbox 710 375 798 418; x_wconf 86' lang='lat' dir='ltr'>hoc</span> <span class='ocrx_word' id='word_1_22' title='bbox 820 373 940 432; x_wconf 86' lang='lat' dir='ltr'>ipso,</span> <span class='ocrx_word' id='word_1_23' title='bbox 971 376 1020 413; x_wconf 92' lang='lat' dir='ltr'>ut</span> <span class='ocrx_word' id='word_1_24' title='bbox 1038 364 1238 419; x_wconf 83' lang='lat' dir='ltr'>videtur,</span> <span class='ocrx_word' id='word_1_25' title='bbox 1266 360 1390 407; x_wconf 88' lang='lat' dir='ltr'>libro</span> 
     </span>
     <span class='ocr_line' id='line_1_5' title="bbox 153 436 1392 508; baseline -0.019 -5"><span class='ocrx_word' id='word_1_26' title='bbox 153 455 392 502; x_wconf 67' lang='lat' dir='ltr'>Mattheus</span> <span class='ocrx_word' id='word_1_27' title='bbox 411 452 606 499; x_wconf 81' lang='lat' dir='ltr'>Budaeus</span> <span class='ocrx_word' id='word_1_28' title='bbox 621 445 864 508; x_wconf 75' lang='lat' dir='ltr'>descripsit</span> <span class='ocrx_word' id='word_1_29' title='bbox 886 444 934 489; x_wconf 90' lang='lat' dir='ltr'>in</span> <span class='ocrx_word' id='word_1_30' title='bbox 949 440 1239 498; x_wconf 77' lang='lat' dir='ltr'><strong>Galliamque</strong></span> <span class='ocrx_word' id='word_1_31' title='bbox 1256 436 1392 482; x_wconf 87' lang='lat' dir='ltr'>allata</span> 
     </span>
     <span class='ocr_line' id='line_1_6' title="bbox 155 513 1389 590; baseline -0.019 -11"><span class='ocrx_word' id='word_1_32' title='bbox 155 531 356 578; x_wconf 73' lang='lat' dir='ltr'>flenrico</span> <span class='ocrx_word' id='word_1_33' title='bbox 388 528 619 590; x_wconf 87' lang='lat' dir='ltr'>Stephano</span> <span class='ocrx_word' id='word_1_34' title='bbox 654 521 839 571; x_wconf 79' lang='lat' dir='ltr'>tradidit</span> <span class='ocrx_word' id='word_1_35' title='bbox 875 518 1001 564; x_wconf 88' lang='lat' dir='ltr'>circa</span> <span class='ocrx_word' id='word_1_36' title='bbox 1037 530 1208 561; x_wconf 87' lang='lat' dir='ltr'>annum</span> <span class='ocrx_word' id='word_1_37' title='bbox 1253 513 1389 567; x_wconf 82' lang='lat'>1560,</span> 
     </span>
     <span class='ocr_line' id='line_1_7' title="bbox 154 586 1393 662; baseline -0.018 -10"><span class='ocrx_word' id='word_1_38' title='bbox 154 616 204 653; x_wconf 89' lang='lat' dir='ltr'>ut</span> <span class='ocrx_word' id='word_1_39' title='bbox 222 604 497 656; x_wconf 72' lang='lat' dir='ltr'>betronnius</span> <span class='ocrx_word' id='word_1_40' title='bbox 515 601 744 662; x_wconf 77' lang='lat' dir='ltr'>opinatur.</span> <span class='ocrx_word' id='word_1_41' title='bbox 765 594 878 639; x_wconf 82' lang='lat' dir='ltr'>Nam</span> <span class='ocrx_word' id='word_1_42' title='bbox 900 590 1159 652; x_wconf 75' lang='lat' dir='ltr'>Stephanus</span> <span class='ocrx_word' id='word_1_43' title='bbox 1178 589 1228 634; x_wconf 91' lang='lat' dir='ltr'>in</span> <span class='ocrx_word' id='word_1_44' title='bbox 1251 586 1393 632; x_wconf 89' lang='lat' dir='ltr'>Sche-</span> 
     </span>
     <span class='ocr_line' id='line_1_8' title="bbox 154 662 1389 733; baseline -0.019 -5"><span class='ocrx_word' id='word_1_45' title='bbox 154 680 389 726; x_wconf 85' lang='lat' dir='ltr'>diasmatis</span> <span class='ocrx_word' id='word_1_46' title='bbox 411 677 506 723; x_wconf 85' lang='lat' dir='ltr'>suis</span> <span class='ocrx_word' id='word_1_47' title='bbox 534 672 653 733; x_wconf 87' lang='lat' dir='ltr'>(Vl,</span> <span class='ocrx_word' id='word_1_48' title='bbox 683 671 909 728; x_wconf 74' lang='lat' dir='ltr'>14)anno</span> <span class='ocrx_word' id='word_1_49' title='bbox 938 666 1056 722; x_wconf 79' lang='lat'>1578</span> <span class='ocrx_word' id='word_1_50' title='bbox 1080 664 1145 710; x_wconf 90' lang='lat' dir='ltr'>ita</span> <span class='ocrx_word' id='word_1_51' title='bbox 1163 662 1351 723; x_wconf 74' lang='lat' dir='ltr'>scripsit</span> <span class='ocrx_word' id='word_1_52' title='bbox 1377 676 1389 707; x_wconf 74' lang='lat' dir='ltr'>z</span> 
     </span>
     <span class='ocr_line' id='line_1_9' title="bbox 161 742 1393 807; baseline -0.017 -5"><span class='ocrx_word' id='word_1_53' title='bbox 161 778 179 796; x_wconf 80' lang='lat'>‹-</span> <span class='ocrx_word' id='word_1_54' title='bbox 215 754 467 800; x_wconf 75' lang='lat' dir='ltr'>Dicaearche·</span> <span class='ocrx_word' id='word_1_55' title='bbox 511 746 896 807; x_wconf 82' lang='lat' dir='ltr'>Geographicon...</span> <span class='ocrx_word' id='word_1_56' title='bbox 930 758 1043 802; x_wconf 80' lang='lat' dir='ltr'>pars</span> <span class='ocrx_word' id='word_1_57' title='bbox 1094 742 1303 800; x_wconf 69' lang='lat' dir='ltr'>quaedam</span> <span class='ocrx_word' id='word_1_58' title='bbox 1347 743 1393 782; x_wconf 89' lang='lat' dir='ltr'>in</span> 
     </span>
     <span class='ocr_line' id='line_1_10' title="bbox 156 818 1394 875; baseline -0.015 0"><span class='ocrx_word' id='word_1_59' title='bbox 156 845 310 875; x_wconf 83' lang='lat' dir='ltr'>manus</span> <span class='ocrx_word' id='word_1_60' title='bbox 333 842 454 872; x_wconf 82' lang='lat' dir='ltr'>meas</span> <span class='ocrx_word' id='word_1_61' title='bbox 476 834 601 869; x_wconf 87' lang='lat' dir='ltr'>ante</span> <span class='ocrx_word' id='word_1_62' title='bbox 624 824 819 865; x_wconf 88' lang='lat' dir='ltr'>multos</span> <span class='ocrx_word' id='word_1_63' title='bbox 844 833 1019 863; x_wconf 84' lang='lat' dir='ltr'>annos</span> <span class='ocrx_word' id='word_1_64' title='bbox 1039 819 1185 861; x_wconf 88' lang='lat' dir='ltr'>allata</span> <span class='ocrx_word' id='word_1_65' title='bbox 1208 831 1268 859; x_wconf 77' lang='lat' dir='ltr'>ex</span> <span class='ocrx_word' id='word_1_66' title='bbox 1288 818 1394 859; x_wconf 90' lang='lat' dir='ltr'>Ita-</span> 
     </span>
     <span class='ocr_line' id='line_1_11' title="bbox 158 889 1388 949; baseline -0.015 0"><span class='ocrx_word' id='word_1_67' title='bbox 158 909 222 949; x_wconf 88' lang='lat' dir='ltr'>lia</span> <span class='ocrx_word' id='word_1_68' title='bbox 248 921 278 948; x_wconf 91' lang='lat' dir='ltr'>a</span> <span class='ocrx_word' id='word_1_69' title='bbox 304 901 524 947; x_wconf 79' lang='lat' dir='ltr'>Maeehaeo</span> <span class='ocrx_word' id='word_1_70' title='bbox 555 899 745 948; x_wconf 84' lang='lat' dir='ltr'>Budoeo,</span> <span class='ocrx_word' id='word_1_71' title='bbox 789 896 842 939; x_wconf 89' lang='lat' dir='ltr'>G.</span> <span class='ocrx_word' id='word_1_72' title='bbox 872 894 1037 939; x_wconf 78' lang='lat' dir='ltr'>Bacloei</span> <span class='ocrx_word' id='word_1_73' title='bbox 1054 892 1190 949; x_wconf 81' lang='lat' dir='ltr'>filio..</span> <span class='ocrx_word' id='word_1_74' title='bbox 1214 889 1330 947; x_wconf 89' lang='lat' dir='ltr'>fuit.</span> <span class='ocrx_word' id='word_1_75' title='bbox 1368 909 1388 930; x_wconf 69' lang='lat' dir='ltr'>n</span> 
     </span>
     <span class='ocr_line' id='line_1_12' title="bbox 158 964 1399 1025; baseline -0.014 0"><span class='ocrx_word' id='word_1_76' title='bbox 158 978 281 1025; x_wconf 90' lang='lat' dir='ltr'>ldem</span> <span class='ocrx_word' id='word_1_77' title='bbox 306 978 355 1022; x_wconf 90' lang='lat' dir='ltr'>in</span> <span class='ocrx_word' id='word_1_78' title='bbox 381 974 581 1020; x_wconf 75' lang='lat' dir='ltr'>editione</span> <span class='ocrx_word' id='word_1_79' title='bbox 627 966 880 1015; x_wconf 76' lang='lat' dir='ltr'>Dicaearchi</span> <span class='ocrx_word' id='word_1_80' title='bbox 903 982 977 1013; x_wconf 88' lang='lat' dir='ltr'>an.</span> <span class='ocrx_word' id='word_1_81' title='bbox 1022 965 1140 1025; x_wconf 83' lang='lat'>1589</span> <span class='ocrx_word' id='word_1_82' title='bbox 1175 980 1186 1008; x_wconf 72' lang='grc' dir='ltr'><strong><em>ε</em></strong></span> <span class='ocrx_word' id='word_1_83' title='bbox 1218 983 1237 1004; x_wconf 73' lang='grc' dir='ltr'><strong>α</strong></span> <span class='ocrx_word' id='word_1_84' title='bbox 1266 964 1399 1020; x_wconf 85' lang='lat' dir='ltr'>Quod</span> 
     </span>
     <span class='ocr_line' id='line_1_13' title="bbox 159 1040 1395 1115; baseline -0.015 -15"><span class='ocrx_word' id='word_1_85' title='bbox 159 1050 483 1115; x_wconf 85' lang='lat' dir='ltr'>(opusculum)</span> <span class='ocrx_word' id='word_1_86' title='bbox 508 1050 614 1092; x_wconf 86' lang='lat' dir='ltr'>olim</span> <span class='ocrx_word' id='word_1_87' title='bbox 637 1061 696 1089; x_wconf 69' lang='lat' dir='ltr'>a·</span> <span class='ocrx_word' id='word_1_88' title='bbox 726 1044 868 1088; x_wconf 85' lang='lat' dir='ltr'>Italia</span> <span class='ocrx_word' id='word_1_89' title='bbox 901 1041 1150 1085; x_wconf 79' lang='lat' dir='ltr'>Matthoeus</span> <span class='ocrx_word' id='word_1_90' title='bbox 1175 1040 1395 1095; x_wconf 83' lang='lat' dir='ltr'>Budoeus,</span> 
     </span>
    </p>
   </div>
   <div class='ocr_carea' id='block_1_3' title="bbox 155 1112 1406 3240">
    <p class='ocr_par' dir='ltr' id='par_1_3' title="bbox 155 1112 1406 3240">
     <span class='ocr_line' id='line_1_14' title="bbox 159 1112 1395 1180; baseline -0.012 -7"><span class='ocrx_word' id='word_1_91' title='bbox 159 1130 213 1175; x_wconf 87' lang='lat' dir='ltr'>G.</span> <span class='ocrx_word' id='word_1_92' title='bbox 240 1128 400 1171; x_wconf 83' lang='lat' dir='ltr'>Budaei</span> <span class='ocrx_word' id='word_1_93' title='bbox 410 1125 560 1180; x_wconf 84' lang='lat' dir='ltr'>filius,</span> <span class='ocrx_word' id='word_1_94' title='bbox 586 1121 749 1164; x_wconf 87' lang='lat' dir='ltr'>attulit.</span> <span class='ocrx_word' id='word_1_95' title='bbox 775 1115 847 1163; x_wconf 87' lang='lat' dir='ltr'>Cf.</span> <span class='ocrx_word' id='word_1_96' title='bbox 879 1114 1001 1161; x_wconf 89' lang='lat' dir='ltr'>idem</span> <span class='ocrx_word' id='word_1_97' title='bbox 1032 1115 1083 1160; x_wconf 91' lang='lat' dir='ltr'>in</span> <span class='ocrx_word' id='word_1_98' title='bbox 1107 1113 1316 1175; x_wconf 83' lang='lat' dir='ltr'>Epistola</span> <span class='ocrx_word' id='word_1_99' title='bbox 1337 1112 1395 1178; x_wconf 69' lang='lat' dir='ltr'>ad</span> 
     </span>
     <span class='ocr_line' id='line_1_15' title="bbox 155 1191 1397 1250; baseline -0.012 -2"><span class='ocrx_word' id='word_1_100' title='bbox 155 1202 390 1248; x_wconf 73' lang='lat' dir='ltr'>Nicolaum</span> <span class='ocrx_word' id='word_1_101' title='bbox 432 1196 578 1243; x_wconf 86' lang='lat' dir='ltr'>Brull.</span> <span class='ocrx_word' id='word_1_102' title='bbox 624 1211 635 1240; x_wconf 79' lang='lat' dir='ltr'>t</span> <span class='ocrx_word' id='word_1_103' title='bbox 680 1216 700 1235; x_wconf 72' lang='grc' dir='ltr'><strong>α</strong></span> <span class='ocrx_word' id='word_1_104' title='bbox 739 1197 855 1239; x_wconf 84' lang='lat' dir='ltr'>Hoec</span> <span class='ocrx_word' id='word_1_105' title='bbox 893 1203 1041 1237; x_wconf 87' lang='lat' dir='ltr'>autem</span> <span class='ocrx_word' id='word_1_106' title='bbox 1084 1191 1397 1250; x_wconf 73' lang='lat' dir='ltr'>Geographica</span> 
     </span>
     <span class='ocr_line' id='line_1_16' title="bbox 158 1256 1397 1339; baseline -0.011 -16"><span class='ocrx_word' id='word_1_107' title='bbox 158 1274 441 1339; x_wconf 63' lang='lat' dir='ltr'>(Dicaearchi</span> <span class='ocrx_word' id='word_1_108' title='bbox 469 1269 754 1332; x_wconf 80' lang='lat' dir='ltr'>fragmenta)</span> <span class='ocrx_word' id='word_1_109' title='bbox 788 1256 894 1313; x_wconf 65' lang='lat' dir='ltr'>ante</span> <span class='ocrx_word' id='word_1_110' title='bbox 926 1266 1087 1312; x_wconf 73' lang='lat' dir='ltr'>multos</span> <span class='ocrx_word' id='word_1_111' title='bbox 1125 1282 1266 1311; x_wconf 78' lang='lat' dir='ltr'>annos</span> <span class='ocrx_word' id='word_1_112' title='bbox 1292 1271 1397 1323; x_wconf 80' lang='lat' dir='ltr'>Jam</span> 
     </span>
     <span class='ocr_line' id='line_1_17' title="bbox 156 1343 1402 1410; baseline -0.01 -13"><span class='ocrx_word' id='word_1_113' title='bbox 156 1367 338 1410; x_wconf 71' lang='lat' dir='ltr'>excusa,</span> <span class='ocrx_word' id='word_1_114' title='bbox 358 1352 453 1394; x_wconf 87' lang='lat' dir='ltr'>ideo</span> <span class='ocrx_word' id='word_1_115' title='bbox 477 1364 563 1392; x_wconf 87' lang='lat' dir='ltr'>non</span> <span class='ocrx_word' id='word_1_116' title='bbox 590 1353 722 1406; x_wconf 87' lang='lat' dir='ltr'>prius</span> <span class='ocrx_word' id='word_1_117' title='bbox 754 1346 892 1399; x_wconf 84' lang='lat' dir='ltr'>edidi,</span> <span class='ocrx_word' id='word_1_118' title='bbox 932 1344 1053 1403; x_wconf 83' lang='lat' dir='ltr'>quod</span> <span class='ocrx_word' id='word_1_119' title='bbox 1080 1343 1310 1400; x_wconf 87' lang='lat' dir='ltr'>cujusdam</span> <span class='ocrx_word' id='word_1_120' title='bbox 1335 1343 1402 1386; x_wconf 85' lang='lat' dir='ltr'>ad</span> 
     </span>
     <span class='ocr_line' id='line_1_18' title="bbox 158 1418 1400 1477; baseline -0.01 -5"><span class='ocrx_word' id='word_1_121' title='bbox 158 1430 241 1472; x_wconf 87' lang='lat' dir='ltr'>illa</span> <span class='ocrx_word' id='word_1_122' title='bbox 278 1428 546 1475; x_wconf 85' lang='lat' dir='ltr'>accessionis,</span> <span class='ocrx_word' id='word_1_123' title='bbox 584 1426 699 1466; x_wconf 87' lang='lat' dir='ltr'>sicut</span> <span class='ocrx_word' id='word_1_124' title='bbox 743 1422 807 1464; x_wconf 84' lang='lat' dir='ltr'>ad</span> <span class='ocrx_word' id='word_1_125' title='bbox 839 1434 895 1463; x_wconf 84' lang='lat' dir='ltr'>ea</span> <span class='ocrx_word' id='word_1_126' title='bbox 925 1419 1154 1476; x_wconf 71' lang='lat' dir='ltr'>Squacis,</span> <span class='ocrx_word' id='word_1_127' title='bbox 1195 1433 1296 1477; x_wconf 86' lang='lat' dir='ltr'>quoe</span> <span class='ocrx_word' id='word_1_128' title='bbox 1338 1418 1400 1461; x_wconf 86' lang='lat' dir='ltr'>ab</span> 
     </span>
     <span class='ocr_line' id='line_1_19' title="bbox 157 1491 1399 1560; baseline -0.01 -11"><span class='ocrx_word' id='word_1_129' title='bbox 157 1505 308 1549; x_wconf 79' lang='lat' dir='ltr'>eodem</span> <span class='ocrx_word' id='word_1_130' title='bbox 324 1516 592 1560; x_wconf 84' lang='lat' dir='ltr'>acceperam,</span> <span class='ocrx_word' id='word_1_131' title='bbox 611 1502 870 1558; x_wconf 79' lang='lat' dir='ltr'>pariterque</span> <span class='ocrx_word' id='word_1_132' title='bbox 887 1496 1167 1556; x_wconf 83' lang='lat' dir='ltr'>quarundam</span> <span class='ocrx_word' id='word_1_133' title='bbox 1182 1491 1399 1538; x_wconf 65' lang='lat' dir='ltr'>Emenda-</span> 
     </span>
     <span class='ocr_line' id='line_1_20' title="bbox 160 1570 1401 1634; baseline -0.01 -10"><span class='ocrx_word' id='word_1_134' title='bbox 160 1584 325 1624; x_wconf 81' lang='lat' dir='ltr'>tionum</span> <span class='ocrx_word' id='word_1_135' title='bbox 335 1575 474 1634; x_wconf 87' lang='lat' dir='ltr'>sacta</span> <span class='ocrx_word' id='word_1_136' title='bbox 498 1575 606 1619; x_wconf 79' lang='lat' dir='ltr'>mihi</span> <span class='ocrx_word' id='word_1_137' title='bbox 622 1589 722 1633; x_wconf 87' lang='lat' dir='ltr'>spes</span> <span class='ocrx_word' id='word_1_138' title='bbox 740 1582 868 1619; x_wconf 89' lang='lat' dir='ltr'>esset.</span> <span class='ocrx_word' id='word_1_139' title='bbox 894 1572 988 1615; x_wconf 86' lang='lat' dir='ltr'>Sed</span> <span class='ocrx_word' id='word_1_140' title='bbox 1011 1585 1143 1629; x_wconf 88' lang='lat' dir='ltr'>quum</span> <span class='ocrx_word' id='word_1_141' title='bbox 1162 1570 1401 1628; x_wconf 80' lang='lat' dir='ltr'>desperare</span> 
     </span>
     <span class='ocr_line' id='line_1_21' title="bbox 159 1645 1399 1711; baseline -0.009 -13"><span class='ocrx_word' id='word_1_142' title='bbox 159 1670 214 1698; x_wconf 83' lang='lat' dir='ltr'>ea</span> <span class='ocrx_word' id='word_1_143' title='bbox 236 1656 291 1697; x_wconf 85' lang='lat' dir='ltr'>de</span> <span class='ocrx_word' id='word_1_144' title='bbox 312 1669 361 1697; x_wconf 82' lang='lat' dir='ltr'>re</span> <span class='ocrx_word' id='word_1_145' title='bbox 379 1657 616 1711; x_wconf 79' lang='lat' dir='ltr'>ccepissem‚</span> <span class='ocrx_word' id='word_1_146' title='bbox 641 1651 698 1693; x_wconf 84' lang='lat' dir='ltr'>de</span> <span class='ocrx_word' id='word_1_147' title='bbox 720 1648 972 1693; x_wconf 79' lang='lat' dir='ltr'>emittendis</span> <span class='ocrx_word' id='word_1_148' title='bbox 987 1647 1166 1690; x_wconf 86' lang='lat' dir='ltr'>tandem</span> <span class='ocrx_word' id='word_1_149' title='bbox 1189 1659 1291 1704; x_wconf 80' lang='lat' dir='ltr'>quae</span> <span class='ocrx_word' id='word_1_150' title='bbox 1308 1645 1399 1688; x_wconf 83' lang='lat' dir='ltr'>do·-</span> 
     </span>
     <span class='ocr_line' id='line_1_22' title="bbox 161 1722 1398 1785; baseline -0.007 -12"><span class='ocrx_word' id='word_1_151' title='bbox 161 1746 255 1773; x_wconf 86' lang='lat' dir='ltr'>mus</span> <span class='ocrx_word' id='word_1_152' title='bbox 270 1729 437 1772; x_wconf 85' lang='lat' dir='ltr'>tamdiu</span> <span class='ocrx_word' id='word_1_153' title='bbox 451 1727 698 1785; x_wconf 85' lang='lat' dir='ltr'>parietibus</span> <span class='ocrx_word' id='word_1_154' title='bbox 714 1726 881 1767; x_wconf 89' lang='lat' dir='ltr'>inclusa</span> <span class='ocrx_word' id='word_1_155' title='bbox 900 1730 1166 1773; x_wconf 81' lang='lat' dir='ltr'>manserant,</span> <span class='ocrx_word' id='word_1_156' title='bbox 1191 1722 1398 1778; x_wconf 79' lang='lat' dir='ltr'>cogitavi.</span> 
     </span>
     <span class='ocr_line' id='line_1_23' title="bbox 162 1794 1401 1861; baseline -0.008 -11"><span class='ocrx_word' id='word_1_157' title='bbox 162 1803 376 1850; x_wconf 83' lang='lat' dir='ltr'>Codicem</span> <span class='ocrx_word' id='word_1_158' title='bbox 400 1817 512 1847; x_wconf 75' lang='lat' dir='ltr'>vero</span> <span class='ocrx_word' id='word_1_159' title='bbox 536 1816 671 1861; x_wconf 87' lang='lat' dir='ltr'>quem</span> <span class='ocrx_word' id='word_1_160' title='bbox 702 1799 896 1845; x_wconf 78' lang='lat' dir='ltr'>Budaeus</span> <span class='ocrx_word' id='word_1_161' title='bbox 916 1796 1179 1859; x_wconf 81' lang='lat' dir='ltr'>exscripsit,</span> <span class='ocrx_word' id='word_1_162' title='bbox 1204 1794 1401 1842; x_wconf 83' lang='lat' dir='ltr'>eundem</span> 
     </span>
     <span class='ocr_line' id='line_1_24' title="bbox 161 1871 1403 1934; baseline -0.008 -8"><span class='ocrx_word' id='word_1_163' title='bbox 161 1894 262 1926; x_wconf 82' lang='lat' dir='ltr'>esse</span> <span class='ocrx_word' id='word_1_164' title='bbox 274 1894 377 1926; x_wconf 91' lang='lat' dir='ltr'>cum</span> <span class='ocrx_word' id='word_1_165' title='bbox 392 1887 549 1923; x_wconf 89' lang='lat' dir='ltr'>nostro</span> <span class='ocrx_word' id='word_1_166' title='bbox 566 1892 657 1921; x_wconf 90' lang='lat' dir='ltr'>non</span> <span class='ocrx_word' id='word_1_167' title='bbox 674 1875 978 1922; x_wconf 83' lang='lat' dir='ltr'>certissimum</span> <span class='ocrx_word' id='word_1_168' title='bbox 1000 1872 1207 1934; x_wconf 89' lang='lat' dir='ltr'>quidem,</span> <span class='ocrx_word' id='word_1_169' title='bbox 1226 1871 1304 1917; x_wconf 91' lang='lat' dir='ltr'>sed</span> <span class='ocrx_word' id='word_1_170' title='bbox 1318 1886 1403 1933; x_wconf 88' lang='lat' dir='ltr'>per</span> 
     </span>
     <span class='ocr_line' id='line_1_25' title="bbox 163 1948 1401 2013; baseline -0.006 -11"><span class='ocrx_word' id='word_1_171' title='bbox 163 1965 233 2002; x_wconf 82' lang='lat' dir='ltr'>est</span> <span class='ocrx_word' id='word_1_172' title='bbox 251 1954 521 2001; x_wconf 77' lang='lat' dir='ltr'>verisimile.</span> <span class='ocrx_word' id='word_1_173' title='bbox 534 1953 647 1999; x_wconf 84' lang='lat' dir='ltr'>Nam</span> <span class='ocrx_word' id='word_1_174' title='bbox 662 1952 969 2013; x_wconf 87' lang='lat' dir='ltr'>Stephaniana</span> <span class='ocrx_word' id='word_1_175' title='bbox 987 1949 1240 1995; x_wconf 85' lang='lat' dir='ltr'>Dicaearchi</span> <span class='ocrx_word' id='word_1_176' title='bbox 1257 1948 1401 1994; x_wconf 89' lang='lat' dir='ltr'>editio</span> 
     </span>
     <span class='ocr_line' id='line_1_26' title="bbox 164 2025 1401 2089; baseline -0.005 -13"><span class='ocrx_word' id='word_1_177' title='bbox 164 2030 282 2089; x_wconf 89' lang='lat' dir='ltr'>(non</span> <span class='ocrx_word' id='word_1_178' title='bbox 295 2030 450 2089; x_wconf 80' lang='lat' dir='ltr'>ignota</span> <span class='ocrx_word' id='word_1_179' title='bbox 468 2029 548 2074; x_wconf 89' lang='lat' dir='ltr'>illa</span> <span class='ocrx_word' id='word_1_180' title='bbox 565 2027 822 2073; x_wconf 84' lang='lat' dir='ltr'>lloeschelio</span> <span class='ocrx_word' id='word_1_181' title='bbox 839 2027 851 2087; x_wconf 88' lang='lat'><em>)</em></span> <span class='ocrx_word' id='word_1_182' title='bbox 868 2027 930 2072; x_wconf 88' lang='lat' dir='ltr'>ita</span> <span class='ocrx_word' id='word_1_183' title='bbox 949 2042 1052 2071; x_wconf 90' lang='lat' dir='ltr'>cum</span> <span class='ocrx_word' id='word_1_184' title='bbox 1068 2025 1224 2071; x_wconf 86' lang='lat' dir='ltr'>codice</span> <span class='ocrx_word' id='word_1_185' title='bbox 1241 2034 1401 2070; x_wconf 78' lang='lat' dir='ltr'>nostro</span> 
     </span>
     <span class='ocr_line' id='line_1_27' title="bbox 165 2100 1403 2166; baseline -0.003 -15"><span class='ocrx_word' id='word_1_186' title='bbox 165 2106 287 2162; x_wconf 77' lang='lat' dir='ltr'>facit,</span> <span class='ocrx_word' id='word_1_187' title='bbox 315 2115 365 2151; x_wconf 93' lang='lat' dir='ltr'>ut</span> <span class='ocrx_word' id='word_1_188' title='bbox 384 2115 461 2151; x_wconf 90' lang='lat' dir='ltr'>aut</span> <span class='ocrx_word' id='word_1_189' title='bbox 482 2104 603 2150; x_wconf 89' lang='lat' dir='ltr'>hunc</span> <span class='ocrx_word' id='word_1_190' title='bbox 628 2105 780 2166; x_wconf 88' lang='lat' dir='ltr'>ipsum</span> <span class='ocrx_word' id='word_1_191' title='bbox 805 2114 882 2149; x_wconf 90' lang='lat' dir='ltr'>aut</span> <span class='ocrx_word' id='word_1_192' title='bbox 901 2102 1107 2162; x_wconf 85' lang='lat' dir='ltr'>ignotum</span> <span class='ocrx_word' id='word_1_193' title='bbox 1143 2100 1280 2147; x_wconf 90' lang='lat' dir='ltr'>nobis</span> <span class='ocrx_word' id='word_1_194' title='bbox 1302 2100 1403 2161; x_wconf 87' lang='lat' dir='ltr'>ejus</span> 
     </span>
     <span class='ocr_line' id='line_1_28' title="bbox 162 2178 1401 2245; baseline -0.005 -16"><span class='ocrx_word' id='word_1_195' title='bbox 162 2181 461 2245; x_wconf 81' lang='lat' dir='ltr'>apographon</span> <span class='ocrx_word' id='word_1_196' title='bbox 475 2181 680 2228; x_wconf 79' lang='lat' dir='ltr'>Budaeus</span> <span class='ocrx_word' id='word_1_197' title='bbox 714 2181 775 2227; x_wconf 94' lang='lat' dir='ltr'>ob</span> <span class='ocrx_word' id='word_1_198' title='bbox 802 2180 961 2227; x_wconf 92' lang='lat' dir='ltr'>oculos</span> <span class='ocrx_word' id='word_1_199' title='bbox 984 2178 1201 2225; x_wconf 87' lang='lat' dir='ltr'>habuisse</span> <span class='ocrx_word' id='word_1_200' title='bbox 1225 2178 1401 2224; x_wconf 89' lang='lat' dir='ltr'>debeat.</span> 
     </span>
     <span class='ocr_line' id='line_1_29' title="bbox 162 2256 1405 2317; baseline -0.003 -12"><span class='ocrx_word' id='word_1_201' title='bbox 162 2259 347 2306; x_wconf 81' lang='lat' dir='ltr'>Certum</span> <span class='ocrx_word' id='word_1_202' title='bbox 359 2274 470 2306; x_wconf 77' lang='lat' dir='ltr'>vero</span> <span class='ocrx_word' id='word_1_203' title='bbox 491 2269 559 2305; x_wconf 88' lang='lat' dir='ltr'>est</span> <span class='ocrx_word' id='word_1_204' title='bbox 574 2268 679 2304; x_wconf 89' lang='lat' dir='ltr'>ante</span> <span class='ocrx_word' id='word_1_205' title='bbox 694 2258 849 2305; x_wconf 86' lang='lat' dir='ltr'>Budaei</span> <span class='ocrx_word' id='word_1_206' title='bbox 868 2267 1041 2302; x_wconf 82' lang='lat' dir='ltr'>aetatem</span> <span class='ocrx_word' id='word_1_207' title='bbox 1064 2256 1306 2317; x_wconf 87' lang='lat' dir='ltr'>complura</span> <span class='ocrx_word' id='word_1_208' title='bbox 1321 2271 1405 2301; x_wconf 89' lang='lat' dir='ltr'>no-</span> 
     </span>
     <span class='ocr_line' id='line_1_30' title="bbox 162 2335 1403 2400; baseline -0.004 -14"><span class='ocrx_word' id='word_1_209' title='bbox 162 2340 245 2386; x_wconf 87' lang='lat' dir='ltr'>stri</span> <span class='ocrx_word' id='word_1_210' title='bbox 272 2340 447 2386; x_wconf 88' lang='lat' dir='ltr'>codicis</span> <span class='ocrx_word' id='word_1_211' title='bbox 476 2340 707 2386; x_wconf 84' lang='lat' dir='ltr'>exstitisse</span> <span class='ocrx_word' id='word_1_212' title='bbox 729 2338 996 2400; x_wconf 85' lang='lat' dir='ltr'>apographa</span> <span class='ocrx_word' id='word_1_213' title='bbox 1013 2372 1026 2395; x_wconf 85' lang='lat'><strong>‚</strong></span> <span class='ocrx_word' id='word_1_214' title='bbox 1059 2352 1201 2396; x_wconf 91' lang='lat' dir='ltr'>quum</span> <span class='ocrx_word' id='word_1_215' title='bbox 1229 2335 1403 2382; x_wconf 86' lang='lat' dir='ltr'>librum</span> 
     </span>
     <span class='ocr_line' id='line_1_31' title="bbox 163 2415 1404 2463; baseline -0.002 0"><span class='ocrx_word' id='word_1_216' title='bbox 163 2417 418 2463; x_wconf 82' lang='lat' dir='ltr'>Palatinum</span> <span class='ocrx_word' id='word_1_217' title='bbox 437 2417 537 2462; x_wconf 78' lang='lat' dir='ltr'>sive</span> <span class='ocrx_word' id='word_1_218' title='bbox 552 2415 819 2461; x_wconf 81' lang='lat' dir='ltr'>Vaticanum</span> <span class='ocrx_word' id='word_1_219' title='bbox 838 2426 883 2460; x_wconf 86' lang='lat' dir='ltr'>et</span> <span class='ocrx_word' id='word_1_220' title='bbox 902 2415 1285 2461; x_wconf 82' lang='lat' dir='ltr'>Hervuartianum</span> <span class='ocrx_word' id='word_1_221' title='bbox 1304 2415 1404 2461; x_wconf 88' lang='lat' dir='ltr'>sive</span> 
     </span>
     <span class='ocr_line' id='line_1_32' title="bbox 162 2494 1406 2543; baseline -0.002 -1"><span class='ocrx_word' id='word_1_222' title='bbox 162 2496 476 2542; x_wconf 62' lang='lat' dir='ltr'>monacensem</span> <span class='ocrx_word' id='word_1_223' title='bbox 498 2511 554 2540; x_wconf 83' lang='lat' dir='ltr'>ex</span> <span class='ocrx_word' id='word_1_224' title='bbox 581 2512 635 2540; x_wconf 87' lang='lat' dir='ltr'>eo</span> <span class='ocrx_word' id='word_1_225' title='bbox 653 2494 864 2543; x_wconf 87' lang='lat' dir='ltr'>derivare</span> <span class='ocrx_word' id='word_1_226' title='bbox 884 2495 986 2539; x_wconf 91' lang='lat' dir='ltr'>luce</span> <span class='ocrx_word' id='word_1_227' title='bbox 1014 2494 1184 2539; x_wconf 88' lang='lat' dir='ltr'>clarius</span> <span class='ocrx_word' id='word_1_228' title='bbox 1215 2495 1290 2541; x_wconf 89' lang='lat' dir='ltr'>sit.</span> <span class='ocrx_word' id='word_1_229' title='bbox 1318 2494 1406 2540; x_wconf 87' lang='lat' dir='ltr'>Ce-</span> 
     </span>
     <span class='ocr_line' id='line_1_33' title="bbox 163 2572 1401 2629; baseline -0.003 -7"><span class='ocrx_word' id='word_1_230' title='bbox 163 2586 308 2622; x_wconf 87' lang='lat' dir='ltr'>terum</span> <span class='ocrx_word' id='word_1_231' title='bbox 348 2576 450 2620; x_wconf 80' lang='lat' dir='ltr'>itali</span> <span class='ocrx_word' id='word_1_232' title='bbox 478 2575 650 2620; x_wconf 84' lang='lat' dir='ltr'>codicis</span> <span class='ocrx_word' id='word_1_233' title='bbox 683 2573 893 2621; x_wconf 87' lang='lat' dir='ltr'>meminit</span> <span class='ocrx_word' id='word_1_234' title='bbox 929 2573 1066 2618; x_wconf 90' lang='lat' dir='ltr'>etiam</span> <span class='ocrx_word' id='word_1_235' title='bbox 1109 2572 1401 2629; x_wconf 83' lang='lat' dir='ltr'>llolstenius,</span> 
     </span>
     <span class='ocr_line' id='line_1_34' title="bbox 164 2649 1405 2713; baseline -0.004 -15"><span class='ocrx_word' id='word_1_236' title='bbox 164 2667 438 2713; x_wconf 86' lang='lat' dir='ltr'>quamquam</span> <span class='ocrx_word' id='word_1_237' title='bbox 464 2668 554 2696; x_wconf 90' lang='lat' dir='ltr'>non</span> <span class='ocrx_word' id='word_1_238' title='bbox 580 2653 677 2713; x_wconf 87' lang='lat' dir='ltr'>ipse</span> <span class='ocrx_word' id='word_1_239' title='bbox 696 2667 799 2698; x_wconf 85' lang='lat' dir='ltr'>eum</span> <span class='ocrx_word' id='word_1_240' title='bbox 833 2650 1025 2710; x_wconf 78' lang='lat' dir='ltr'>vidisse,</span> <span class='ocrx_word' id='word_1_241' title='bbox 1051 2649 1130 2694; x_wconf 85' lang='lat' dir='ltr'>sed</span> <span class='ocrx_word' id='word_1_242' title='bbox 1162 2649 1349 2694; x_wconf 87' lang='lat' dir='ltr'>nonnisi</span> <span class='ocrx_word' id='word_1_243' title='bbox 1380 2664 1405 2693; x_wconf 91' lang='lat' dir='ltr'>e</span> 
     </span>
     <span class='ocr_line' id='line_1_35' title="bbox 166 2723 1406 2789; baseline -0.002 -17"><span class='ocrx_word' id='word_1_244' title='bbox 166 2727 383 2789; x_wconf 80' lang='lat' dir='ltr'>Stephani</span> <span class='ocrx_word' id='word_1_245' title='bbox 406 2726 528 2772; x_wconf 86' lang='lat' dir='ltr'>libro</span> <span class='ocrx_word' id='word_1_246' title='bbox 546 2728 732 2773; x_wconf 82' lang='lat' dir='ltr'>novisse</span> <span class='ocrx_word' id='word_1_247' title='bbox 750 2725 981 2789; x_wconf 89' lang='lat' dir='ltr'>putandus</span> <span class='ocrx_word' id='word_1_248' title='bbox 1000 2734 1082 2771; x_wconf 62' lang='grc' dir='ltr'>αἱ.</span> <span class='ocrx_word' id='word_1_249' title='bbox 1104 2723 1170 2770; x_wconf 85' lang='lat' dir='ltr'>lta</span> <span class='ocrx_word' id='word_1_250' title='bbox 1189 2724 1311 2770; x_wconf 89' lang='lat' dir='ltr'>enim</span> <span class='ocrx_word' id='word_1_251' title='bbox 1332 2723 1406 2769; x_wconf 85' lang='lat' dir='ltr'>ha·</span> 
     </span>
     <span class='ocr_line' id='line_1_36' title="bbox 167 2801 1401 2863; baseline 0 -15"><span class='ocrx_word' id='word_1_252' title='bbox 167 2801 243 2848; x_wconf 89' lang='lat' dir='ltr'>bet</span> <span class='ocrx_word' id='word_1_253' title='bbox 276 2803 324 2848; x_wconf 94' lang='lat' dir='ltr'>in</span> <span class='ocrx_word' id='word_1_254' title='bbox 359 2803 535 2849; x_wconf 81' lang='lat' dir='ltr'>Praesat.</span> <span class='ocrx_word' id='word_1_255' title='bbox 573 2804 627 2848; x_wconf 89' lang='lat' dir='ltr'>ad</span> <span class='ocrx_word' id='word_1_256' title='bbox 660 2803 912 2850; x_wconf 84' lang='lat' dir='ltr'>Dicaearch.</span> <span class='ocrx_word' id='word_1_257' title='bbox 948 2803 1022 2848; x_wconf 90' lang='lat' dir='ltr'>ed.</span> <span class='ocrx_word' id='word_1_258' title='bbox 1062 2801 1214 2849; x_wconf 85' lang='lat' dir='ltr'>Manzi</span> <span class='ocrx_word' id='word_1_259' title='bbox 1254 2817 1302 2863; x_wconf 87' lang='lat' dir='ltr'>p.</span> <span class='ocrx_word' id='word_1_260' title='bbox 1330 2818 1354 2858; x_wconf 92' lang='lat'>7</span> <span class='ocrx_word' id='word_1_261' title='bbox 1390 2818 1401 2848; x_wconf 72' lang='grc' dir='ltr'><strong>ε</strong></span> 
     </span>
     <span class='ocr_line' id='line_1_37' title="bbox 166 2877 1404 2938; baseline -0.002 -16"><span class='ocrx_word' id='word_1_262' title='bbox 166 2879 423 2922; x_wconf 75' lang='lat' dir='ltr'>Dicoearclii</span> <span class='ocrx_word' id='word_1_263' title='bbox 439 2877 706 2938; x_wconf 80' lang='lat' dir='ltr'>fragmenta</span> <span class='ocrx_word' id='word_1_264' title='bbox 739 2883 949 2924; x_wconf 85' lang='lat' dir='ltr'>chricus</span> <span class='ocrx_word' id='word_1_265' title='bbox 989 2878 1243 2938; x_wconf 81' lang='lat' dir='ltr'>Stephanus</span> <span class='ocrx_word' id='word_1_266' title='bbox 1275 2881 1404 2936; x_wconf 87' lang='lat' dir='ltr'>prin-</span> 
     </span>
     <span class='ocr_line' id='line_1_38' title="bbox 164 2954 1403 3013; baseline 0.001 -16"><span class='ocrx_word' id='word_1_267' title='bbox 164 2969 267 3013; x_wconf 85' lang='lat' dir='ltr'>ceps</span> <span class='ocrx_word' id='word_1_268' title='bbox 290 2958 335 2997; x_wconf 87' lang='lat' dir='ltr'>in</span> <span class='ocrx_word' id='word_1_269' title='bbox 365 2956 503 2998; x_wconf 79' lang='lat' dir='ltr'>lucem</span> <span class='ocrx_word' id='word_1_270' title='bbox 529 2957 727 3002; x_wconf 82' lang='lat' dir='ltr'>edidit...</span> <span class='ocrx_word' id='word_1_271' title='bbox 750 2959 959 2999; x_wconf 84' lang='lat' dir='ltr'>Auctiora</span> <span class='ocrx_word' id='word_1_272' title='bbox 982 2955 1146 2998; x_wconf 84' lang='lat' dir='ltr'>deinde</span> <span class='ocrx_word' id='word_1_273' title='bbox 1167 2954 1293 2996; x_wconf 81' lang='lat' dir='ltr'>dedit</span> <span class='ocrx_word' id='word_1_274' title='bbox 1317 2967 1403 2998; x_wconf 85' lang='lat' dir='ltr'>ea..</span> 
     </span>
     <span class='ocr_line' id='line_1_39' title="bbox 166 3023 1406 3084; baseline -0.002 -12"><span class='ocrx_word' id='word_1_275' title='bbox 166 3029 440 3074; x_wconf 77' lang='lat' dir='ltr'>Hoesclielius</span> <span class='ocrx_word' id='word_1_276' title='bbox 468 3046 526 3073; x_wconf 71' lang='lat' dir='ltr'>ca:</span> <span class='ocrx_word' id='word_1_277' title='bbox 565 3033 788 3084; x_wconf 77' lang='lat' dir='ltr'>Palatini,</span> <span class='ocrx_word' id='word_1_278' title='bbox 839 3023 1041 3073; x_wconf 67' lang='lat' dir='ltr'>Heroum·</span> <span class='ocrx_word' id='word_1_279' title='bbox 1074 3038 1120 3071; x_wconf 90' lang='lat' dir='ltr'>et</span> <span class='ocrx_word' id='word_1_280' title='bbox 1156 3028 1406 3071; x_wconf 82' lang='lat' dir='ltr'>Casauboni</span> 
     </span>
     <span class='ocr_line' id='line_1_40' title="bbox 166 3103 1405 3164; baseline -0.002 -16"><span class='ocrx_word' id='word_1_281' title='bbox 166 3119 268 3151; x_wconf 81' lang='lat' dir='ltr'>mss.</span> <span class='ocrx_word' id='word_1_282' title='bbox 291 3106 534 3160; x_wconf 81' lang='lat' dir='ltr'>codicibus,</span> <span class='ocrx_word' id='word_1_283' title='bbox 558 3111 633 3164; x_wconf 85' lang='lat' dir='ltr'>qui</span> <span class='ocrx_word' id='word_1_284' title='bbox 666 3117 812 3150; x_wconf 85' lang='lat' dir='ltr'>tamen</span> <span class='ocrx_word' id='word_1_285' title='bbox 834 3120 985 3149; x_wconf 89' lang='lat' dir='ltr'>omncs</span> <span class='ocrx_word' id='word_1_286' title='bbox 1017 3120 1077 3148; x_wconf 75' lang='lat' dir='ltr'>es:</span> <span class='ocrx_word' id='word_1_287' title='bbox 1099 3118 1186 3146; x_wconf 90' lang='lat' dir='ltr'>uno</span> <span class='ocrx_word' id='word_1_288' title='bbox 1224 3103 1405 3146; x_wconf 79' lang='lat' dir='ltr'>coelem-</span> 
     </span>
     <span class='ocr_line' id='line_1_41' title="bbox 166 3179 1404 3240; baseline -0.003 -15"><span class='ocrx_word' id='word_1_289' title='bbox 166 3196 250 3239; x_wconf 80' lang='lat' dir='ltr'>que</span> <span class='ocrx_word' id='word_1_290' title='bbox 266 3179 403 3237; x_wconf 77' lang='lat' dir='ltr'>sonte</span> <span class='ocrx_word' id='word_1_291' title='bbox 434 3197 723 3240; x_wconf 81' lang='lat' dir='ltr'>promanasse</span> <span class='ocrx_word' id='word_1_292' title='bbox 756 3182 867 3225; x_wconf 83' lang='lat' dir='ltr'>mihi</span> <span class='ocrx_word' id='word_1_293' title='bbox 894 3182 1119 3232; x_wconf 80' lang='lat' dir='ltr'>videntur,</span> <span class='ocrx_word' id='word_1_294' title='bbox 1147 3180 1308 3222; x_wconf 88' lang='lat' dir='ltr'>Italico</span> <span class='ocrx_word' id='word_1_295' title='bbox 1329 3182 1404 3222; x_wconf 88' lang='lat' dir='ltr'>ni-</span> 
     </span>
    </p>
   </div>
   <div class='ocr_carea' id='block_1_4' title="bbox 80 3257 1402 3316">
    <p class='ocr_par' dir='ltr' id='par_1_4' title="bbox 80 3257 1402 3316">
     <span class='ocr_line' id='line_1_42' title="bbox 80 3257 1402 3316; baseline -0.001 -15"><span class='ocrx_word' id='word_1_296' title='bbox 80 3287 89 3295; x_wconf 61' lang='lat'>.</span> <span class='ocrx_word' id='word_1_297' title='bbox 167 3261 323 3302; x_wconf 86' lang='lat' dir='ltr'>mirum</span> <span class='ocrx_word' id='word_1_298' title='bbox 344 3258 520 3313; x_wconf 89' lang='lat' dir='ltr'>codice,</span> <span class='ocrx_word' id='word_1_299' title='bbox 546 3260 662 3303; x_wconf 86' lang='lat' dir='ltr'>unde</span> <span class='ocrx_word' id='word_1_300' title='bbox 684 3260 878 3301; x_wconf 81' lang='lat' dir='ltr'>Budaeus</span> <span class='ocrx_word' id='word_1_301' title='bbox 902 3272 1070 3316; x_wconf 86' lang='lat' dir='ltr'>quoquc</span> <span class='ocrx_word' id='word_1_302' title='bbox 1096 3257 1402 3314; x_wconf 75' lang='lat' dir='ltr'>descripserat.</span> 
     </span>
    </p>
   </div>
   <div class='ocr_carea' id='block_1_5' title="bbox 167 3331 1407 3467">
    <p class='ocr_par' dir='ltr' id='par_1_5' title="bbox 167 3331 1407 3467">
     <span class='ocr_line' id='line_1_43' title="bbox 167 3331 1406 3389; baseline -0.002 -14"><span class='ocrx_word' id='word_1_303' title='bbox 167 3334 244 3375; x_wconf 84' lang='lat' dir='ltr'>Ita</span> <span class='ocrx_word' id='word_1_304' title='bbox 272 3334 441 3377; x_wconf 76' lang='lat' dir='ltr'>eet-dem</span> <span class='ocrx_word' id='word_1_305' title='bbox 471 3338 515 3376; x_wconf 82' lang='lat' dir='ltr'>in</span> <span class='ocrx_word' id='word_1_306' title='bbox 547 3334 749 3377; x_wconf 84' lang='lat' dir='ltr'>omnibus</span> <span class='ocrx_word' id='word_1_307' title='bbox 773 3336 972 3385; x_wconf 85' lang='lat' dir='ltr'>lacunoe,·</span> <span class='ocrx_word' id='word_1_308' title='bbox 998 3346 1138 3389; x_wconf 85' lang='lat' dir='ltr'>neque</span> <span class='ocrx_word' id='word_1_309' title='bbox 1163 3331 1406 3389; x_wconf 84' lang='lat' dir='ltr'>desperatis</span> 
     </span>
     <span class='ocr_line' id='line_1_44' title="bbox 168 3406 1407 3467; baseline -0.002 -17"><span class='ocrx_word' id='word_1_310' title='bbox 168 3416 300 3466; x_wconf 86' lang='lat' dir='ltr'>atque</span> <span class='ocrx_word' id='word_1_311' title='bbox 312 3409 530 3465; x_wconf 77' lang='lat' dir='ltr'>depositis</span> <span class='ocrx_word' id='word_1_312' title='bbox 548 3411 718 3466; x_wconf 82' lang='lat' dir='ltr'>aliquot</span> <span class='ocrx_word' id='word_1_313' title='bbox 737 3411 843 3452; x_wconf 86' lang='lat' dir='ltr'>locis</span> <span class='ocrx_word' id='word_1_314' title='bbox 864 3408 1107 3467; x_wconf 83' lang='lat' dir='ltr'>quidquam</span> <span class='ocrx_word' id='word_1_315' title='bbox 1130 3406 1315 3449; x_wconf 80' lang='lat' dir='ltr'>remedii</span> <span class='ocrx_word' id='word_1_316' title='bbox 1329 3406 1407 3448; x_wconf 88' lang='lat' dir='ltr'>ad-</span> 
     </span>
    </p>
   </div>
   <div class='ocr_carea' id='block_1_6' title="bbox 67 3480 489 3547">
    <p class='ocr_par' dir='ltr' id='par_1_6' title="bbox 67 3480 489 3553">
     <span class='ocr_line' id='line_1_45' title="bbox 67 3480 489 3547; baseline 0.002 -21"><span class='ocrx_word' id='word_1_317' title='bbox 67 3542 93 3553; x_wconf 22' lang='grc' dir='ltr'>ψ</span> <span class='ocrx_word' id='word_1_318' title='bbox 168 3480 311 3526; x_wconf 70' lang='lat' dir='ltr'>hiberi</span> <span class='ocrx_word' id='word_1_319' title='bbox 328 3487 489 3541; x_wconf 89' lang='lat' dir='ltr'>potuit.</span> 
     </span>
    </p>
   </div>
   <div class='ocr_carea' id='block_1_7' title="bbox 169 3555 1409 3997">
    <p class='ocr_par' dir='ltr' id='par_1_7' title="bbox 169 3555 1409 3997">
     <span class='ocr_line' id='line_1_46' title="bbox 234 3555 1406 3615; baseline -0.003 -12"><span class='ocrx_word' id='word_1_320' title='bbox 234 3557 281 3605; x_wconf 80' lang='grc'>5.</span> <span class='ocrx_word' id='word_1_321' title='bbox 307 3555 376 3603; x_wconf 77' lang='lat' dir='ltr'>Ex</span> <span class='ocrx_word' id='word_1_322' title='bbox 395 3556 545 3615; x_wconf 81' lang='lat' dir='ltr'>ltalia,</span> <span class='ocrx_word' id='word_1_323' title='bbox 571 3568 620 3603; x_wconf 92' lang='lat' dir='ltr'>ut</span> <span class='ocrx_word' id='word_1_324' title='bbox 640 3558 843 3613; x_wconf 83' lang='lat' dir='ltr'>videtur,</span> <span class='ocrx_word' id='word_1_325' title='bbox 870 3557 1015 3602; x_wconf 71' lang='lat' dir='ltr'>codex</span> <span class='ocrx_word' id='word_1_326' title='bbox 1041 3556 1087 3601; x_wconf 91' lang='lat' dir='ltr'>in</span> <span class='ocrx_word' id='word_1_327' title='bbox 1112 3556 1309 3602; x_wconf 79' lang='lat' dir='ltr'>Galliam</span> <span class='ocrx_word' id='word_1_328' title='bbox 1341 3555 1406 3600; x_wconf 87' lang='lat' dir='ltr'>al·</span> 
     </span>
     <span class='ocr_line' id='line_1_47' title="bbox 169 3632 1408 3696; baseline -0.005 -15"><span class='ocrx_word' id='word_1_329' title='bbox 169 3632 291 3682; x_wconf 81' lang='lat' dir='ltr'>latus</span> <span class='ocrx_word' id='word_1_330' title='bbox 341 3633 392 3680; x_wconf 88' lang='lat' dir='ltr'>in</span> <span class='ocrx_word' id='word_1_331' title='bbox 441 3634 778 3696; x_wconf 83' lang='lat' dir='ltr'>possessionem</span> <span class='ocrx_word' id='word_1_332' title='bbox 828 3634 955 3678; x_wconf 79' lang='lat' dir='ltr'>venit</span> <span class='ocrx_word' id='word_1_333' title='bbox 1012 3635 1191 3678; x_wconf 74' lang='lat' dir='ltr'>Claudii</span> <span class='ocrx_word' id='word_1_334' title='bbox 1245 3636 1408 3692; x_wconf 78' lang='lat' dir='ltr'>Dupuy</span> 
     </span>
     <span class='ocr_line' id='line_1_48' title="bbox 174 3705 1408 3771; baseline -0.004 -15"><span class='ocrx_word' id='word_1_335' title='bbox 174 3706 392 3771; x_wconf 77' lang='lat' dir='ltr'>(Puteani</span> <span class='ocrx_word' id='word_1_336' title='bbox 412 3709 429 3770; x_wconf 93' lang='lat'><em>)</em></span> <span class='ocrx_word' id='word_1_337' title='bbox 451 3709 572 3755; x_wconf 84' lang='lat' dir='ltr'>inter</span> <span class='ocrx_word' id='word_1_338' title='bbox 597 3725 741 3755; x_wconf 81' lang='lat' dir='ltr'>annos</span> <span class='ocrx_word' id='word_1_339' title='bbox 768 3708 1052 3768; x_wconf 78' lang='lat'><strong>¹590·¹593·</strong></span> <span class='ocrx_word' id='word_1_340' title='bbox 1077 3705 1141 3752; x_wconf 80' lang='lat' dir='ltr'>Ne</span> <span class='ocrx_word' id='word_1_341' title='bbox 1165 3707 1295 3768; x_wconf 87' lang='lat' dir='ltr'>prius</span> <span class='ocrx_word' id='word_1_342' title='bbox 1322 3706 1408 3752; x_wconf 83' lang='lat' dir='ltr'>hoc</span> 
     </span>
     <span class='ocr_line' id='line_1_49' title="bbox 171 3781 1409 3845; baseline -0.002 -14"><span class='ocrx_word' id='word_1_343' title='bbox 171 3784 432 3844; x_wconf 67' lang='lat' dir='ltr'>eontigerit,</span> <span class='ocrx_word' id='word_1_344' title='bbox 456 3783 610 3830; x_wconf 87' lang='lat' dir='ltr'>obstat</span> <span class='ocrx_word' id='word_1_345' title='bbox 643 3783 860 3845; x_wconf 80' lang='lat' dir='ltr'>Stephani</span> <span class='ocrx_word' id='word_1_346' title='bbox 891 3782 1143 3837; x_wconf 84' lang='lat' dir='ltr'>silentium,</span> <span class='ocrx_word' id='word_1_347' title='bbox 1167 3782 1247 3842; x_wconf 87' lang='lat' dir='ltr'>qui</span> <span class='ocrx_word' id='word_1_348' title='bbox 1273 3781 1409 3828; x_wconf 87' lang='lat' dir='ltr'>Clau·</span> 
     </span>
     <span class='ocr_line' id='line_1_50' title="bbox 172 3857 1405 3919; baseline -0.002 -13"><span class='ocrx_word' id='word_1_349' title='bbox 172 3857 241 3905; x_wconf 79' lang='lat' dir='ltr'>dii</span> <span class='ocrx_word' id='word_1_350' title='bbox 256 3857 450 3906; x_wconf 76' lang='lat' dir='ltr'>Puteani</span> <span class='ocrx_word' id='word_1_351' title='bbox 465 3859 708 3905; x_wconf 77' lang='lat' dir='ltr'>familiaris</span> <span class='ocrx_word' id='word_1_352' title='bbox 722 3859 939 3919; x_wconf 80' lang='lat' dir='ltr'>ignorare</span> <span class='ocrx_word' id='word_1_353' title='bbox 952 3873 1045 3903; x_wconf 88' lang='lat' dir='ltr'>rem</span> <span class='ocrx_word' id='word_1_354' title='bbox 1063 3872 1154 3901; x_wconf 87' lang='lat' dir='ltr'>non</span> <span class='ocrx_word' id='word_1_355' title='bbox 1172 3860 1405 3918; x_wconf 78' lang='lat' dir='ltr'>potuisset.</span> 
     </span>
     <span class='ocr_line' id='line_1_51' title="bbox 174 3933 1408 3997; baseline -0.001 -18"><span class='ocrx_word' id='word_1_356' title='bbox 174 3933 309 3982; x_wconf 74' lang='lat' dir='ltr'>Anno</span> <span class='ocrx_word' id='word_1_357' title='bbox 326 3945 475 3983; x_wconf 86' lang='lat' dir='ltr'>autem</span> <span class='ocrx_word' id='word_1_358' title='bbox 499 3936 616 3997; x_wconf 80' lang='lat'>1593</span> <span class='ocrx_word' id='word_1_359' title='bbox 632 3935 804 3982; x_wconf 85' lang='lat' dir='ltr'>librum</span> <span class='ocrx_word' id='word_1_360' title='bbox 822 3934 917 3996; x_wconf 86' lang='lat' dir='ltr'>jam</span> <span class='ocrx_word' id='word_1_361' title='bbox 943 3934 1081 3981; x_wconf 81' lang='lat' dir='ltr'>fnisse</span> <span class='ocrx_word' id='word_1_362' title='bbox 1095 3950 1234 3996; x_wconf 79' lang='lat' dir='ltr'>penes</span> <span class='ocrx_word' id='word_1_363' title='bbox 1253 3934 1408 3979; x_wconf 81' lang='lat' dir='ltr'>Putea·</span> 
     </span>
    </p>
   </div>
   <div class='ocr_carea' id='block_1_8' title="bbox 1455 209 2756 2786">
    <p class='ocr_par' dir='ltr' id='par_1_8' title="bbox 1455 209 2756 2786">
     <span class='ocr_line' id='line_1_52' title="bbox 1455 209 2709 277; baseline 0.001 -18"><span class='ocrx_word' id='word_1_364' title='bbox 1455 228 1581 271; x_wconf 88' lang='lat' dir='ltr'>num,</span> <span class='ocrx_word' id='word_1_365' title='bbox 1606 211 1716 258; x_wconf 87' lang='lat' dir='ltr'>inde</span> <span class='ocrx_word' id='word_1_366' title='bbox 1734 219 1859 272; x_wconf 90' lang='lat' dir='ltr'>patet</span> <span class='ocrx_word' id='word_1_367' title='bbox 1893 210 2020 273; x_wconf 86' lang='lat' dir='ltr'>quod</span> <span class='ocrx_word' id='word_1_368' title='bbox 2046 209 2275 274; x_wconf 77' lang='lat' dir='ltr'>Josephus</span> <span class='ocrx_word' id='word_1_369' title='bbox 2304 211 2580 273; x_wconf 79' lang='lat' dir='ltr'>Scaligerus,</span> <span class='ocrx_word' id='word_1_370' title='bbox 2614 213 2709 277; x_wconf 30' lang='lat' dir='ltr'>qni-</span> 
     </span>
     <span class='ocr_line' id='line_1_53' title="bbox 1455 285 2705 351; baseline 0.001 -16"><span class='ocrx_word' id='word_1_371' title='bbox 1455 304 1576 335; x_wconf 86' lang='lat' dir='ltr'>anno</span> <span class='ocrx_word' id='word_1_372' title='bbox 1618 286 1735 346; x_wconf 79' lang='lat'>1593</span> <span class='ocrx_word' id='word_1_373' title='bbox 1762 285 1958 332; x_wconf 85' lang='lat' dir='ltr'>Parisiis</span> <span class='ocrx_word' id='word_1_374' title='bbox 1992 285 2268 347; x_wconf 74' lang='lat' dir='ltr'>Lugdunum</span> <span class='ocrx_word' id='word_1_375' title='bbox 2306 288 2449 346; x_wconf 88' lang='lat' dir='ltr'>abiit,</span> <span class='ocrx_word' id='word_1_376' title='bbox 2482 304 2567 336; x_wconf 85' lang='lat' dir='ltr'>sua</span> <span class='ocrx_word' id='word_1_377' title='bbox 2597 290 2705 351; x_wconf 56' lang='lat' dir='ltr'>im</span> 
     </span>
     <span class='ocr_line' id='line_1_54' title="bbox 1457 347 2700 457; baseline 0.001 -49"><span class='ocrx_word' id='word_1_378' title='bbox 1457 378 1595 408; x_wconf 87' lang='lat' dir='ltr'>manu</span> <span class='ocrx_word' id='word_1_379' title='bbox 1630 376 1736 407; x_wconf 91' lang='lat' dir='ltr'>eum</span> <span class='ocrx_word' id='word_1_380' title='bbox 1774 360 1963 421; x_wconf 89' lang='lat' dir='ltr'>(nescio</span> <span class='ocrx_word' id='word_1_381' title='bbox 1988 375 2047 407; x_wconf 85' lang='lat' dir='ltr'>an</span> <span class='ocrx_word' id='word_1_382' title='bbox 2079 371 2223 410; x_wconf 88' lang='lat' dir='ltr'>totum</span> <span class='ocrx_word' id='word_1_383' title='bbox 2258 378 2317 411; x_wconf 85' lang='lat' dir='ltr'>an</span> <span class='ocrx_word' id='word_1_384' title='bbox 2342 379 2400 410; x_wconf 82' lang='lat' dir='ltr'>ex</span> <span class='ocrx_word' id='word_1_385' title='bbox 2431 363 2587 426; x_wconf 88' lang='lat' dir='ltr'>parte)</span> <span class='ocrx_word' id='word_1_386' title='bbox 2611 347 2700 457; x_wconf 44' lang='grc' dir='ltr'>ἀὲ</span> 
     </span>
     <span class='ocr_line' id='line_1_55' title="bbox 1456 436 2710 502; baseline 0.003 -18"><span class='ocrx_word' id='word_1_387' title='bbox 1456 438 1659 500; x_wconf 85' lang='lat' dir='ltr'>scripsit.</span> <span class='ocrx_word' id='word_1_388' title='bbox 1682 437 1888 483; x_wconf 85' lang='lat' dir='ltr'>Puteano</span> <span class='ocrx_word' id='word_1_389' title='bbox 1909 437 2006 483; x_wconf 75' lang='lat' dir='ltr'>vita</span> <span class='ocrx_word' id='word_1_390' title='bbox 2026 436 2240 486; x_wconf 77' lang='lat' dir='ltr'>defuncto</span> <span class='ocrx_word' id='word_1_391' title='bbox 2263 440 2279 501; x_wconf 92' lang='lat'>(</span> <span class='ocrx_word' id='word_1_392' title='bbox 2301 455 2377 488; x_wconf 85' lang='lat' dir='ltr'>an.</span> <span class='ocrx_word' id='word_1_393' title='bbox 2404 440 2520 502; x_wconf 76' lang='lat'>1594</span> <span class='ocrx_word' id='word_1_394' title='bbox 2540 441 2583 501; x_wconf 85' lang='lat'>),</span> <span class='ocrx_word' id='word_1_395' title='bbox 2668 448 2672 450; x_wconf 74' lang='grc'>’</span> <span class='ocrx_word' id='word_1_396' title='bbox 2703 488 2710 496; x_wconf 67' lang='grc'><strong>,</strong></span> 
     </span>
     <span class='ocr_line' id='line_1_56' title="bbox 1458 442 2733 586; baseline 0.002 -27"><span class='ocrx_word' id='word_1_397' title='bbox 1458 525 1549 559; x_wconf 82' lang='lat' dir='ltr'>trus</span> <span class='ocrx_word' id='word_1_398' title='bbox 1589 514 1755 558; x_wconf 78' lang='lat' dir='ltr'>Pithou</span> <span class='ocrx_word' id='word_1_399' title='bbox 1800 512 2039 571; x_wconf 86' lang='lat' dir='ltr'>(Pithoeus</span> <span class='ocrx_word' id='word_1_400' title='bbox 2056 511 2070 576; x_wconf 89' lang='lat'><strong>)</strong></span> <span class='ocrx_word' id='word_1_401' title='bbox 2085 548 2099 571; x_wconf 94' lang='lat'>,</span> <span class='ocrx_word' id='word_1_402' title='bbox 2146 515 2223 560; x_wconf 78' lang='lat' dir='ltr'>vir</span> <span class='ocrx_word' id='word_1_403' title='bbox 2272 516 2582 574; x_wconf 76' lang='lat' dir='ltr'>clarissimus,</span> <span class='ocrx_word' id='word_1_404' title='bbox 2608 442 2733 586; x_wconf 47' lang='grc' dir='ltr'>,ᾆξ’</span> 
     </span>
     <span class='ocr_line' id='line_1_57' title="bbox 1458 586 2723 653; baseline 0.003 -17"><span class='ocrx_word' id='word_1_405' title='bbox 1458 606 1641 636; x_wconf 88' lang='lat' dir='ltr'>summo</span> <span class='ocrx_word' id='word_1_406' title='bbox 1678 590 1835 636; x_wconf 89' lang='lat' dir='ltr'>studio</span> <span class='ocrx_word' id='word_1_407' title='bbox 1866 600 2046 636; x_wconf 82' lang='lat' dir='ltr'>veteres</span> <span class='ocrx_word' id='word_1_408' title='bbox 2079 589 2228 637; x_wconf 88' lang='lat' dir='ltr'>libros</span> <span class='ocrx_word' id='word_1_409' title='bbox 2278 607 2389 639; x_wconf 84' lang='lat' dir='ltr'>mss.</span> <span class='ocrx_word' id='word_1_410' title='bbox 2428 586 2723 653; x_wconf 42' lang='lat' dir='ltr'>colligebat*</span> 
     </span>
     <span class='ocr_line' id='line_1_58' title="bbox 1459 624 2719 730; baseline 0.003 -17"><span class='ocrx_word' id='word_1_411' title='bbox 1459 667 1665 713; x_wconf 88' lang='lat' dir='ltr'>codicem</span> <span class='ocrx_word' id='word_1_412' title='bbox 1690 677 1899 713; x_wconf 88' lang='lat' dir='ltr'>nostrum</span> <span class='ocrx_word' id='word_1_413' title='bbox 1920 663 2189 728; x_wconf 74' lang='lat' dir='ltr'>acquisivit.</span> <span class='ocrx_word' id='word_1_414' title='bbox 2208 666 2369 730; x_wconf 87' lang='lat' dir='ltr'>Neptis</span> <span class='ocrx_word' id='word_1_415' title='bbox 2398 684 2508 716; x_wconf 79' lang='lat' dir='ltr'>vero</span> <span class='ocrx_word' id='word_1_416' title='bbox 2527 624 2719 717; x_wconf 47' lang='lat' dir='ltr'>Pitho}</span> 
     </span>
     <span class='ocr_line' id='line_1_59' title="bbox 1459 741 2734 804; baseline 0.003 -16"><span class='ocrx_word' id='word_1_417' title='bbox 1459 742 1620 804; x_wconf 88' lang='lat' dir='ltr'>nupsit</span> <span class='ocrx_word' id='word_1_418' title='bbox 1658 744 1874 788; x_wconf 78' lang='lat' dir='ltr'>Ludovico</span> <span class='ocrx_word' id='word_1_419' title='bbox 1912 745 2172 804; x_wconf 65' lang='lat' dir='ltr'>Lepeletier‚</span> <span class='ocrx_word' id='word_1_420' title='bbox 2222 743 2271 788; x_wconf 91' lang='lat' dir='ltr'>in</span> <span class='ocrx_word' id='word_1_421' title='bbox 2305 741 2439 803; x_wconf 88' lang='lat' dir='ltr'>cujus</span> <span class='ocrx_word' id='word_1_422' title='bbox 2482 742 2734 792; x_wconf 38' lang='lat' dir='ltr'>familiam*</span> 
     </span>
     <span class='ocr_line' id='line_1_60' title="bbox 1461 819 2717 912; baseline 0.002 -48"><span class='ocrx_word' id='word_1_423' title='bbox 1461 819 1644 865; x_wconf 86' lang='lat' dir='ltr'>transiit</span> <span class='ocrx_word' id='word_1_424' title='bbox 1679 819 1816 865; x_wconf 86' lang='lat' dir='ltr'>etiam</span> <span class='ocrx_word' id='word_1_425' title='bbox 1859 819 2225 881; x_wconf 84' lang='lat' dir='ltr'>geographorum</span> <span class='ocrx_word' id='word_1_426' title='bbox 2269 820 2442 876; x_wconf 79' lang='lat' dir='ltr'>codex,</span> <span class='ocrx_word' id='word_1_427' title='bbox 2479 821 2527 866; x_wconf 90' lang='lat' dir='ltr'>in</span> <span class='ocrx_word' id='word_1_428' title='bbox 2559 831 2717 912; x_wconf 53' lang='grc' dir='ltr'>εειεῃιὶἱ</span> 
     </span>
     <span class='ocr_line' id='line_1_61' title="bbox 1461 893 2705 958; baseline 0.003 -19"><span class='ocrx_word' id='word_1_429' title='bbox 1461 894 1719 953; x_wconf 86' lang='lat' dir='ltr'>permansit</span> <span class='ocrx_word' id='word_1_430' title='bbox 1734 909 1882 954; x_wconf 88' lang='lat' dir='ltr'>usque</span> <span class='ocrx_word' id='word_1_431' title='bbox 1904 893 1962 940; x_wconf 88' lang='lat' dir='ltr'>ad</span> <span class='ocrx_word' id='word_1_432' title='bbox 1984 909 2156 940; x_wconf 89' lang='lat' dir='ltr'>annum</span> <span class='ocrx_word' id='word_1_433' title='bbox 2183 895 2319 952; x_wconf 82' lang='lat'>1837.</span> <span class='ocrx_word' id='word_1_434' title='bbox 2623 955 2625 958; x_wconf 22' lang='grc' dir='ltr'>Ι</span> <span class='ocrx_word' id='word_1_435' title='bbox 2690 907 2705 933; x_wconf 46' lang='lat' dir='ltr'><strong>ff</strong></span> 
     </span>
     <span class='ocr_line' id='line_1_62' title="bbox 1527 968 2739 1036; baseline 0.003 -21"><span class='ocrx_word' id='word_1_436' title='bbox 1527 970 1575 1015; x_wconf 88' lang='lat'>6.</span> <span class='ocrx_word' id='word_1_437' title='bbox 1599 968 1862 1030; x_wconf 80' lang='lat' dir='ltr'>Scaligerus</span> <span class='ocrx_word' id='word_1_438' title='bbox 1884 970 1942 1016; x_wconf 89' lang='lat' dir='ltr'>de</span> <span class='ocrx_word' id='word_1_439' title='bbox 1960 985 2045 1017; x_wconf 87' lang='lat' dir='ltr'>suo</span> <span class='ocrx_word' id='word_1_440' title='bbox 2063 971 2328 1034; x_wconf 84' lang='lat' dir='ltr'>apographo</span> <span class='ocrx_word' id='word_1_441' title='bbox 2353 972 2419 1021; x_wconf 90' lang='lat' dir='ltr'>ita</span> <span class='ocrx_word' id='word_1_442' title='bbox 2439 972 2628 1036; x_wconf 85' lang='lat' dir='ltr'>scripsit</span> <span class='ocrx_word' id='word_1_443' title='bbox 2647 969 2708 1031; x_wconf 81' lang='lat' dir='ltr'>ad</span> <span class='ocrx_word' id='word_1_444' title='bbox 2725 994 2739 1004; x_wconf 83' lang='lat'><strong>·</strong></span> 
     </span>
     <span class='ocr_line' id='line_1_63' title="bbox 1464 1042 2756 1110; baseline 0.002 -19"><span class='ocrx_word' id='word_1_445' title='bbox 1464 1045 1778 1092; x_wconf 86' lang='lat' dir='ltr'>Hoeschelium</span> <span class='ocrx_word' id='word_1_446' title='bbox 1814 1045 1830 1107; x_wconf 90' lang='lat'>(</span> <span class='ocrx_word' id='word_1_447' title='bbox 1856 1060 2003 1092; x_wconf 90' lang='lat' dir='ltr'>mens.</span> <span class='ocrx_word' id='word_1_448' title='bbox 2027 1044 2155 1108; x_wconf 87' lang='lat' dir='ltr'>Sept.</span> <span class='ocrx_word' id='word_1_449' title='bbox 2188 1062 2265 1094; x_wconf 88' lang='lat' dir='ltr'>an.</span> <span class='ocrx_word' id='word_1_450' title='bbox 2308 1048 2454 1110; x_wconf 79' lang='lat'><strong>1600)</strong></span> <span class='ocrx_word' id='word_1_451' title='bbox 2484 1064 2496 1096; x_wconf 90' lang='lat'>:</span> <span class='ocrx_word' id='word_1_452' title='bbox 2540 1051 2610 1094; x_wconf 85' lang='lat' dir='ltr'>De</span> <span class='ocrx_word' id='word_1_453' title='bbox 2626 1042 2756 1100; x_wconf 49' lang='lat' dir='ltr'>Dii}</span> 
     </span>
     <span class='ocr_line' id='line_1_64' title="bbox 1462 1101 2756 1206; baseline 0.004 -41"><span class='ocrx_word' id='word_1_454' title='bbox 1462 1122 1667 1166; x_wconf 76' lang='lat' dir='ltr'>coearclzo</span> <span class='ocrx_word' id='word_1_455' title='bbox 1695 1132 1738 1166; x_wconf 85' lang='lat' dir='ltr'>et</span> <span class='ocrx_word' id='word_1_456' title='bbox 1758 1123 1874 1175; x_wconf 89' lang='lat' dir='ltr'>aliis,</span> <span class='ocrx_word' id='word_1_457' title='bbox 1913 1137 2016 1180; x_wconf 85' lang='lat' dir='ltr'>quoe</span> <span class='ocrx_word' id='word_1_458' title='bbox 2043 1122 2212 1181; x_wconf 79' lang='lat' dir='ltr'>scribis,</span> <span class='ocrx_word' id='word_1_459' title='bbox 2241 1127 2360 1177; x_wconf 88' lang='lat' dir='ltr'>scito,</span> <span class='ocrx_word' id='word_1_460' title='bbox 2398 1134 2611 1183; x_wconf 80' lang='lat' dir='ltr'>quantum</span> <span class='ocrx_word' id='word_1_461' title='bbox 2646 1138 2712 1171; x_wconf 61' lang='lat' dir='ltr'>ex</span> <span class='ocrx_word' id='word_1_462' title='bbox 2742 1101 2756 1206; x_wconf 50' lang='lat' dir='ltr'>i</span> 
     </span>
     <span class='ocr_line' id='line_1_65' title="bbox 1465 1198 2756 1260; baseline 0.004 -20"><span class='ocrx_word' id='word_1_463' title='bbox 1465 1202 1550 1241; x_wconf 83' lang='lat' dir='ltr'>tuis</span> <span class='ocrx_word' id='word_1_464' title='bbox 1575 1200 1716 1241; x_wconf 87' lang='lat' dir='ltr'>literis</span> <span class='ocrx_word' id='word_1_465' title='bbox 1731 1199 1941 1255; x_wconf 81' lang='lat' dir='ltr'>colligere</span> <span class='ocrx_word' id='word_1_466' title='bbox 1959 1213 2155 1257; x_wconf 87' lang='lat' dir='ltr'>possum,</span> <span class='ocrx_word' id='word_1_467' title='bbox 2182 1198 2302 1241; x_wconf 80' lang='lat' dir='ltr'>nileil</span> <span class='ocrx_word' id='word_1_468' title='bbox 2328 1208 2406 1242; x_wconf 87' lang='lat' dir='ltr'>tua</span> <span class='ocrx_word' id='word_1_469' title='bbox 2422 1199 2483 1243; x_wconf 81' lang='lat' dir='ltr'>ab</span> <span class='ocrx_word' id='word_1_470' title='bbox 2499 1201 2591 1244; x_wconf 79' lang='lat' dir='ltr'>illis</span> <span class='ocrx_word' id='word_1_471' title='bbox 2604 1214 2712 1260; x_wconf 64' lang='lat' dir='ltr'>qm</span> <span class='ocrx_word' id='word_1_472' title='bbox 2749 1211 2756 1255; x_wconf 75' lang='grc' dir='ltr'>Ι</span> 
     </span>
     <span class='ocr_line' id='line_1_66' title="bbox 1465 1269 2729 1361; baseline 0.005 -46"><span class='ocrx_word' id='word_1_473' title='bbox 1465 1272 1679 1316; x_wconf 78' lang='lat' dir='ltr'>habemus</span> <span class='ocrx_word' id='word_1_474' title='bbox 1715 1274 1977 1331; x_wconf 78' lang='lat' dir='ltr'>discrepare.</span> <span class='ocrx_word' id='word_1_475' title='bbox 2003 1274 2248 1317; x_wconf 84' lang='lat' dir='ltr'>Habuimus</span> <span class='ocrx_word' id='word_1_476' title='bbox 2271 1284 2417 1318; x_wconf 87' lang='lat' dir='ltr'>autem</span> <span class='ocrx_word' id='word_1_477' title='bbox 2445 1275 2526 1317; x_wconf 89' lang='lat' dir='ltr'>illa</span> <span class='ocrx_word' id='word_1_478' title='bbox 2542 1289 2603 1318; x_wconf 58' lang='grc' dir='ltr'>ει·</span> <span class='ocrx_word' id='word_1_479' title='bbox 2624 1269 2729 1361; x_wconf 54' lang='lat'>220⁴}</span> 
     </span>
     <span class='ocr_line' id='line_1_67' title="bbox 1465 1328 2756 1410; baseline 0.002 -18"><span class='ocrx_word' id='word_1_480' title='bbox 1465 1352 1707 1393; x_wconf 73' lang='lat' dir='ltr'>mstissimis</span> <span class='ocrx_word' id='word_1_481' title='bbox 1727 1358 1773 1393; x_wconf 91' lang='lat' dir='ltr'>et</span> <span class='ocrx_word' id='word_1_482' title='bbox 1784 1354 1962 1408; x_wconf 72' lang='lat' dir='ltr'>optima:</span> <span class='ocrx_word' id='word_1_483' title='bbox 1982 1360 2103 1394; x_wconf 84' lang='lat' dir='ltr'>notoe</span> <span class='ocrx_word' id='word_1_484' title='bbox 2124 1352 2321 1410; x_wconf 76' lang='lat' dir='ltr'>pagellIs</span> <span class='ocrx_word' id='word_1_485' title='bbox 2340 1352 2609 1409; x_wconf 80' lang='lat' dir='ltr'>amplissimi</span> <span class='ocrx_word' id='word_1_486' title='bbox 2621 1335 2723 1409; x_wconf 51' lang='lat' dir='ltr'>Se⁴3¹</span> <span class='ocrx_word' id='word_1_487' title='bbox 2745 1328 2756 1383; x_wconf 46' lang='lat'>⁶-</span> 
     </span>
     <span class='ocr_line' id='line_1_68' title="bbox 1464 1413 2722 1489; baseline 0.003 -21"><span class='ocrx_word' id='word_1_488' title='bbox 1464 1430 1632 1470; x_wconf 82' lang='lat' dir='ltr'>natoris</span> <span class='ocrx_word' id='word_1_489' title='bbox 1649 1426 1916 1470; x_wconf 84' lang='lat' dir='ltr'>Parisiensis</span> <span class='ocrx_word' id='word_1_490' title='bbox 1937 1426 2003 1471; x_wconf 90' lang='lat' dir='ltr'>Cl.</span> <span class='ocrx_word' id='word_1_491' title='bbox 2038 1427 2231 1470; x_wconf 86' lang='lat' dir='ltr'>Puteani</span> <span class='ocrx_word' id='word_1_492' title='bbox 2253 1428 2325 1472; x_wconf 71' lang='grc' dir='ltr'>τοῦ</span> <span class='ocrx_word' id='word_1_493' title='bbox 2349 1423 2599 1489; x_wconf 72' lang='grc' dir='ltr'><strong>μακαρίτου.</strong></span> <span class='ocrx_word' id='word_1_494' title='bbox 2617 1413 2722 1482; x_wconf 66' lang='grc' dir='ltr'>8εᾶ</span> 
     </span>
     <span class='ocr_line' id='line_1_69' title="bbox 1466 1435 2756 1588; baseline 0.002 -42"><span class='ocrx_word' id='word_1_495' title='bbox 1466 1504 1619 1546; x_wconf 74' lang='lat' dir='ltr'>multa:</span> <span class='ocrx_word' id='word_1_496' title='bbox 1647 1501 1704 1563; x_wconf 71' lang='grc' dir='ltr'>(ι’)</span> <span class='ocrx_word' id='word_1_497' title='bbox 1723 1507 1910 1562; x_wconf 84' lang='lat' dir='ltr'>paginae·</span> <span class='ocrx_word' id='word_1_498' title='bbox 1932 1506 1995 1546; x_wconf 86' lang='lat' dir='ltr'>ita</span> <span class='ocrx_word' id='word_1_499' title='bbox 2025 1504 2215 1547; x_wconf 75' lang='lat' dir='ltr'>exolctoe</span> <span class='ocrx_word' id='word_1_500' title='bbox 2242 1512 2383 1557; x_wconf 86' lang='lat' dir='ltr'>erant,</span> <span class='ocrx_word' id='word_1_501' title='bbox 2414 1513 2465 1547; x_wconf 87' lang='lat' dir='ltr'>ut</span> <span class='ocrx_word' id='word_1_502' title='bbox 2490 1518 2547 1548; x_wconf 82' lang='lat' dir='ltr'>ne</span> <span class='ocrx_word' id='word_1_503' title='bbox 2566 1435 2756 1588; x_wconf 38' lang='lat' dir='ltr'>litercessgl</span> 
     </span>
     <span class='ocr_line' id='line_1_70' title="bbox 1465 1560 2756 1655; baseline 0.002 -32"><span class='ocrx_word' id='word_1_504' title='bbox 1465 1581 1640 1638; x_wconf 86' lang='lat' dir='ltr'>quidem</span> <span class='ocrx_word' id='word_1_505' title='bbox 1661 1584 1896 1639; x_wconf 82' lang='lat' dir='ltr'>vestigium</span> <span class='ocrx_word' id='word_1_506' title='bbox 1905 1595 1968 1655; x_wconf 51' lang='grc' dir='ltr'>αι</span> <span class='ocrx_word' id='word_1_507' title='bbox 1998 1581 2091 1623; x_wconf 88' lang='lat' dir='ltr'>illis</span> <span class='ocrx_word' id='word_1_508' title='bbox 2111 1589 2288 1624; x_wconf 74' lang='lat' dir='ltr'>extaret</span> <span class='ocrx_word' id='word_1_509' title='bbox 2301 1581 2458 1626; x_wconf 84' lang='lat' dir='ltr'>ullum.</span> <span class='ocrx_word' id='word_1_510' title='bbox 2497 1560 2756 1646; x_wconf 26' lang='lat' dir='ltr'>Venibit-siff}</span> 
     </span>
     <span class='ocr_line' id='line_1_71' title="bbox 1466 1656 2710 1716; baseline 0 -16"><span class='ocrx_word' id='word_1_511' title='bbox 1466 1658 1644 1700; x_wconf 88' lang='lat' dir='ltr'>comicis</span> <span class='ocrx_word' id='word_1_512' title='bbox 1676 1657 1884 1714; x_wconf 86' lang='lat' dir='ltr'>quoedam</span> <span class='ocrx_word' id='word_1_513' title='bbox 1925 1665 2136 1715; x_wconf 88' lang='lat' dir='ltr'>concepta</span> <span class='ocrx_word' id='word_1_514' title='bbox 2182 1664 2330 1711; x_wconf 87' lang='lat' dir='ltr'>erant,</span> <span class='ocrx_word' id='word_1_515' title='bbox 2369 1656 2453 1700; x_wconf 85' lang='lat' dir='ltr'>sed</span> <span class='ocrx_word' id='word_1_516' title='bbox 2486 1665 2710 1716; x_wconf 62' lang='lat' dir='ltr'>papalia</span> 
     </span>
     <span class='ocr_line' id='line_1_72' title="bbox 1466 1718 2756 1813; baseline 0.002 -38"><span class='ocrx_word' id='word_1_517' title='bbox 1466 1733 1679 1775; x_wconf 80' lang='lat' dir='ltr'>oratione.</span> <span class='ocrx_word' id='word_1_518' title='bbox 1704 1732 1797 1775; x_wconf 86' lang='lat' dir='ltr'>Nos</span> <span class='ocrx_word' id='word_1_519' title='bbox 1836 1735 1983 1775; x_wconf 84' lang='lat' dir='ltr'>statim</span> <span class='ocrx_word' id='word_1_520' title='bbox 2017 1746 2170 1775; x_wconf 81' lang='lat' dir='ltr'>versus</span> <span class='ocrx_word' id='word_1_521' title='bbox 2203 1735 2248 1774; x_wconf 84' lang='lat' dir='ltr'>in</span> <span class='ocrx_word' id='word_1_522' title='bbox 2278 1732 2362 1775; x_wconf 78' lang='lat' dir='ltr'>illa</span> <span class='ocrx_word' id='word_1_523' title='bbox 2383 1718 2756 1813; x_wconf 60' lang='lat' dir='ltr'>continuatione}-</span> 
     </span>
     <span class='ocr_line' id='line_1_73' title="bbox 1467 1808 2756 1876; baseline 0.001 -24"><span class='ocrx_word' id='word_1_524' title='bbox 1467 1808 1640 1852; x_wconf 85' lang='lat' dir='ltr'>odorati</span> <span class='ocrx_word' id='word_1_525' title='bbox 1657 1823 1805 1853; x_wconf 88' lang='lat' dir='ltr'>sumus</span> <span class='ocrx_word' id='word_1_526' title='bbox 1819 1842 1832 1865; x_wconf 93' lang='lat'>,</span> <span class='ocrx_word' id='word_1_527' title='bbox 1854 1810 1974 1868; x_wconf 88' lang='lat' dir='ltr'>quod</span> <span class='ocrx_word' id='word_1_528' title='bbox 1991 1811 2123 1862; x_wconf 72' lang='lat' dir='ltr'>altos,</span> <span class='ocrx_word' id='word_1_529' title='bbox 2150 1809 2307 1867; x_wconf 84' lang='lat' dir='ltr'>quibus</span> <span class='ocrx_word' id='word_1_530' title='bbox 2323 1817 2429 1853; x_wconf 83' lang='lat' dir='ltr'>ante</span> <span class='ocrx_word' id='word_1_531' title='bbox 2446 1822 2517 1853; x_wconf 80' lang='lat' dir='ltr'>me</span> <span class='ocrx_word' id='word_1_532' title='bbox 2531 1809 2713 1868; x_wconf 67' lang='lat' dir='ltr'>plagul-</span> <span class='ocrx_word' id='word_1_533' title='bbox 2728 1814 2756 1876; x_wconf 43' lang='grc' dir='ltr'>ἤιέ</span> 
     </span>
     <span class='ocr_line' id='line_1_74' title="bbox 1470 1883 2715 1946; baseline 0.003 -18"><span class='ocrx_word' id='word_1_534' title='bbox 1470 1886 1613 1929; x_wconf 88' lang='lat' dir='ltr'>larum</span> <span class='ocrx_word' id='word_1_535' title='bbox 1632 1883 1903 1944; x_wconf 81' lang='lat' dir='ltr'>copiasacta</span> <span class='ocrx_word' id='word_1_536' title='bbox 1922 1895 2033 1941; x_wconf 87' lang='lat' dir='ltr'>erat,</span> <span class='ocrx_word' id='word_1_537' title='bbox 2041 1883 2247 1943; x_wconf 81' lang='lat' dir='ltr'>fugerat.</span> <span class='ocrx_word' id='word_1_538' title='bbox 2267 1886 2320 1930; x_wconf 89' lang='lat' dir='ltr'>Si</span> <span class='ocrx_word' id='word_1_539' title='bbox 2341 1886 2452 1946; x_wconf 83' lang='lat' dir='ltr'>quid</span> <span class='ocrx_word' id='word_1_540' title='bbox 2463 1894 2601 1945; x_wconf 67' lang='lat' dir='ltr'>pum</span> <span class='ocrx_word' id='word_1_541' title='bbox 2617 1899 2715 1932; x_wconf 72' lang='lat' dir='ltr'>esse</span> 
     </span>
     <span class='ocr_line' id='line_1_75' title="bbox 1470 1956 2756 2020; baseline 0.002 -18"><span class='ocrx_word' id='word_1_542' title='bbox 1470 1963 1518 2003; x_wconf 86' lang='lat' dir='ltr'>in</span> <span class='ocrx_word' id='word_1_543' title='bbox 1536 1963 1702 2014; x_wconf 85' lang='lat' dir='ltr'>nostris,</span> <span class='ocrx_word' id='word_1_544' title='bbox 1722 1962 1844 2019; x_wconf 86' lang='lat' dir='ltr'>quod</span> <span class='ocrx_word' id='word_1_545' title='bbox 1856 1965 2063 2017; x_wconf 76' lang='lat' dir='ltr'>teJuvare</span> <span class='ocrx_word' id='word_1_546' title='bbox 2073 1964 2226 2020; x_wconf 86' lang='lat' dir='ltr'>possit,</span> <span class='ocrx_word' id='word_1_547' title='bbox 2249 1965 2423 2004; x_wconf 89' lang='lat' dir='ltr'>mittam</span> <span class='ocrx_word' id='word_1_548' title='bbox 2445 1975 2548 2020; x_wconf 82' lang='lat' dir='ltr'>quoe</span> <span class='ocrx_word' id='word_1_549' title='bbox 2567 1959 2712 2005; x_wconf 70' lang='lat' dir='ltr'>liabeo</span> <span class='ocrx_word' id='word_1_550' title='bbox 2745 1956 2756 2018; x_wconf 17' lang='grc' dir='ltr'>’Δ</span> 
     </span>
     <span class='ocr_line' id='line_1_76' title="bbox 1468 2033 2713 2097; baseline 0.001 -18"><span class='ocrx_word' id='word_1_551' title='bbox 1468 2039 1637 2080; x_wconf 86' lang='lat' dir='ltr'>statim.</span> <span class='ocrx_word' id='word_1_552' title='bbox 1659 2033 1725 2080; x_wconf 81' lang='lat' dir='ltr'>Cr.</span> <span class='ocrx_word' id='word_1_553' title='bbox 1752 2035 1978 2083; x_wconf 83' lang='lat' dir='ltr'>Hoeschel.</span> <span class='ocrx_word' id='word_1_554' title='bbox 1999 2036 2049 2081; x_wconf 90' lang='lat' dir='ltr'>in</span> <span class='ocrx_word' id='word_1_555' title='bbox 2070 2035 2238 2097; x_wconf 82' lang='lat' dir='ltr'>Geogr.</span> <span class='ocrx_word' id='word_1_556' title='bbox 2263 2052 2308 2097; x_wconf 89' lang='lat' dir='ltr'>p.</span> <span class='ocrx_word' id='word_1_557' title='bbox 2331 2051 2418 2095; x_wconf 87' lang='lat'>¹90</span> <span class='ocrx_word' id='word_1_558' title='bbox 2439 2052 2450 2080; x_wconf 89' lang='lat'>:</span> <span class='ocrx_word' id='word_1_559' title='bbox 2469 2037 2587 2094; x_wconf 87' lang='lat' dir='ltr'>Quos</span> <span class='ocrx_word' id='word_1_560' title='bbox 2609 2050 2713 2081; x_wconf 79' lang='lat' dir='ltr'>ver·</span> 
     </span>
     <span class='ocr_line' id='line_1_77' title="bbox 1467 2111 2756 2176; baseline 0.002 -20"><span class='ocrx_word' id='word_1_561' title='bbox 1467 2128 1542 2157; x_wconf 84' lang='lat' dir='ltr'>sus</span> <span class='ocrx_word' id='word_1_562' title='bbox 1563 2112 1659 2176; x_wconf 89' lang='lat' dir='ltr'>(sc.</span> <span class='ocrx_word' id='word_1_563' title='bbox 1677 2112 1970 2175; x_wconf 86' lang='lat' dir='ltr'>periegeseos</span> <span class='ocrx_word' id='word_1_564' title='bbox 1989 2111 2228 2169; x_wconf 72' lang='lat' dir='ltr'>iambicae)</span> <span class='ocrx_word' id='word_1_565' title='bbox 2246 2124 2294 2158; x_wconf 89' lang='lat' dir='ltr'>ut</span> <span class='ocrx_word' id='word_1_566' title='bbox 2314 2128 2502 2174; x_wconf 82' lang='lat' dir='ltr'>magnus</span> <span class='ocrx_word' id='word_1_567' title='bbox 2519 2114 2599 2157; x_wconf 85' lang='lat' dir='ltr'>ille</span> <span class='ocrx_word' id='word_1_568' title='bbox 2615 2113 2710 2159; x_wconf 79' lang='grc' dir='ltr'>Ιω.</span> <span class='ocrx_word' id='word_1_569' title='bbox 2752 2137 2756 2170; x_wconf 76' lang='lat'>3</span> 
     </span>
     <span class='ocr_line' id='line_1_78' title="bbox 1471 2185 2714 2248; baseline 0 -16"><span class='ocrx_word' id='word_1_570' title='bbox 1471 2188 1677 2247; x_wconf 81' lang='lat' dir='ltr'>Scaliger</span> <span class='ocrx_word' id='word_1_571' title='bbox 1694 2191 1910 2243; x_wconf 74' lang='lat' dir='ltr'>distinxit,</span> <span class='ocrx_word' id='word_1_572' title='bbox 1941 2193 2139 2248; x_wconf 87' lang='lat' dir='ltr'>imprimi</span> <span class='ocrx_word' id='word_1_573' title='bbox 2157 2193 2420 2233; x_wconf 81' lang='lat' dir='ltr'>curavimus.</span> <span class='ocrx_word' id='word_1_574' title='bbox 2453 2185 2585 2233; x_wconf 85' lang='lat' dir='ltr'>Nunc</span> <span class='ocrx_word' id='word_1_575' title='bbox 2605 2186 2714 2233; x_wconf 80' lang='lat' dir='ltr'>Sca-</span> 
     </span>
     <span class='ocr_line' id='line_1_79' title="bbox 1470 2260 2715 2323; baseline 0 -15"><span class='ocrx_word' id='word_1_576' title='bbox 1470 2262 1606 2323; x_wconf 84' lang='lat' dir='ltr'>ligeri</span> <span class='ocrx_word' id='word_1_577' title='bbox 1627 2262 1704 2309; x_wconf 92' lang='lat' dir='ltr'>hic</span> <span class='ocrx_word' id='word_1_578' title='bbox 1726 2262 1848 2309; x_wconf 89' lang='lat' dir='ltr'>liber</span> <span class='ocrx_word' id='word_1_579' title='bbox 1878 2272 2139 2310; x_wconf 83' lang='lat' dir='ltr'>asservatur</span> <span class='ocrx_word' id='word_1_580' title='bbox 2160 2262 2332 2309; x_wconf 87' lang='lat' dir='ltr'>Oxonii</span> <span class='ocrx_word' id='word_1_581' title='bbox 2358 2263 2409 2310; x_wconf 90' lang='lat' dir='ltr'>in</span> <span class='ocrx_word' id='word_1_582' title='bbox 2425 2260 2715 2309; x_wconf 85' lang='lat' dir='ltr'>bibliotheca</span> 
     </span>
     <span class='ocr_line' id='line_1_80' title="bbox 1471 2336 2716 2399; baseline 0.002 -16"><span class='ocrx_word' id='word_1_583' title='bbox 1471 2337 1738 2399; x_wconf 85' lang='lat' dir='ltr'>Bodlejana.</span> <span class='ocrx_word' id='word_1_584' title='bbox 1763 2338 1966 2398; x_wconf 84' lang='lat' dir='ltr'>Margini</span> <span class='ocrx_word' id='word_1_585' title='bbox 1988 2338 2090 2399; x_wconf 88' lang='lat' dir='ltr'>ejus</span> <span class='ocrx_word' id='word_1_586' title='bbox 2108 2353 2248 2384; x_wconf 89' lang='lat' dir='ltr'>manu</span> <span class='ocrx_word' id='word_1_587' title='bbox 2265 2336 2532 2398; x_wconf 82' lang='lat' dir='ltr'>Casauboni</span> <span class='ocrx_word' id='word_1_588' title='bbox 2679 2337 2716 2374; x_wconf 87' lang='lat'>&#39;-</span> 
     </span>
     <span class='ocr_line' id='line_1_81' title="bbox 1473 2409 2714 2475; baseline 0.002 -18"><span class='ocrx_word' id='word_1_589' title='bbox 1473 2423 1551 2473; x_wconf 87' lang='lat' dir='ltr'>pta</span> <span class='ocrx_word' id='word_1_590' title='bbox 1574 2413 1817 2472; x_wconf 80' lang='lat' dir='ltr'>leguntur:</span> <span class='ocrx_word' id='word_1_591' title='bbox 1843 2418 2012 2458; x_wconf 85' lang='lat' dir='ltr'>Incerti</span> <span class='ocrx_word' id='word_1_592' title='bbox 2047 2418 2239 2458; x_wconf 85' lang='lat' dir='ltr'>auctoris</span> <span class='ocrx_word' id='word_1_593' title='bbox 2271 2409 2519 2475; x_wconf 73' lang='grc' dir='ltr'>πιριήγησις</span> <span class='ocrx_word' id='word_1_594' title='bbox 2632 2428 2714 2462; x_wconf 74' lang='lat' dir='ltr'>ms.</span> 
     </span>
     <span class='ocr_line' id='line_1_82' title="bbox 1472 2490 2717 2549; baseline 0.003 -18"><span class='ocrx_word' id='word_1_595' title='bbox 1472 2490 1566 2532; x_wconf 87' lang='lat' dir='ltr'>cod.</span> <span class='ocrx_word' id='word_1_596' title='bbox 1589 2491 1683 2535; x_wconf 81' lang='lat' dir='ltr'>Ios.</span> <span class='ocrx_word' id='word_1_597' title='bbox 1706 2490 1939 2549; x_wconf 81' lang='lat' dir='ltr'>Scaligeri,</span> <span class='ocrx_word' id='word_1_598' title='bbox 1967 2491 2060 2535; x_wconf 82' lang='lat' dir='ltr'>Iul.</span> <span class='ocrx_word' id='word_1_599' title='bbox 2076 2490 2286 2547; x_wconf 83' lang='lat' dir='ltr'>Coes.fil.‚</span> <span class='ocrx_word' id='word_1_600' title='bbox 2307 2503 2435 2548; x_wconf 85' lang='lat' dir='ltr'>quem</span> <span class='ocrx_word' id='word_1_601' title='bbox 2457 2490 2536 2534; x_wconf 84' lang='lat' dir='ltr'>ille</span> <span class='ocrx_word' id='word_1_602' title='bbox 2657 2494 2717 2535; x_wconf 85' lang='lat' dir='ltr'>ri-</span> 
     </span>
     <span class='ocr_line' id='line_1_83' title="bbox 1468 2567 2718 2627; baseline 0.006 -17"><span class='ocrx_word' id='word_1_603' title='bbox 1468 2571 1560 2625; x_wconf 85' lang='lat' dir='ltr'>psit</span> <span class='ocrx_word' id='word_1_604' title='bbox 1571 2582 1631 2610; x_wconf 77' lang='lat' dir='ltr'>ex</span> <span class='ocrx_word' id='word_1_605' title='bbox 1650 2569 1780 2627; x_wconf 84' lang='lat' dir='ltr'>longe</span> <span class='ocrx_word' id='word_1_606' title='bbox 1795 2572 2087 2611; x_wconf 85' lang='lat' dir='ltr'>vetustissimo</span> <span class='ocrx_word' id='word_1_607' title='bbox 2098 2569 2197 2612; x_wconf 86' lang='lat' dir='ltr'>cod.</span> <span class='ocrx_word' id='word_1_608' title='bbox 2219 2582 2303 2614; x_wconf 86' lang='lat' dir='ltr'>ms.</span> <span class='ocrx_word' id='word_1_609' title='bbox 2322 2567 2502 2623; x_wconf 75' lang='lat' dir='ltr'>Pithaei,</span> <span class='ocrx_word' id='word_1_610' title='bbox 2530 2578 2718 2619; x_wconf 72' lang='lat' dir='ltr'>notante</span> 
     </span>
     <span class='ocr_line' id='line_1_84' title="bbox 1475 2638 2717 2709; baseline 0.005 -20"><span class='ocrx_word' id='word_1_611' title='bbox 1475 2644 1696 2690; x_wconf 83' lang='lat' dir='ltr'>lludsono</span> <span class='ocrx_word' id='word_1_612' title='bbox 1718 2646 1888 2704; x_wconf 80' lang='lat' dir='ltr'>Geogr.</span> <span class='ocrx_word' id='word_1_613' title='bbox 1906 2655 1940 2692; x_wconf 93' lang='lat' dir='ltr'>t.</span> <span class='ocrx_word' id='word_1_614' title='bbox 1958 2644 2002 2690; x_wconf 87' lang='grc' dir='ltr'>ΙΙ</span> <span class='ocrx_word' id='word_1_615' title='bbox 2027 2645 2156 2707; x_wconf 82' lang='lat' dir='ltr'>praef.</span> <span class='ocrx_word' id='word_1_616' title='bbox 2170 2654 2284 2691; x_wconf 86' lang='lat' dir='ltr'>etex</span> <span class='ocrx_word' id='word_1_617' title='bbox 2295 2645 2503 2693; x_wconf 87' lang='lat' dir='ltr'>Crameri</span> <span class='ocrx_word' id='word_1_618' title='bbox 2521 2638 2717 2709; x_wconf 84' lang='lat' dir='ltr'>epistola</span> 
     </span>
     <span class='ocr_line' id='line_1_85' title="bbox 1473 2723 2718 2786; baseline 0.005 -17"><span class='ocrx_word' id='word_1_619' title='bbox 1473 2723 1525 2771; x_wconf 83' lang='lat' dir='ltr'>E.</span> <span class='ocrx_word' id='word_1_620' title='bbox 1551 2724 1735 2771; x_wconf 88' lang='lat' dir='ltr'>Millero</span> <span class='ocrx_word' id='word_1_621' title='bbox 1770 2724 1818 2769; x_wconf 91' lang='lat' dir='ltr'>in</span> <span class='ocrx_word' id='word_1_622' title='bbox 1842 2726 2050 2769; x_wconf 86' lang='lat' dir='ltr'>Marcien</span> <span class='ocrx_word' id='word_1_623' title='bbox 2074 2724 2198 2782; x_wconf 75' lang='lat' dir='ltr'>Pref.</span> <span class='ocrx_word' id='word_1_624' title='bbox 2236 2741 2284 2786; x_wconf 91' lang='lat' dir='ltr'>p.</span> <span class='ocrx_word' id='word_1_625' title='bbox 2324 2724 2447 2774; x_wconf 80' lang='lat' dir='ltr'>xxl.</span> <span class='ocrx_word' id='word_1_626' title='bbox 2487 2725 2718 2775; x_wconf 76' lang='lat' dir='ltr'>Praeterea</span> 
     </span>
    </p>
   </div>
   <div class='ocr_carea' id='block_1_9' title="bbox 1471 2804 2718 3847">
    <p class='ocr_par' dir='ltr' id='par_1_9' title="bbox 1471 2804 2718 3620">
     <span class='ocr_line' id='line_1_86' title="bbox 1474 2804 2717 2869; baseline 0.005 -21"><span class='ocrx_word' id='word_1_627' title='bbox 1474 2809 1660 2850; x_wconf 84' lang='lat' dir='ltr'>Isaacus</span> <span class='ocrx_word' id='word_1_628' title='bbox 1697 2807 1981 2851; x_wconf 81' lang='lat' dir='ltr'>Casaubonus</span> <span class='ocrx_word' id='word_1_629' title='bbox 2014 2804 2272 2866; x_wconf 83' lang='lat' dir='ltr'>periegesin</span> <span class='ocrx_word' id='word_1_630' title='bbox 2303 2804 2577 2867; x_wconf 86' lang='lat' dir='ltr'>iambicam,</span> <span class='ocrx_word' id='word_1_631' title='bbox 2600 2821 2717 2869; x_wconf 63' lang='lat' dir='ltr'>qne</span> 
     </span>
     <span class='ocr_line' id='line_1_87' title="bbox 1477 2878 2717 2940; baseline 0.002 -14"><span class='ocrx_word' id='word_1_632' title='bbox 1477 2879 1565 2926; x_wconf 88' lang='lat' dir='ltr'>sub</span> <span class='ocrx_word' id='word_1_633' title='bbox 1606 2880 1825 2926; x_wconf 83' lang='lat' dir='ltr'>Marciani</span> <span class='ocrx_word' id='word_1_634' title='bbox 1849 2878 2169 2926; x_wconf 81' lang='lat' dir='ltr'>nomine&#39;tum</span> <span class='ocrx_word' id='word_1_635' title='bbox 2205 2879 2634 2940; x_wconf 80' lang='lat' dir='ltr'>circumferebatur,</span> <span class='ocrx_word' id='word_1_636' title='bbox 2658 2881 2717 2928; x_wconf 91' lang='lat' dir='ltr'>ad</span> 
     </span>
     <span class='ocr_line' id='line_1_88' title="bbox 1473 2954 2717 3011; baseline 0.005 -12"><span class='ocrx_word' id='word_1_637' title='bbox 1473 2954 1707 3001; x_wconf 87' lang='lat' dir='ltr'>Velserum</span> <span class='ocrx_word' id='word_1_638' title='bbox 1743 2956 1885 3011; x_wconf 85' lang='lat' dir='ltr'>misit,</span> <span class='ocrx_word' id='word_1_639' title='bbox 1916 2955 1990 3003; x_wconf 82' lang='lat' dir='ltr'>hic</span> <span class='ocrx_word' id='word_1_640' title='bbox 2023 2971 2137 3002; x_wconf 80' lang='lat' dir='ltr'>vero</span> <span class='ocrx_word' id='word_1_641' title='bbox 2167 2971 2271 3002; x_wconf 90' lang='lat' dir='ltr'>cum</span> <span class='ocrx_word' id='word_1_642' title='bbox 2307 2954 2570 3004; x_wconf 71' lang='lat' dir='ltr'>Hoeschelio&#39;</span> <span class='ocrx_word' id='word_1_643' title='bbox 2589 2970 2717 3005; x_wconf 74' lang='lat' dir='ltr'>om·</span> 
     </span>
     <span class='ocr_line' id='line_1_89' title="bbox 1473 3031 2718 3094; baseline 0.002 -17"><span class='ocrx_word' id='word_1_644' title='bbox 1473 3032 1743 3080; x_wconf 85' lang='lat' dir='ltr'>municavit.</span> <span class='ocrx_word' id='word_1_645' title='bbox 1775 3031 1829 3077; x_wconf 81' lang='lat' dir='ltr'>V.</span> <span class='ocrx_word' id='word_1_646' title='bbox 1857 3031 2084 3078; x_wconf 86' lang='lat' dir='ltr'>lloeschel.</span> <span class='ocrx_word' id='word_1_647' title='bbox 2118 3032 2293 3092; x_wconf 82' lang='lat' dir='ltr'>Geogr.</span> <span class='ocrx_word' id='word_1_648' title='bbox 2317 3049 2366 3094; x_wconf 87' lang='lat' dir='ltr'>p.</span> <span class='ocrx_word' id='word_1_649' title='bbox 2399 3048 2418 3078; x_wconf 83' lang='lat'>1</span> <span class='ocrx_word' id='word_1_650' title='bbox 2445 3048 2457 3078; x_wconf 77' lang='lat' dir='ltr'><em>z</em></span> <span class='ocrx_word' id='word_1_651' title='bbox 2485 3035 2718 3079; x_wconf 75' lang='lat' dir='ltr'>Marciani</span> 
     </span>
     <span class='ocr_line' id='line_1_90' title="bbox 1473 3108 2717 3167; baseline 0 -14"><span class='ocrx_word' id='word_1_652' title='bbox 1473 3111 1718 3167; x_wconf 84' lang='lat' dir='ltr'>Periegcsis</span> <span class='ocrx_word' id='word_1_653' title='bbox 1739 3126 1764 3153; x_wconf 87' lang='lat' dir='ltr'>c</span> <span class='ocrx_word' id='word_1_654' title='bbox 1783 3126 1883 3153; x_wconf 90' lang='lat' dir='ltr'>mss.</span> <span class='ocrx_word' id='word_1_655' title='bbox 1906 3111 2033 3154; x_wconf 88' lang='lat' dir='ltr'>codd.</span> <span class='ocrx_word' id='word_1_656' title='bbox 2075 3111 2177 3156; x_wconf 87' lang='lat' dir='ltr'>Pal.</span> <span class='ocrx_word' id='word_1_657' title='bbox 2203 3112 2243 3153; x_wconf 85' lang='lat' dir='ltr'><em>E</em></span> <span class='ocrx_word' id='word_1_658' title='bbox 2246 3112 2343 3156; x_wconf 89' lang='lat' dir='ltr'>lect.</span> <span class='ocrx_word' id='word_1_659' title='bbox 2370 3118 2416 3153; x_wconf 88' lang='lat' dir='ltr'>et</span> <span class='ocrx_word' id='word_1_660' title='bbox 2440 3112 2597 3153; x_wconf 85' lang='lat' dir='ltr'>Isaaci</span> <span class='ocrx_word' id='word_1_661' title='bbox 2628 3108 2717 3157; x_wconf 82' lang='lat' dir='ltr'>Ca·</span> 
     </span>
     <span class='ocr_line' id='line_1_91' title="bbox 1471 3183 2711 3244; baseline 0.001 -17"><span class='ocrx_word' id='word_1_662' title='bbox 1471 3183 1673 3231; x_wconf 82' lang='lat' dir='ltr'>sauboni.</span> <span class='ocrx_word' id='word_1_663' title='bbox 1707 3188 1894 3244; x_wconf 80' lang='lat' dir='ltr'>Reliqua</span> <span class='ocrx_word' id='word_1_664' title='bbox 1925 3190 2094 3243; x_wconf 87' lang='lat' dir='ltr'>partim</span> <span class='ocrx_word' id='word_1_665' title='bbox 2124 3200 2148 3227; x_wconf 89' lang='lat' dir='ltr'>e</span> <span class='ocrx_word' id='word_1_666' title='bbox 2174 3186 2328 3228; x_wconf 88' lang='lat' dir='ltr'>Palat.</span> <span class='ocrx_word' id='word_1_667' title='bbox 2355 3188 2521 3243; x_wconf 84' lang='lat' dir='ltr'>partim</span> <span class='ocrx_word' id='word_1_668' title='bbox 2551 3198 2611 3228; x_wconf 72' lang='lat' dir='ltr'>ea·</span> <span class='ocrx_word' id='word_1_669' title='bbox 2636 3185 2711 3228; x_wconf 76' lang='lat' dir='ltr'>lo.</span> 
     </span>
     <span class='ocr_line' id='line_1_92' title="bbox 1477 3255 2715 3318; baseline -0.001 -14"><span class='ocrx_word' id='word_1_670' title='bbox 1477 3261 1636 3318; x_wconf 77' lang='lat' dir='ltr'>Georg.</span> <span class='ocrx_word' id='word_1_671' title='bbox 1670 3263 1898 3304; x_wconf 78' lang='lat' dir='ltr'>Hcrvuorti</span> <span class='ocrx_word' id='word_1_672' title='bbox 1920 3261 2042 3303; x_wconf 83' lang='lat' dir='ltr'>libris</span> <span class='ocrx_word' id='word_1_673' title='bbox 2065 3261 2241 3302; x_wconf 85' lang='lat' dir='ltr'>calamo</span> <span class='ocrx_word' id='word_1_674' title='bbox 2273 3261 2488 3304; x_wconf 66' lang='lat' dir='ltr'>exaratis.</span> <span class='ocrx_word' id='word_1_675' title='bbox 2515 3255 2642 3303; x_wconf 72' lang='lat' dir='ltr'>Idem</span> <span class='ocrx_word' id='word_1_676' title='bbox 2666 3256 2715 3303; x_wconf 85' lang='lat' dir='ltr'>in</span> 
     </span>
     <span class='ocr_line' id='line_1_93' title="bbox 1478 3336 2712 3395; baseline -0.002 -16"><span class='ocrx_word' id='word_1_677' title='bbox 1478 3343 1574 3380; x_wconf 91' lang='lat' dir='ltr'>not.</span> <span class='ocrx_word' id='word_1_678' title='bbox 1597 3350 1643 3395; x_wconf 89' lang='lat' dir='ltr'>p.</span> <span class='ocrx_word' id='word_1_679' title='bbox 1678 3350 1763 3393; x_wconf 78' lang='lat'>¹90</span> <span class='ocrx_word' id='word_1_680' title='bbox 1802 3349 1813 3379; x_wconf 90' lang='lat'>:</span> <span class='ocrx_word' id='word_1_681' title='bbox 1842 3336 1981 3391; x_wconf 82' lang='lat' dir='ltr'>Hujus</span> <span class='ocrx_word' id='word_1_682' title='bbox 1994 3338 2277 3392; x_wconf 76' lang='lat' dir='ltr'>pcriegescos</span> <span class='ocrx_word' id='word_1_683' title='bbox 2300 3337 2475 3391; x_wconf 85' lang='lat' dir='ltr'>copiam</span> <span class='ocrx_word' id='word_1_684' title='bbox 2500 3337 2712 3392; x_wconf 72' lang='lat' dir='ltr'>prImus..</span> 
     </span>
     <span class='ocr_line' id='line_1_94' title="bbox 1481 3406 2714 3469; baseline 0.001 -16"><span class='ocrx_word' id='word_1_685' title='bbox 1481 3412 1659 3455; x_wconf 86' lang='lat' dir='ltr'>Velsero</span> <span class='ocrx_word' id='word_1_686' title='bbox 1691 3420 1837 3454; x_wconf 81' lang='lat' dir='ltr'>nostro</span> <span class='ocrx_word' id='word_1_687' title='bbox 1856 3409 1975 3466; x_wconf 79' lang='lat' dir='ltr'>jecit</span> <span class='ocrx_word' id='word_1_688' title='bbox 2010 3412 2072 3453; x_wconf 87' lang='lat' dir='ltr'>Is.</span> <span class='ocrx_word' id='word_1_689' title='bbox 2116 3408 2418 3453; x_wconf 83' lang='lat' dir='ltr'>Casaubonus.</span> <span class='ocrx_word' id='word_1_690' title='bbox 2444 3406 2580 3461; x_wconf 82' lang='lat' dir='ltr'>Quod</span> <span class='ocrx_word' id='word_1_691' title='bbox 2608 3407 2714 3469; x_wconf 85' lang='lat' dir='ltr'>qui·</span> 
     </span>
     <span class='ocr_line' id='line_1_95' title="bbox 1477 3480 2716 3544; baseline -0.001 -14"><span class='ocrx_word' id='word_1_692' title='bbox 1477 3483 1580 3530; x_wconf 88' lang='lat' dir='ltr'>dem</span> <span class='ocrx_word' id='word_1_693' title='bbox 1597 3480 1856 3532; x_wconf 75' lang='lat' dir='ltr'>Cas‘auboni</span> <span class='ocrx_word' id='word_1_694' title='bbox 1877 3484 2099 3543; x_wconf 83' lang='lat' dir='ltr'>scriptum</span> <span class='ocrx_word' id='word_1_695' title='bbox 2115 3482 2189 3529; x_wconf 85' lang='lat' dir='ltr'>vel</span> <span class='ocrx_word' id='word_1_696' title='bbox 2209 3498 2267 3528; x_wconf 86' lang='lat' dir='ltr'>ex</span> <span class='ocrx_word' id='word_1_697' title='bbox 2290 3482 2394 3544; x_wconf 85' lang='lat' dir='ltr'>ipso</span> <span class='ocrx_word' id='word_1_698' title='bbox 2415 3491 2574 3528; x_wconf 85' lang='lat' dir='ltr'>nostro</span> <span class='ocrx_word' id='word_1_699' title='bbox 2589 3480 2716 3530; x_wconf 85' lang='lat' dir='ltr'>codi-</span> 
     </span>
     <span class='ocr_line' id='line_1_96' title="bbox 1478 3553 2713 3620; baseline -0.001 -14"><span class='ocrx_word' id='word_1_700' title='bbox 1478 3574 1529 3605; x_wconf 89' lang='lat' dir='ltr'>ce</span> <span class='ocrx_word' id='word_1_701' title='bbox 1555 3561 1627 3606; x_wconf 84' lang='lat' dir='ltr'>vel</span> <span class='ocrx_word' id='word_1_702' title='bbox 1653 3576 1709 3606; x_wconf 81' lang='lat' dir='ltr'>ex</span> <span class='ocrx_word' id='word_1_703' title='bbox 1729 3560 2042 3619; x_wconf 79' lang='lat' dir='ltr'>Scaligeriano</span> <span class='ocrx_word' id='word_1_704' title='bbox 2062 3556 2327 3620; x_wconf 81' lang='lat' dir='ltr'>apographo</span> <span class='ocrx_word' id='word_1_705' title='bbox 2351 3556 2539 3603; x_wconf 82' lang='lat' dir='ltr'>fluxisse</span> <span class='ocrx_word' id='word_1_706' title='bbox 2560 3553 2713 3605; x_wconf 85' lang='lat' dir='ltr'>debet.</span> 
     </span>
    </p>

    <p class='ocr_par' dir='ltr' id='par_1_10' title="bbox 1478 3629 2716 3847">
     <span class='ocr_line' id='line_1_97' title="bbox 1542 3629 2716 3697; baseline -0.005 -15"><span class='ocrx_word' id='word_1_707' title='bbox 1542 3652 1589 3692; x_wconf 90' lang='lat'>7.</span> <span class='ocrx_word' id='word_1_708' title='bbox 1610 3635 1691 3681; x_wconf 88' lang='lat' dir='ltr'>llis</span> <span class='ocrx_word' id='word_1_709' title='bbox 1718 3634 1986 3697; x_wconf 77' lang='lat' dir='ltr'>praemissis,</span> <span class='ocrx_word' id='word_1_710' title='bbox 2004 3642 2212 3695; x_wconf 86' lang='lat' dir='ltr'>superest</span> <span class='ocrx_word' id='word_1_711' title='bbox 2235 3642 2284 3678; x_wconf 92' lang='lat' dir='ltr'>ut</span> <span class='ocrx_word' id='word_1_712' title='bbox 2301 3631 2358 3678; x_wconf 89' lang='lat' dir='ltr'>de</span> <span class='ocrx_word' id='word_1_713' title='bbox 2384 3629 2542 3677; x_wconf 87' lang='lat' dir='ltr'>indole</span> <span class='ocrx_word' id='word_1_714' title='bbox 2558 3645 2613 3677; x_wconf 83' lang='lat' dir='ltr'>ac</span> <span class='ocrx_word' id='word_1_715' title='bbox 2630 3629 2716 3676; x_wconf 87' lang='lat' dir='ltr'>ha-</span> 
     </span>
     <span class='ocr_line' id='line_1_98' title="bbox 1478 3705 2715 3770; baseline -0.006 -13"><span class='ocrx_word' id='word_1_716' title='bbox 1478 3709 1580 3757; x_wconf 90' lang='lat' dir='ltr'>bitu</span> <span class='ocrx_word' id='word_1_717' title='bbox 1603 3710 1777 3756; x_wconf 81' lang='lat' dir='ltr'>codicis</span> <span class='ocrx_word' id='word_1_718' title='bbox 1808 3709 2006 3756; x_wconf 83' lang='lat' dir='ltr'>Parisini</span> <span class='ocrx_word' id='word_1_719' title='bbox 2031 3723 2331 3770; x_wconf 85' lang='lat' dir='ltr'>exponamus.</span> <span class='ocrx_word' id='word_1_720' title='bbox 2362 3705 2715 3766; x_wconf 74' lang='lat' dir='ltr'>Pergamenteus</span> 
     </span>
     <span class='ocr_line' id='line_1_99' title="bbox 1479 3778 2715 3847; baseline -0.006 -16"><span class='ocrx_word' id='word_1_721' title='bbox 1479 3795 1573 3843; x_wconf 88' lang='lat' dir='ltr'>est,</span> <span class='ocrx_word' id='word_1_722' title='bbox 1613 3796 1837 3847; x_wconf 86' lang='lat' dir='ltr'>quartana</span> <span class='ocrx_word' id='word_1_723' title='bbox 1873 3785 2016 3831; x_wconf 75' lang='lat' dir='ltr'>forma</span> <span class='ocrx_word' id='word_1_724' title='bbox 2053 3784 2268 3839; x_wconf 81' lang='lat' dir='ltr'>minima,</span> <span class='ocrx_word' id='word_1_725' title='bbox 2318 3789 2513 3828; x_wconf 81' lang='lat' dir='ltr'>exeunte</span> <span class='ocrx_word' id='word_1_726' title='bbox 2547 3778 2715 3826; x_wconf 76' lang='lat' dir='ltr'>saeculo</span> 
     </span>
    </p>
   </div>
   <div class='ocr_carea' id='block_1_10' title="bbox 2720 370 2756 1087">
    <p class='ocr_par' dir='ltr' id='par_1_11' title="bbox 2720 370 2756 1087">
     <span class='ocr_line' id='line_1_100' title="bbox 2720 370 2756 658; baseline 0 -180"><span class='ocrx_word' id='word_1_727' title='bbox 2720 370 2756 658; x_wconf 95' lang='lat' dir='ltr'>   </span> 
     </span>
     <span class='ocr_line' id='line_1_101' title="bbox 2723 658 2756 913; baseline 0 -78"><span class='ocrx_word' id='word_1_728' title='bbox 2723 658 2756 913; x_wconf 95' lang='lat' dir='ltr'>    </span> 
     </span>
     <span class='ocr_line' id='line_1_102' title="bbox 2742 913 2756 1087; baseline 0.5 -6"><span class='ocrx_word' id='word_1_729' title='bbox 2742 913 2756 1087; x_wconf 95' lang='lat' dir='ltr'>   </span> 
     </span>
    </p>
   </div>
   <div class='ocr_carea' id='block_1_11' title="bbox 1480 3853 2715 3996">
    <p class='ocr_par' dir='ltr' id='par_1_12' title="bbox 1480 3853 2715 3996">
     <span class='ocr_line' id='line_1_103' title="bbox 1480 3853 2715 3916; baseline -0.007 -9"><span class='ocrx_word' id='word_1_730' title='bbox 1480 3861 1753 3909; x_wconf 85' lang='lat' dir='ltr'>duodecimo</span> <span class='ocrx_word' id='word_1_731' title='bbox 1789 3863 1859 3908; x_wconf 84' lang='lat' dir='ltr'>vel</span> <span class='ocrx_word' id='word_1_732' title='bbox 1893 3862 2079 3908; x_wconf 86' lang='lat' dir='ltr'>ineunte</span> <span class='ocrx_word' id='word_1_733' title='bbox 2120 3860 2299 3906; x_wconf 87' lang='lat' dir='ltr'>decimo</span> <span class='ocrx_word' id='word_1_734' title='bbox 2341 3856 2478 3903; x_wconf 87' lang='lat' dir='ltr'>tertio</span> <span class='ocrx_word' id='word_1_735' title='bbox 2515 3853 2715 3916; x_wconf 83' lang='lat' dir='ltr'>scriptus</span> 
     </span>
     <span class='ocr_line' id='line_1_104' title="bbox 1480 3927 2714 3996; baseline -0.007 -14"><span class='ocrx_word' id='word_1_736' title='bbox 1480 3938 1590 3983; x_wconf 80' lang='lat' dir='ltr'>satis</span> <span class='ocrx_word' id='word_1_737' title='bbox 1609 3938 1775 3995; x_wconf 80' lang='lat' dir='ltr'>nitide,</span> <span class='ocrx_word' id='word_1_738' title='bbox 1810 3947 2059 3984; x_wconf 87' lang='lat' dir='ltr'>atramento</span> <span class='ocrx_word' id='word_1_739' title='bbox 2081 3933 2285 3996; x_wconf 82' lang='lat' dir='ltr'>egregio.</span> <span class='ocrx_word' id='word_1_740' title='bbox 2317 3930 2485 3978; x_wconf 78' lang='lat' dir='ltr'>Primae</span> <span class='ocrx_word' id='word_1_741' title='bbox 2514 3927 2714 3991; x_wconf 83' lang='lat' dir='ltr'>capitum</span> 
     </span>
    </p>
   </div>
  </div>
 </body>
</html>
