2808 4342
1068 162 1355 208 HISTORIA
1382 164 1604 210 lNDICA.

65 273 141 332 γ’ῆν
154 306 166 330 ,
184 267 319 314 καὶτὰ
336 266 431 330 πρὸς
444 264 498 310 ἔω
517 251 619 317 αὐτὴ
639 265 662 317 ἠ
681 260 867 307 θάλασσα
885 260 1088 322 ἀπείργει.
1160 262 1208 318 (8)
1227 262 1294 307 Τὰ

69 338 141 398 μὲν
169 337 267 399 πρὸς
293 330 553 393 μεσημὸρίης
574 328 682 375 κατὰ
707 327 888 375 Πάταλά
921 347 965 373 τε
984 328 1056 374 καὶ
1074 333 1145 374 τοῦ
1166 329 1295 376 Ἰνδοῦ

68 406 140 459 τὰς
159 403 328 454 ἐκὸολὰς
341 401 455 462 ὤφθη
479 397 579 460 πρός
596 416 639 443 τε
663 396 924 458 Ἀλεξάνδρου
943 398 1015 442 καὶ
1043 398 1295 443 Μακεδόνων

68 475 140 522 καὶ
161 474 320 519 πολλῶν
342 468 578 525 Ἑλλήνων,
601 466 652 512 τὰ
671 466 712 512 δὲ
733 465 832 528 πρὸς
851 464 923 525 ἔω,
945 466 1204 529 Ἀλέξανδρος
1223 466 1297 523 μὲν

33 560 52 590 5
69 545 142 590 οὐκ
171 542 320 596 ἐπῆλθε
345 537 438 583 τάδε
461 537 602 599 πρόσω
626 539 813 594 ποταμοῦ
851 533 1062 597 Ὑφάσιος·
1099 535 1228 595 ὀλίγοι
1255 534 1296 580 δὲ

67 611 301 673 ἀνέγραψαν
339 607 391 653 τὰ
427 605 550 669 μέχρι
585 609 772 663 ποταμοῦ
806 604 979 663 Γάγγεω
1016 603 1087 648 καὶ
1118 603 1184 648 ἵνα
1226 609 1297 649 τοῦ

65 680 239 741 Γάγγεω
278 680 320 723 αἱ
352 676 520 722 ἐκὸολαὶ
551 673 622 720 καὶ
659 673 775 726 πόλις
809 672 1086 736 Παλίμὸοθρα
1124 673 1296 734 μεγίστη

67 750 204 798 Ἰνδῶν
225 748 326 810 πρὸς
348 749 406 809 τῷ
430 745 591 806 Γάγγῃ.

132 822 214 866 Ι-ΙῙ.
239 816 364 876 Ἐμοὶ
389 815 429 860 δὲ
447 813 744 877 Ἐρατοσθένης
766 816 785 858 ὃ
807 815 1038 876 Κυρηναῖος
1061 812 1300 872 πιστότερος

5 901 46 932 10
68 886 193 933 ἄλλου
209 885 327 940 ἔστω,
345 882 405 929 ὅτι
422 887 493 939 τ’ῆς
510 883 699 945 περιόδου
716 881 813 944 πέρι
833 881 974 941 ἔμελεν
996 881 1295 943 Ἐρατοσθένεϊ.

69 956 116 1018 (2)
142 950 276 1006 Οῧτος
295 953 376 999 ἀπὸ
398 957 467 998 τοῦ
492 952 603 1014 ὄρεος
623 957 691 997 τοῦ
714 951 881 1013 Ταύρου
898 986 908 1004 ,
926 951 994 995 ἵνα
1018 955 1087 995 τοῦ
1107 950 1233 996 Ἰνδοῦ
1258 953 1299 995 αἱ

65 1024 222 1086 πηγαὶ,
242 1023 339 1085 παρ’
369 1024 487 1068 αὐτὸν
517 1021 646 1068 Ἰνδὸν
675 1020 859 1080 ποταμὸν
891 1020 990 1065 ἷόντι
1014 1019 1106 1065 ἔστε
1138 1019 1204 1064 ἐπὶ
1228 1017 1299 1074 τὴν

68 1095 252 1157 μεγάλην
277 1095 487 1139 θάλασσαν
508 1092 578 1136 καὶ
602 1097 670 1136 τοῦ
705 1091 831 1137 Ἰνδοῦ
851 1089 923 1141 τὰς
947 1089 1118 1141 ἔκὸολὰς
1138 1089 1302 1150 μυρίους

70 1164 254 1215 σταδίους
270 1162 340 1208 καὶ
363 1161 609 1224 τρισχιλίους
628 1160 702 1217 τὴν
722 1159 899 1223 πλευρὴν
921 1161 1029 1219 λέγει
1049 1158 1208 1220 ἐπέχειν
1229 1163 1301 1214 τῆς

7 1248 47 1277 15
73 1237 149 1295 γῆς
174 1237 245 1289 τῆς
284 1233 441 1278 Ἰνδῶν.
513 1231 561 1291 (3)
587 1230 774 1285 Ταυτησ).
810 1230 850 1274 δὲ
887 1229 1098 1291 ἀντίπορον
1122 1229 1301 1291 πλευρὴν

69 1301 199 1348 ποιέει
220 1300 291 1357 τὴν
320 1300 400 1345 ἀπὸ
420 1303 491 1345 τοῦ
517 1301 640 1344 αὐτοῦ
660 1299 771 1361 ὄρεος
790 1298 904 1359 παρὰ
922 1297 994 1353 τὴν
1014 1297 1118 1357 ἑῴην
1148 1299 1302 1343 θάλασ-

69 1390 170 1429 σαν,
204 1370 338 1415 οὐκέτι
360 1369 492 1431 ταύτῃ
527 1372 577 1430 τῇ
604 1371 759 1430 πλευρῇ
784 1367 904 1426 ἴσην,
933 1367 1038 1413 ἀλλὰ
1071 1366 1199 1429 ἄκρην
1222 1366 1302 1430 γὰρ

68 1440 227 1501 ἀνέχειν
256 1439 322 1484 ἐπὶ
355 1438 460 1498 με’γα
485 1435 582 1482 εἴσω
609 1440 663 1488 εἷς
692 1437 737 1482 τὸ
761 1435 958 1497 πέλαγος,
994 1438 1032 1487 ἐς
1055 1435 1302 1506 τρισχιλίους

68 1507 258 1558 σταδίους
287 1506 469 1565 μάλιστα
494 1505 783 1551 ἀνατείνουσαν
819 1505 892 1559 τὴν
915 1505 1059 1566 ἄκρην·
1085 1504 1146 1559 εἴη
1170 1505 1217 1549 ἂν
1245 1508 1299 1549 ὠν

7 1587 49 1618 21>
69 1578 180 1638 αὐτῷ
203 1579 229 1631 ἡ
254 1573 410 1637 πλευρὴ
443 1577 515 1629 τῆς
547 1573 686 1620 Ἰνδῶν
722 1578 798 1634 γ’ἧς
825 1571 926 1634 πρὸς
958 1570 1010 1616 ἕω
1046 1571 1211 1631 μυρίους
1232 1571 1301 1616 καὶ

68 1644 363 1707 ἑξακισχιλίους
387 1642 572 1695 σταδίους
594 1641 814 1704 ἐπέχουσα·
831 1646 948 1686 τοῦτο
969 1638 1042 1699 μὲν
1071 1642 1180 1701 αὐτῷ
1198 1639 1301 1683 πλά-

67 1733 134 1767 τος
161 1718 233 1770 τῆς
264 1714 402 1760 Ἰνδῶν
435 1716 509 1773 γῆς
538 1711 769 1772 συμῧαίνει.
836 1711 888 1771 (4)
914 1712 1059 1764 Μ’ῆκος
1091 1707 1132 1752 δὲ
1159 1707 1204 1752 τὸ
1230 1709 1301 1751 ἀπ’

69 1782 245 1843 ἑσπέρης
269 1782 335 1828 ἐπὶ
353 1782 406 1827 ἕω
423 1782 515 1827 ἔστε
535 1781 607 1840 μὲν
625 1780 690 1826 ἐπὶ
706 1781 822 1825 πόλιν
848 1777 1125 1849 Παλίμὸοθρα
1139 1812 1150 1832 ,
1176 1795 1302 1836 μεμε-

69 1851 271 1914 τρημένον
305 1850 501 1912 σχοίνοισι
531 1852 642 1910 λέγει
679 1849 942 1912 ἀναγράφειν·
983 1847 1054 1893 καὶ
1085 1850 1188 1891 εἶναι
1223 1845 1302 1906 γὰρ

4 1929 46 1960 25
68 1920 157 1966 ὁδὸν
179 1917 411 1982 βασιληίην·
435 1923 552 1964 τοῦτο
571 1918 738 1980 ἐπέχειν
760 1921 797 1969 ἐς
830 1916 995 1979 μυρίους
1020 1914 1205 1966 σταδίους
1219 1933 1227 1942 ·
1251 1914 1302 1958 τὰ

69 1990 110 2035 δὲ
135 1989 326 2036 ἐπέκεινα
345 1990 481 2035 οὐκέτι
500 1988 696 2038 ὡσαύτως
721 1986 908 2048 ἀτρεκέα·
930 1985 979 2048 (5)
1000 1985 1140 2049 φήμας
1157 1985 1198 2029 δὲ
1216 1983 1303 2029 ὅσοι

72 2057 307 2123 ἀνέγραψαν
321 2095 333 2117 ‚
359 2057 426 2111 ξῦν
449 2061 499 2119 τῇ
527 2057 631 2118 ἄκρῃ
652 2060 702 2118 τῇ
725 2055 926 2118 ἀνεχούσῃ
949 2057 988 2107 ἐς
1003 2054 1048 2099 τὸ
1069 2055 1304 2126 πέλυαγοςές

71 2128 237 2191 μυρίους
261 2127 447 2178 σταδίους
483 2127 664 2186 μάλιστα
702 2125 861 2186 ἐπέχειν
886 2124 1093 2185 λέγουσιν·
1120 2127 1221 2167 εἶναι
1246 2125 1302 2166 ὠν

75 2198 122 2244 τὸ
163 2201 292 2258 μῆκος
329 2200 399 2251 τῆς
441 2195 582 2240 Ἰνδῶν
612 2198 685 2253 γῆς
724 2193 898 2237 σταδίων
938 2192 1117 2251 μάλιστα
1153 2194 1301 2248 δισμυ-

9 2274 50 2305 30
75 2264 186 2328 ρίων.
257 2266 304 2328 (6)
333 2262 518 2318 Κτησίης
556 2262 597 2306 δὲ
621 2265 641 2305 ὁ
663 2261 824 2311 Κνίδιος
843 2260 915 2314 τὴν
937 2260 1072 2306 Ἰνδῶν
1105 2263 1181 2318 γῆν
1209 2258 1302 2314 ἴσην

71 2338 121 2396 τῇ
147 2335 253 2395 ἄλλῃ
274 2332 387 2394 Ἀσίῃ
407 2332 516 2392 λέγει
535 2367 547 2388 ,
571 2330 682 2375 οὐδὲν
705 2329 833 2389 λέγων
847 2365 858 2386 ,
878 2328 965 2374 οὐδὲ
990 2328 1299 2388 Ὀνησίκριτος,

26 2436 29 2439 -
72 2402 213 2465 τρίτην
235 2408 381 2463 μοῖραν
406 2405 478 2456 τῆς
497 2399 632 2454 πάσης
652 2403 739 2458 γῆς·
768 2398 953 2458 Νέαρχος
978 2396 1020 2440 δὲ
1047 2398 1185 2454 μηνῶν
1209 2413 1306 2439 τεσ-

72 2471 208 2534 σάρων
232 2470 320 2515 ὁδὸν
351 2469 424 2524 τὴν
451 2469 499 2513 δι’
524 2471 646 2513 αὐτοῦ
680 2472 750 2512 τοῦ
784 2467 922 2511 πεδίου
952 2469 1024 2521 τῆς
1046 2465 1182 2510 Ἰνδῶν
1207 2469 1299 2525 γῆς,

74 2542 121 2602 (7)
146 2538 401 2601 Μεγασθένεϊ
419 2538 460 2583 δὲ
483 2538 529 2582 τὸ
554 2537 633 2582 ἀπὸ
656 2536 884 2581 ἀνατολέων
903 2537 941 2586 ἐς
957 2533 1132 2596 ἑσπέρην
1152 2535 1306 2586 πλάτος

9 2623 49 2652 33
74 2609 159 2656 ἐστὶ
197 2612 268 2664 τῆς
304 2608 440 2654 Ἰνδῶν
475 2610 574 2667 γῆς,
601 2606 624 2650 δ’
648 2624 687 2650 τι
723 2624 799 2667 περ
824 2607 859 2648 οἳ
885 2604 1000 2648 ἄλλοι
1026 2607 1155 2662 μῆκος
1187 2602 1303 2647 ποιέ-

72 2694 174 2723 ουσι·
195 2677 264 2721 καὶ
293 2676 404 2748 λέγει
429 2674 697 2735 Μεγασθένης
712 2711 725 2733 ‚
748 2673 901 2734 μυρίων
924 2673 993 2718 καὶ
1017 2672 1303 2732 ἑξακισχιλίων

1170 2740 1219 2803 (s)
1246 2741 1306 2785 τὸ

72 2745 247 2792 σταδίων
279 2750 402 2801 εἶναι,
424 2743 570 2804 ἵναπερ
606 2742 650 2787 τὸ
676 2743 932 2803 βραχύτατον
957 2743 1097 2786 αὐτοῦ.

2493 181 2577 218 309

1361 283 1438 309 nus
1471 269 1683 310 orientalis
1721 270 1925 309 terminat.
1987 269 2050 322 (3)
2087 271 2221 322 Atque
2258 271 2296 309 in
2331 273 2583 315 meridionali

1360 336 1529 390 quidem
1554 344 1685 377 tractu
1709 351 1798 391 quae
1817 344 1913 376 sunt
1930 337 2037 376 circa
2061 336 2196 376 Patala
2212 337 2387 391 Indique
2406 340 2585 381 fluminis

1360 404 1484 454 ostia,
1505 404 1556 444 ab
1583 403 1817 458 Alexandro
1834 412 1874 444 et
1890 402 2184 443 Macedonibus
2215 418 2261 443 ac
2280 405 2415 445 multis
2437 408 2587 449 Graecis

1360 470 1602 524 perlustrata
1638 481 1757 522 sunt,
1789 480 1924 527 partes
1950 480 2085 512 autem
2108 486 2246 512 versus
2275 474 2471 515 orientem
2495 478 2587 518 sitas

1361 552 1446 578 non
1465 538 1566 578 adiit
1595 536 1827 580 Alexander
1843 539 1951 579 ultra
1974 553 2062 589 eaS,
2088 554 2177 594 quae
2197 548 2292 581 sunt
2309 540 2360 581 ad
2379 543 2589 597 Hyphasin

1362 620 1552 656 amnem;
1583 607 1702 661 pauci
1735 621 1830 647 vero
1852 607 2102 662 scripserunt
2125 607 2175 648 de
2202 609 2250 648 iis
2273 623 2363 663 quae
2387 624 2513 664 usque
2538 611 2590 651 ad

1362 675 1547 727 Gangem
1571 682 1691 724 sunt,
1719 682 1789 714 aut
1824 674 1896 715 ubi
1920 675 2072 728 Gangis
2109 677 2211 717 ostia
2250 678 2506 733 maximaque
2538 678 2590 719 ad

1363 747 1546 799 Gangem
1566 745 1769 786 Indorum
1790 746 1888 787 urbs
1910 747 2200 789 Palimbothra.

1420 825 1495 862 III.
1513 823 1616 863 Mihi
1629 831 1764 863 autem
1777 823 2064 864 Eratosthenes
2080 826 2294 879 Cyrenaeus
2308 826 2457 881 majore
2468 843 2590 883 quam

1363 891 1487 931 ceteri
1509 890 1589 931 fide
1605 891 1752 945 dIgnus
1787 900 1895 942 est0‚
1914 893 2108 947 quoniam
2124 893 2188 934 ille
2207 893 2257 934 de
2280 895 2435 936 ambitu
2463 897 2591 937 Indiae

1364 958 1580 1012 diligenter
1602 967 1804 1000 scrutatus
1833 968 1908 1000 est.
1970 962 2031 1014 (2)
2053 962 2093 1000 Is
2115 975 2138 1001 a
2159 971 2297 1002 monte
2325 965 2483 1014 Tauro,
2519 965 2590 1005 ubi

1363 1028 1456 1070 Indi
1471 1028 1600 1068 fontes
1612 1037 1722 1078 sunt,
1734 1043 1848 1068 secus
1859 1027 2010 1068 Indum
2023 1044 2183 1070 amnem
2196 1045 2323 1085 usque
2334 1032 2385 1072 ad
2397 1047 2590 1086 magnum

1365 1104 1565 1137 ocean'um
1584 1106 1623 1137 et
1642 1097 1735 1137 Indi
1761 1098 1863 1138 ostia
1881 1097 2009 1138 Indiae
2030 1098 2133 1138 latus
2156 1099 2282 1140 stadia
2305 1115 2384 1140 x111
2402 1115 2436 1140 M
2460 1103 2591 1141 conti-

1366 1180 1462 1205 nere
1486 1165 1557 1206 ait.
1619 1166 1680 1219 (3)
1709 1167 1833 1206 Latus
1860 1180 1957 1205 vero
1990 1166 2085 1206 huic
2115 1168 2349 1222 oppositum
2371 1169 2510 1209 statuit
2541 1169 2591 1209 ab

1365 1232 1510 1272 eodem
1528 1239 1670 1273 monte
1683 1239 1830 1287 praeter
1848 1246 1960 1273 mare
1982 1233 2198 1285 orientale,
2219 1249 2303 1275 non
2318 1235 2490 1290 amplius
2508 1250 2592 1277 esse

1371 1300 1469 1340 huic
1498 1300 1613 1341 lateri
1647 1300 1823 1355 aequale,
1848 1300 1919 1341 sed
1942 1301 2063 1355 longo
2093 1310 2225 1342 tractu
2260 1305 2592 1357 promontorium

1367 1369 1530 1408 circiter
1544 1368 1596 1409 ad
1608 1383 1658 1409 111
1674 1384 1709 1409 M
1729 1368 1956 1409 stadiorum
1981 1370 2023 1409 in
2034 1384 2145 1410 mare
2160 1370 2367 1424 protendi,
2387 1370 2488 1411 adeo
2501 1380 2545 1411 ut
2557 1373 2592 1411 ci

1368 1437 1589 1477 :estimetur
1603 1436 1683 1477 hoc
1698 1436 1827 1477 Indiae
1842 1436 1945 1477 latus
1962 1437 2155 1478 orientale
2168 1438 2353 1478 obtinere
2376 1454 2451 1479 XVI
2471 1454 2505 1479 M
2519 1448 2596 1480 sta-

1367 1506 1547 1546 diorum.
1608 1509 1744 1560 Atque
1768 1506 1854 1546 haec
1879 1506 2046 1560 quidem
2069 1515 2131 1546 est
2163 1507 2218 1546 illi
2255 1507 2383 1547 Indiae
2405 1508 2590 1548 latitudo.

1370 1574 1430 1629 (4)
1454 1573 1773 1628 Longitudinem
1786 1589 1883 1614 vero
1899 1574 1949 1614 ab
1965 1574 2175 1614 occidente
2191 1575 2233 1614 in
2250 1576 2448 1615 orientem
2467 1590 2595 1630 usque

1366 1646 1418 1686 ad
1453 1647 1596 1687 urbem
1618 1646 1920 1697 Palimbothra,
1957 1646 2058 1687 dicit
2090 1647 2265 1687 schoenis
2298 1647 2523 1688 dimensam
2554 1663 2595 1689 se

1366 1720 1564 1770 scribere;
1595 1735 1679 1760 esse
1711 1722 1821 1760 enim
1851 1721 1957 1761 viam
1974 1722 2151 1774 regiam,
2188 1736 2358 1775 eamque
2384 1722 2596 1776 hucusque

1367 1793 1595 1847 computari
1608 1792 1659 1833 ad
1672 1791 1805 1834 decies
1817 1793 1926 1833 mille
1938 1793 2066 1833 stadia
2081 1809 2092 1843 ;
2109 1793 2302 1833 ulteriora
2321 1808 2404 1834 non
2424 1794 2596 1848 amplius

1368 1879 1480 1918 aeque
1496 1872 1606 1905 certa
1628 1879 1712 1905 esse
1723 1880 1733 1915 ;
1763 1864 1822 1920 (5)
1839 1873 2042 1919 quotquot
2058 1879 2154 1905 vero
2178 1864 2283 1905 fama
2302 1864 2450 1906 tradita
2465 1867 2597 1906 consi-

1367 1946 1560 1990 gnarunt,
1579 1953 1673 1978 cum
1692 1938 1977 1993 promontorio
1998 1938 2040 1977 in
2067 1952 2178 1978 mare
2200 1946 2389 1992 porrecto
2405 1938 2597 1979 ulteriora

1367 2012 1454 2051 haec
1471 2012 1633 2051 circiter
1655 2026 1682 2052 x
1712 2026 1747 2051 M
1770 2010 1998 2051 stadiorum
2018 2011 2227 2051 continere
2249 2010 2407 2061 dicunt,
2431 2010 2533 2051 adeo
2552 2020 2597 2051 ut

1369 2084 1494 2123 totius
1522 2083 1650 2123 Indice
1671 2082 1885 2136 longitudo
1919 2084 1971 2122 sit
2003 2082 2228 2123 stadiorum
2263 2083 2424 2123 circiter
2455 2099 2510 2123 xx
2543 2098 2594 2123 M.

1370 2155 1430 2210 (6)
1453 2156 1605 2195 Ctes1as
1621 2154 1792 2195 Cnidius
1814 2153 1976 2194 Indiam
1993 2155 2157 2208 reliquae
2175 2155 2280 2195 Asiae
2303 2155 2495 2208 aequalem
2513 2169 2597 2195 esse

1370 2225 1651 2280 magnitudine
1666 2225 1856 2275 affirmat,
1877 2225 1948 2265 sed
1970 2234 2093 2275 errat,
2121 2226 2225 2266 sicut
2245 2228 2367 2266 etiam
2389 2227 2595 2266 Onesicri-

1370 2308 1434 2339 tus
1449 2330 1460 2348 ‚
1484 2300 1554 2354 qui
1583 2313 1672 2339 eam
1692 2298 1852 2338 tertiam
1876 2306 2034 2352 partem
2053 2297 2164 2337 orbis
2182 2305 2386 2337 terrarum
2403 2312 2488 2338 esse
2506 2312 2596 2352 per-

1369 2371 1497 2411 hibet.
1556 2369 1766 2410 Nearchus
1794 2376 1989 2422 quattuor
2018 2368 2220 2407 mensium
2254 2368 2330 2408 iter
2360 2382 2434 2422 per
2462 2369 2595 2422 ipsum

1370 2457 1560 2499 campum
1588 2441 1717 2483 Indiae
1747 2455 1832 2481 esse
1865 2439 1979 2480 dicit.
2040 2439 2101 2495 (7)
2124 2439 2404 2492 Megasthenes
2427 2454 2523 2480 vero
2545 2441 2595 2481 ab

1370 2519 1526 2558 oriente
1560 2518 1602 2557 in
1636 2515 1889 2556 occidentem
1918 2513 2174 2554 latitudinem
2194 2512 2336 2553 ·1ndiae
2370 2528 2454 2553 esse
2486 2515 2593 2565 vult,

1370 2607 1493 2648 quam
1510 2592 1577 2632 alii
1606 2589 1904 2644 longitudinem
1928 2589 2096 2638 faciunt,
2121 2602 2292 2642 eamque
2318 2589 2597 2642 Megasthenes

1370 2673 1514 2705 auctor
1544 2671 1618 2714 est,
1649 2663 1721 2703 ubi
1743 2662 2030 2702 brevissimum
2052 2659 2139 2714 ejus
2168 2661 2343 2715 spatium
2373 2661 2439 2709 sit,
2465 2676 2539 2701 xvr
2562 2677 2596 2701 M

1371 2738 1599 2779 stadiorum
1625 2737 1850 2777 continere.
1913 2735 1972 2791 (8)
2000 2734 2126 2787 Quod
2155 2748 2250 2773 vero
2276 2749 2300 2775 a
2325 2735 2599 2789 septentrione

72 2895 190 2921 ocean
214 2879 383 2934 (Lond.
415 2878 564 2934 1807),
588 2886 618 2918 t.
638 2879 674 2927 Ι,
713 2892 756 2932 p.
782 2877 857 2917 163
880 2884 968 2916 not.
996 2876 1012 2929 ll
1035 2899 1092 2905 —
1114 2874 1181 2914 25.
1211 2889 1257 2914 τε
1286 2875 1302 2928 ]

71 2958 116 2998 γε
138 2945 189 2993 Α,
214 2942 328 2997 quod
347 2942 500 2996 recepit
532 2940 721 2981 Dfibner.
752 2939 768 2993 Ι)
797 2963 853 2970 —-
874 2952 911 2978 1.
944 2935 1063 2987 αὐτὴ
1088 2935 1305 2987 ἣθάλασ-

73 3007 162 3062 σα]
195 3006 318 3047 fuerit
351 3004 443 3056 αὗτὴ
475 3005 498 3057 ἣ
524 3004 598 3057 ἓώη
630 3004 819 3054 θάλασσα,
852 3004 957 3043 sicut
989 3017 1025 3042 c.
1062 3004 1104 3051 4,
1141 3002 1180 3041 3.
1211 3001 1226 3054 Η
1251 3024 1307 3031 —

72 3080 111 3109 2.
133 3084 226 3123 μεση
234 3068 367 3124 μὸρίαν
385 3069 432 3108 C.
448 3068 554 3107 Dein
570 3066 634 3107 καὶ
649 3065 695 3106 τὰ
710 3065 872 3105 Πάταλα
887 3062 1010 3104 codd.
1025 3077 1102 3118 pro
1119 3060 1215 3102 κατὰ
1236 3061 1304 3111 II„

73 3130 184 3184 quod
201 3130 315 3172 dedit
332 3129 580 3172 Schmieder.

128 3194 205 3242 ΠΙ,
231 3206 295 3234 10.
318 3194 429 3248 τῆς]
452 3195 523 3247 γῆς
548 3190 655 3245 conj.
679 3188 982 3239 Schmiederus‚
1004 3202 1088 3228 rec.
1113 3187 1302 3228 Dfibner.

74 3253 184 3294 Nihil
207 3253 326 3294 video
348 3269 422 3295 cur
449 3254 639 3295 codicum
662 3253 880 3294 lectionem
911 3264 1168 3306 respuamus,
1204 3253 1307 3302 Quae

72 3322 304 3369 ,sequuntur
335 3315 386 3356 de
419 3316 549 3356 Indiae
583 3314 866 3369 magnitudine
900 3328 980 3355 sec.
1025 3313 1306 3354 Eratosthenis

78 3391 314 3428 mensuras,
343 3378 495 3418 Nostro
529 3379 756 3418 accuratius
794 3376 920 3417 tradit
951 3375 1097 3417 Strabo
1127 3389 1170 3429 p.
1207 3377 1303 3429 689.

76 3436 186 3477 Vide
222 3435 446 3490 fragmenta
472 3438 767 3478 Eratosthenis.
805 3438 821 3491 ll
856 3461 912 3468 —
935 3436 1097 3492 ἔμελλεν
1121 3437 1168 3478 C.
1208 3437 1223 3490 {l
1251 3461 1308 3469 —

40 3524 45 3527 »
84 3513 150 3540 12.
181 3498 305 3539 ἷόντον
325 3499 338 3555 (
361 3485 438 3554 pro
466 3499 601 3540 ἰόντων
626 3498 640 3555 )
678 3499 738 3547 ἐπὶ
759 3496 846 3549 τὴν.
879 3500 934 3539 D.
962 3499 977 3552 Ι)
1003 3522 1060 3528 —
1087 3496 1156 3548 τὴν
1188 3497 1304 3550 αὐτὴν

82 3559 182 3611 ἓώην
208 3559 296 3600 θαλ.
315 3561 368 3600 D.
392 3561 407 3614 ΙΙ
431 3585 484 3591 —
506 3574 572 3614 17.
595 3560 844 3615 ἅκρην]50.
867 3558 936 3611 τὴν1
957 3559 1178 3611 Κωλιακήν.
1209 3561 1224 3614 ΙΙ
1253 3585 1306 3592 ——

79 3636 148 3663 22.
167 3621 231 3663 ἀπ’
247 3624 311 3672 D;
333 3620 393 3676 ἀφ’
413 3629 508 3662 cett.
540 3622 556 3675 Η
581 3645 637 3652 -
653 3623 722 3663 23.
745 3622 806 3663 ἐπὶ
823 3620 891 3673 τὴν
907 3622 1020 3664 πόλιν
1038 3624 1090 3663 A.
1119 3622 1134 3676 ΙΙ
1157 3646 1213 3653 -
1235 3627 1303 3673 24.

79 3700 141 3739 σχ
154 3700 174 3724 0
189 3684 228 3724 ἰν
242 3699 340 3723 οισι
357 3684 372 3738 ]
393 3682 456 3724 Cf.
475 3692 562 3724 not.
581 3683 891 3738 adMegasthen.
903 3683 955 3725 fr.
972 3685 994 3725 3
1009 3685 1051 3724 in
1063 3685 1132 3724 Fr.
1146 3684 1302 3726 Histor.

77 3749 133 3797 11,
154 3761 197 3802 p.
222 3748 318 3795 408.
344 3747 360 3800 Η
396 3770 452 3776 —-
470 3748 537 3786 28.
559 3745 799 3800 λέγουσιν
823 3747 838 3801 ]
870 3748 932 3787 Ita
956 3746 1154 3788 Arrianus
1172 3746 1304 3801 loqui-

78 3817 162 3858 tur,
183 3816 230 3848 ut
246 3808 334 3848 haee
361 3806 413 3848 ad
433 3806 745 3848 Eratosthenem
766 3808 869 3848 nihil
900 3807 1072 3862 amplius
1101 3808 1305 3862 pertinere

79 3870 210 3912 videri
228 3871 409 3926 possint;
447 3883 577 3924 quum
596 3877 732 3910 tamen
759 3884 781 3909 e
814 3869 1013 3910 Strabone
1044 3869 1194 3923 liqueat
1214 3871 1304 3925 ipso

78 3933 159 3974 hoe
197 3940 391 3987 computo
433 3932 652 3972 incertiore
696 3946 818 3972 usum
849 3946 934 3972 esse
974 3932 1300 3974 Eratosthenem.

80 3998 182 4049 Quae
205 3995 450 4036 antecedunt
466 3995 500 4042 ἐς
517 3995 667 4050 μυρίους
690 3995 861 4043 σταδίους
882 3995 1016 4035 minus
1035 4003 1220 4036 accurate
1239 3995 1303 4035 di-

1375 2881 1439 2913 cta
1461 2881 1571 2912 sunt.
1593 2871 1738 2912 Strabo
1771 2870 1799 2910 l.
1823 2870 1850 2909 l.
1879 2869 2004 2909 refert
2027 2883 2051 2909 a
2083 2868 2370 2909 Palimbothris
2397 2883 2524 2923 usque
2548 2870 2598 2910 ad

1375 2935 1527 2988 Gangis
1553 2934 1655 2974 ostia
1676 2947 1762 2973 esse
1794 2935 1901 2972 6000
1920 2930 2071 2981 stadia;
2111 2931 2208 2971 hinc
2230 2929 2378 2971 deinde
2404 2931 2456 2971 ad
2488 2931 2600 2986 ἄκρας

1374 2997 1490 3037 istius
1509 2996 1808 3036 extremitatem
1826 2994 1902 3034 alia
1919 2994 2054 3049 putari
2068 2992 2194 3033 stadia
2215 2993 2335 3042 3000,
2353 2991 2463 3032 unde
2475 3007 2596 3045 9000,

1375 3074 1459 3100 non
1484 3073 1614 3101 10000
1635 3057 1862 3098 stadiorum
1881 3070 2041 3095 summa
2066 3055 2294 3095 conficitur.
2323 3054 2338 3107 ΙΙ
2361 3077 2415 3084 -
2435 3057 2502 3095 28.
2522 3054 2598 3094 εἶ-

1376 3136 1395 3162 ν
1410 3137 1454 3161 αι
1489 3119 1549 3162 ὧν
1571 3122 1586 3175 ]
1615 3119 1715 3161 εἶναι
1737 3118 1777 3160 δὲ
1800 3118 1878 3159 ἄνω
1898 3117 2038 3166 codd.;
2063 3116 2176 3171 quod
2197 3130 2317 3156 sensu
2343 3125 2466 3156 caret.
2493 3118 2597 3158 Nam

1375 3182 1489 3239 quod
1521 3182 1741 3237 Raphelius
1774 3188 1909 3220 censet
1935 3178 2106 3218 indicari
2137 3176 2473 3218 mediterraneam
2509 3178 2597 3218 lon-

1375 3245 1619 3300 gitudinem,
1637 3244 1753 3284 nihili
1769 3250 1844 3283 est.
1862 3242 1966 3282 Cum
1981 3255 2030 3281 eo
2044 3239 2155 3294 quod
2168 3240 2284 3294 posui
2294 3238 2347 3279 cf.
2369 3242 2409 3289 4,
2426 3254 2450 3293 7
2470 3253 2478 3280 :
2498 3239 2598 3280 εἶναι

1377 3307 1431 3350 ῶν
1452 3309 1495 3349 τὸ
1517 3304 1622 3363 εἶρος
1641 3311 1695 3362 τῷ
1716 3306 1849 3361 Γάγγῃ
1870 3303 1956 3345 κτλ.
1982 3304 1996 3355 Η
2019 3326 2075 3333 -
2093 3315 2161 3355 29.
2183 3304 2264 3353 τῆς
2288 3300 2456 3342 Ἰνδῶν
2480 3305 2594 3358 γῆς]

1374 3374 1441 3422 τῆς
1462 3373 1532 3425 γῆς
1549 3372 1615 3420 τῆς
1641 3367 1771 3407 Ἰνδῶν
1797 3368 1843 3407 C.
1871 3366 1886 3419 ΙΙ
1909 3389 1964 3396 -
1982 3365 2048 3406 30.
2074 3363 2138 3404 Cf.
2167 3364 2309 3404 Ctesiae
2332 3363 2383 3404 fr.
2412 3364 2478 3418 59.
2507 3365 2522 3419 Η
2543 3389 2599 3396 —

1376 3434 1444 3474 31.
1475 3434 1530 3473 V.
1556 3429 1772 3472 Onesicriti
1802 3428 1853 3468 sr.
1877 3431 1917 3468 6.
1948 3428 1963 3481 ΙΙ
1983 3451 2039 3458 -
2058 3428 2125 3468 32.
2153 3427 2308 3479 πάσης
2329 3428 2445 3482 γῆς]
2478 3429 2599 3480 πάσης

1380 3494 1499 3542 Ἄσίας
1510 3493 1650 3543 codd.;
1662 3506 1742 3532 em.
1757 3488 1994 3531 Schmieder
2011 3489 2238 3530 eStrabone
2252 3503 2293 3544 p.
2307 3492 2386 3543 689
2409 3497 2450 3530 et
2466 3489 2599 3531 Plinio

1374 3560 1449 3608 VI,
1466 3571 1532 3607 21,
1552 3557 1622 3611 qui
1637 3553 1807 3595 eandem
1822 3552 2039 3593 Onesicriti
2055 3553 2296 3593 sententiam
2313 3561 2557 3594 memorant.
2578 3555 2593 3606 11

1373 3645 1430 3652 —
1445 3622 1512 3661 32.
1534 3619 1725 3672 τεσσάρων
1744 3618 1801 3666 Α;
1819 3629 1920 3655 τεττ.
1942 3623 2038 3655 cett.
2062 3615 2077 3668 Ι)
2097 3639 2152 3646 -
2168 3615 2235 3663 34.
2255 3613 2452 3655 ἀνατολῶν
2473 3615 2595 3656 codd.

1374 3682 1513 3723 Verba
1530 3679 1772 3735 Μεγασθένεϊ
1795 3676 1887 3717 δὲ...
1905 3679 1972 3728 τῆς
1997 3675 2128 3717 Ἰνδῶν
2151 3679 2222 3732 γῆς
2251 3691 2339 3717 exc.
2358 3678 2402 3717 in
2425 3679 2478 3718 D.
2507 3678 2521 3731 Η
2541 3701 2597 3707 -

1376 3747 1443 3786 36.
1459 3742 1580 3796 Quod
1596 3756 1611 3781 1
1620 3746 1726 3782 6000
1734 3738 1961 3780 stadiorum
1970 3738 2099 3780 Indiae
2112 3738 2386 3788 latitudinem,
2398 3753 2476 3792 qua
2484 3747 2597 3792 parte

1375 3809 1426 3848 sit
1452 3805 1755 3859 angustissima,
1781 3802 2062 3856 Megasthenes
2094 3801 2223 3851 dixit,
2256 3800 2357 3840 nihil
2378 3800 2529 3840 recedit
2546 3800 2596 3839 ab

1374 3867 1651 3911 Eratosthenis
1670 3865 1890 3915 sententia3
1912 3863 2115 3918 siquidem
2131 3863 2412 3916 angustissima
2425 3861 2596 3901 latitudo

1374 3933 1536 3973 nonnisi
1561 3943 1688 3983 usque
1710 3927 1762 3968 ad
1782 3928 1884 3968 ostia
1916 3927 2068 3980 Gangis
2095 3926 2291 3981 pertinet,
2327 3923 2465 3964 demto
2489 3924 2594 3965 3000

1374 3994 1596 4036 stadiorum
1641 3989 1941 4045 promontorio.
1982 3990 2102 4043 Isque
2130 3995 2346 4042 computus
2372 4000 2445 4041 per
2469 3993 2594 4025 totam
