2756 4354
116 225 318 262 xxxvnt
483 199 529 242 0

116 388 396 436 culentioras
416 381 735 446 suppetebant.

181 466 235 512 51
246 500 258 512 .
272 463 498 510 Hactenus
506 459 563 506 de
580 458 767 518 Scylace
778 450 1083 512 logographo.
1097 449 1225 496 Alter
1243 447 1353 511 Scy-

116 541 192 588 lax
202 536 539 601 Caryandensis
553 543 621 580 est
630 527 970 577 mathematicus
983 535 1028 571 et
1036 525 1256 583 musicus,
1267 525 1351 585 qui

118 625 279 662 contra
296 611 480 672 Polybii
505 606 741 654 historiam
761 601 967 663 scripsit,
984 610 1175 648 testante
1187 599 1347 648 Suida.

115 691 218 738 Non
240 690 472 735 diversum
495 683 553 729 ab
575 697 629 726 co
651 695 751 726 esse
786 678 1024 740 Scylacem
1061 677 1352 724 Halicarnas-

117 782 262 823 seum,
294 763 572 818 astrologum
609 767 653 802 et
691 756 848 802 virum
894 754 1119 812 πολιτικὸν,
1159 754 1352 800 Panaetii

119 842 384 888 familiarem
407 836 479 899 (ut
502 829 663 879 Cicero
685 834 718 880 l.
744 832 778 879 l.
808 830 998 893 tradit),
1021 846 1124 876 cum
1148 829 1352 876 Niebuh-

48 930 55 936 ·
119 919 190 964 rio
211 918 240 964 l.
261 917 294 963 l.
320 932 364 977 p.
400 912 483 958 125
508 921 551 956 et
580 906 922 955 Gutschmidtio
947 906 1029 966 (in
1057 907 1202 951 Rhein
1227 907 1350 950 Mus.

124 995 259 1054 1853,
284 1003 317 1039 t.
343 990 423 1047 lx,
452 1006 498 1051 p.
528 988 643 1047 146)
670 994 840 1031 statuas
869 981 1200 1045 probabiliter.
1229 979 1353 1025 Scri·

117 1070 264 1132 psisse
300 1068 433 1114 etiam
461 1065 634 1110 dicitur
656 1060 709 1105 τὰ
740 1058 849 1105 κατὰ
873 1056 1151 1119 Ἡρακλείδην
1174 1054 1242 1100 τὸν
1262 1057 1355 1101 Μυ·

116 1146 256 1190 λασῶν
308 1139 499 1205 βασιλέα.
561 1139 842 1184 Memoratur
886 1144 1036 1180 autem
1087 1131 1354 1178 Heraclides

117 1219 303 1281 quidam
332 1215 605 1279 Mylasensis
635 1214 759 1276 apud
794 1211 1079 1258 Herodotum
1099 1209 1155 1266 V,
1198 1226 1279 1254 121
1305 1207 1353 1253 in

117 1294 309 1342 historia
339 1292 453 1339 belli
473 1290 638 1337 lonici.
663 1288 840 1335 Etenim
862 1288 1003 1333 Cares
1027 1295 1268 1348 postquam
1296 1285 1355 1329 ad

118 1371 347 1431 Marsyam
371 1368 564 1415 fluvium
586 1377 631 1412 et
653 1366 818 1411 iterum
844 1364 901 1409 ad
936 1362 1179 1409 Labranda
1198 1377 1224 1407 a
1245 1362 1355 1407 Per·

118 1446 184 1493 sis
212 1445 387 1492 cladem
421 1444 644 1496 tulerant,
678 1440 845 1486 deinde
863 1438 1079 1484 damnum
1099 1437 1147 1483 id
1164 1437 1355 1483 resarci-

119 1530 305 1567 verunt.
327 1517 558 1578 Πυθόμενοι
575 1516 654 1578 γὰρ
676 1519 730 1566 ὡς
763 1513 1058 1576 στρατεύεσθαι
1085 1511 1299 1573 ὡρμέαται
1318 1513 1355 1556 οἱ

121 1594 283 1658 Πέρσαι
298 1594 366 1639 ι’πὶ
387 1592 459 1643 τὰς
481 1592 598 1642 πόλις
618 1589 768 1653 σφέων,
791 1587 996 1649 ἐλόχησαν
1015 1586 1090 1643 τὴν
1113 1588 1155 1632 ἐν
1172 1584 1358 1649 Πηδάσῳ

118 1670 228 1724 ὁδὸν,
250 1671 291 1720 ἐς
312 1667 386 1723 τὴν
404 1666 652 1726 ἐμπεσόντες
681 1667 718 1709 οἱ
740 1662 901 1726 Πέρσαι
917 1662 1060 1715 νυκτὸς
1080 1661 1357 1725 διεφθάρησαν

119 1744 191 1789 καὶ
207 1742 323 1789 αὗτοὶ
337 1741 407 1789 καὶ
426 1744 463 1787 οἱ
479 1739 706 1804 στρατηγοὶ
722 1741 872 1795 αὐτῶν,
889 1736 1097 1801 Δαυρίσης
1110 1736 1181 1782 καὶ
1201 1736 1357 1800 Ἀμόρ-

118 1837 194 1880 γης
216 1819 287 1864 καὶ
312 1816 570 1875 Σισιμάκης·
607 1813 680 1859 σὺν
704 1812 748 1859 δέ
778 1831 850 1876 σφι
881 1812 1059 1858 ἀπέθανε
1084 1812 1155 1858 καὶ
1191 1811 1359 1874 Μύρσος

119 1897 142 1939 δ
161 1894 319 1955 Γύγεω.
342 1894 427 1939 Τοῦ
451 1890 492 1936 δὲ
511 1890 638 1951 λόχου
654 1886 799 1934 τούτου
816 1886 984 1948 ἡγεμὼν
1000 1881 1049 1943 ἦν
1069 1885 1083 1903 ‘
1097 1889 1134 1933 Η
1148 1905 1239 1949 pax
1251 1887 1277 1931 λ
1290 1904 1307 1931 ε
1321 1885 1333 1931 ί
1341 1913 1360 1921 -

120 1970 208 2026 δης
234 1966 563 2023 ’Ῑὸανώλιος,
590 1968 615 2011 ἀ
629 1964 717 2026 νὴρ
737 1963 1008 2016 Μυλασεύς
1022 2000 1034 2012 .
1075 1963 1286 2010 Fortasse
1302 1963 1359 2009 de

120 2046 208 2091 boc
239 2044 494 2099 lleraclide,
523 2043 608 2089 etsi
644 2058 737 2088 non
760 2057 883 2101 rege,
908 2041 1083 2087 dixisse
1103 2041 1356 2102 Scylacem,

123 2138 215 2168 non
241 2137 344 2167 eum
370 2131 518 2166 tamen
553 2135 689 2181 quem
710 2118 873 2164 Suidas
892 2117 1048 2174 habet,
1070 2117 1151 2164 sed
1189 2117 1359 2180 peripli

121 2208 348 2244 auctorem
365 2199 446 2259 qui
467 2196 638 2242 vixerit
661 2195 870 2256 Philippi
889 2194 1192 2257 temporibus,
1210 2194 1361 2256 suspi-

122 2284 250 2319 catur
281 2271 564 2319 Niebuhrius
608 2272 636 2316 l.
679 2272 710 2318 l.
749 2288 795 2331 p.
840 2271 944 2317 126.
974 2270 1200 2316 Similiter
1242 2270 1362 2315 Gut-

120 2348 432 2394 schmidtiusl.
458 2348 489 2392 l.
510 2347 685 2402 statuit,
706 2346 797 2392 nisi
814 2345 939 2407 quod
954 2345 1127 2392 librum
1146 2345 1288 2391 refert
1303 2345 1360 2391 ad

120 2424 351 2485 Scylacem
378 2423 488 2468 belli
507 2422 655 2467 lonici
679 2424 918 2482 aequalem.
942 2422 1094 2477 Quum
1116 2422 1233 2467 alter
1254 2421 1361 2467 lna-

120 2500 242 2546 bolis
275 2499 399 2544 filius
427 2498 606 2542 Oliatus
631 2513 750 2542 unus
791 2498 929 2541 suerit
951 2512 1007 2541 ex
1034 2495 1231 2541 ducibus
1251 2496 1361 2542 Per-

122 2591 298 2630 sarum,
318 2589 453 2634 quem
475 2589 576 2618 cum
599 2573 703 2617 aliis
720 2572 981 2616 lonicarum
999 2571 1184 2617 urbium
1210 2582 1364 2632 tyran-

123 2650 197 2695 nis
230 2649 278 2693 in
307 2647 451 2692 classe
473 2646 583 2690 dolo
622 2645 971 2706 comprehendit
1005 2644 1062 2689 ab
1094 2646 1363 2704 Aristagora

124 2725 292 2771 missus
318 2723 577 2782 latragoras
595 2757 606 2777 ,
634 2720 1002 2767 Gutschmidtius
1038 2720 1227 2782 conjicit
1258 2734 1362 2783 post

124 2801 348 2863 dejectum
373 2800 574 2845 Oliatum
599 2798 880 2859 Mylasenses
914 2797 1055 2841 alium
1080 2795 1171 2841 sibi
1205 2806 1361 2857 tyran·

124 2893 234 2926 num
263 2892 343 2923 seu
367 2891 518 2935 regem
544 2890 739 2929 creasse,
785 2873 968 2918 fratrem
1002 2874 1192 2933 prioris,
1220 2873 1363 2919 llera·

124 2953 289 3000 elidem
305 2988 317 3009 ,
332 2953 411 3014 qui
429 2967 531 2998 cum
551 2952 667 3013 ipsis
690 2959 849 2995 contra
862 2950 1023 2996 Persas
1043 2950 1252 2997 stetisset.
1275 2950 1362 2995 Sed

124 3043 285 3091 parum
318 3027 408 3073 hoc
431 3025 696 3089 probabile,
734 3041 875 3086 quum
917 3024 1178 3070 llerodotus
1217 3025 1364 3070 tradat

126 3114 428 3164 tyrannorum
445 3102 493 3147 in
512 3102 663 3147 locum
692 3115 775 3163 per
797 3100 1002 3159 singulas
1020 3098 1158 3145 urbes
1185 3117 1362 3161 στρατη-

124 3177 221 3237 γοὺς
231 3177 333 3224 sive
342 3187 564 3239 praetores
583 3175 854 3222 substitutos
869 3190 982 3222 esse.
1002 3174 1235 3235 Scylacem
1255 3191 1364 3220 vero

127 3254 461 3317 logographum
487 3253 812 3316 particularem
852 3252 1089 3298 historiam
1125 3253 1365 3314 scripsisse

126 3332 182 3377 ‹le
209 3331 348 3378 rebus
363 3324 503 3391 gestis
526 3331 618 3377 viri
648 3330 866 3376 coaetanei
882 3364 896 3387 ,
918 3345 945 3375 a
966 3329 1135 3374 veteris
1151 3330 1365 3389 logogra-

127 3407 247 3469 pliiae
266 3407 468 3464 ratione,
489 3408 669 3468 qualem
687 3407 922 3464 novimus,
942 3415 1031 3451 tam
1053 3405 1251 3451 alienum
1276 3416 1361 3463 est,

2 3519 4 3521 .
79 3543 86 3546 ..
127 3492 191 3538 ut,
206 3482 246 3528 si
272 3492 428 3527 testata
448 3498 520 3528 res
538 3493 673 3538 esset,
700 3498 978 3543 magnopere
999 3482 1286 3536 miraremur,
1308 3481 1365 3527 dc

127 3556 395 3618 conjectura
422 3568 571 3603 autem
608 3559 695 3603 tale
740 3558 852 3619 quid
891 3558 1125 3603 literarum
1160 3558 1366 3604 historiae

125 3632 303 3680 inferre
331 3631 555 3679 absonum
595 3634 726 3680 soret.
750 3635 902 3689 Quare
925 3635 972 3680 in
990 3635 1142 3680 Suidae
1163 3636 1364 3681 testimo·

127 3706 518 3770 nioacquicscens
546 3707 602 3754 de
635 3708 877 3754 Heraclide
895 3710 1052 3768 regulo
1089 3709 1265 3767 Carico,
1285 3726 1362 3757 ne·

127 3784 227 3832 scio
253 3798 366 3846 quo,
386 3784 626 3846 scripsisse
652 3799 815 3830 censeo
837 3785 1070 3845 Scylacem
1085 3818 1098 3841 ,
1121 3784 1250 3846 cujus
1270 3796 1366 3832 erat

128 3863 154 3917 ἡ
174 3859 403 3925 ἄνσιγραφὴ
419 3859 521 3923 πρὸς
536 3858 611 3916 τὴν
635 3858 829 3907 Πολυὸίον
868 3860 1066 3923 ..neptam
1093 3861 1363 3922 Cujtismodi

130 3934 379 4002 ἀντιγραφαὶ
400 3952 543 3999 quum
571 3938 622 3983 in
650 3934 893 3983 erroribus
925 3936 1201 3998 quibusdam
1235 3940 1365 3985 resel-

129 4010 279 4058 lendis
307 4022 617 4071 versarentur,
645 4012 776 4068 facile
807 4013 905 4059 lieri
939 4024 1104 4074 potest,
1137 4025 1186 4060 ut
1207 4014 1362 4076 Scyla-

1146 194 1618 244 PROLEGOMENA.

115 311 305 360 Graecia
325 306 605 370 geographia
621 303 861 351 Homerica
883 300 963 346 alii
986 296 1257 358 logographi
1279 297 1349 342 lu·
1414 295 1482 342 cis
1505 292 1734 359 ἀναγραφὴ
1749 310 1843 342 non
1858 305 1977 343 esset
1992 295 2180 342 diversa
2202 311 2227 341 a
2246 296 2419 357 scripto
2439 295 2496 342 de
2515 295 2659 343 Hera·
2675 314 2682 322 ¹>

1377 1279 1382 1285 “
1425 1275 1814 1340 inferiores(Liv.
1835 1274 1971 1332 XLV,
2000 1275 2408 1336 25.P01y1›.xxx,
2426 1277 2553 1331 5.11.
2571 1276 2664 1340 15).
2720 1317 2725 1323 .

1418 369 1540 416 clide
1575 384 1711 430 rege,
1741 372 1918 433 quippe
1945 370 1996 416 in
2027 385 2122 431 quo
2143 384 2247 431 quae
2276 370 2332 415 de
2370 370 2456 416 hoc
2495 371 2661 431 regulo

1419 461 1583 509 parum
1607 445 1964 507 rectePolybius
1985 461 2195 492 narrasse
2215 445 2468 503 videretur,
2490 447 2658 508 Scylax
2684 439 2688 498 J

1420 518 1686 584 exponeret.
1700 520 2027 584 Mylasensium
2045 522 2254 583 regulum
2269 521 2362 569 illis
2372 523 2664 586 temporibus

1423 597 1563 643 fuisse
1584 612 1677 643 non
1704 607 1774 643 est
1809 598 1911 644 veri
1951 597 2192 644 dissimile.
2225 596 2334 642 Nam
2355 609 2461 659 post
2484 598 2657 645 bellum

1421 671 1744 718 Antiocbicum
1763 671 1958 718 Romani
1971 670 2309 733 Mylasensibus
2325 674 2657 719 immunitatem

1422 757 1747 793 concesserunt
1771 748 1880 808 (an.
1909 748 2010 793 188.
2027 746 2191 807 Polyb.
2213 745 2359 802 xxti,
2386 763 2463 803 27,
2498 754 2540 800 l..
2572 746 2660 792 Li·-

1421 822 1528 868 vius
1557 820 1806 879 xxxvm,
1840 820 1950 884 39),
1979 832 2116 885 atque
2154 838 2227 868 res
2260 838 2419 867 eorum
2444 821 2663 884 deinceps

1422 896 1592 942 eximie
1614 896 1816 943 crevisse
1837 911 1896 943 ex
1912 912 1969 944 eo
1987 908 2109 960 patet
2125 897 2252 959 quod
2276 913 2398 944 anno
2419 899 2498 955 167
2521 898 2666 958 Myla-

1422 986 1578 1018 senses
1627 971 1981 1018 Euromensium
2014 974 2205 1035 oppida,
2238 990 2341 1036 quae
2376 974 2662 1021 Rhodiorum

1424 1046 1618 1093 ditionis
1649 1056 1796 1106 erant,
1831 1056 2134 1108 occuparunt,
2159 1057 2205 1093 et
2236 1048 2403 1095 deinde
2437 1065 2529 1096 una
2557 1065 2662 1096 cum

1425 1122 1735 1169 Alabandenis
1755 1133 1915 1168 contra
1939 1122 2223 1168 Rhodiorum
2243 1124 2495 1172 exercitum
2517 1126 2661 1174 aciem

1426 1200 1654 1246 instruere
1676 1199 1913 1245 auderent.
1936 1199 2039 1253 Quo
2061 1209 2209 1245 tamen
2230 1199 2399 1262 proelio
2421 1213 2666 1250 evaserunt

1428 1352 1667 1414 Reliquam
1683 1351 2011 1414 Mylasensium
2036 1351 2297 1409 historiam,
2322 1353 2508 1414 Polybii
2527 1353 2667 1401 libris
2721 1383 2727 1418 ς14

1427 1429 1696 1490 deperditis,
1717 1429 1999 1489 ignoramus.
2025 1429 2249 1474 Praeterea
2271 1439 2420 1475 autem
2438 1430 2494 1475 ad
2515 1430 2562 1475 id
2586 1440 2666 1476 at·-
2720 1417 2722 1429 ¹

1427 1505 1704 1551 tendendum
1745 1514 1833 1562 est,
1867 1504 1991 1566 quod
2022 1504 2186 1551 Suidas
2213 1515 2430 1566 quattuor
2461 1505 2667 1568 Scylacis

1427 1596 1568 1643 opera
1607 1591 1843 1628 enumerat
1878 1581 2043 1627 ordine
2079 1580 2223 1627 hocce
2255 1598 2266 1627 z
2316 1582 2550 1645 Περίπλευν
2585 1585 2667 1629 τῶν

1428 1657 1543 1711 ἐκτὸς
1556 1660 1638 1704 τῶν
1650 1656 1908 1720 ’Ἡρακλείων
1927 1659 2104 1714 στηλῶν·
2123 1656 2192 1705 Τὰ
2222 1656 2331 1703 κατὰ
2347 1658 2422 1714 τὴν
2440 1657 2667 1721 Ἡρακλεί-

1428 1734 1502 1790 δην
1521 1733 1591 1780 τὸν
1613 1734 1826 1782 Μυλασῶν
1849 1733 2040 1797 βασιλέα·
2060 1732 2371 1797 Γῆςπερίοδον·
2394 1733 2666 1799 Ἀντιγραφὴν

1427 1810 1529 1874 πρὸς
1556 1809 1631 1867 τὴν
1656 1812 1716 1858 Π.
1741 1810 1941 1874 ἱστορίαν.
1965 1810 2018 1855 ln
2039 1809 2210 1871 quibus
2245 1810 2443 1856 offendit
2473 1811 2667 1859 alterum

1428 1887 1684 1949 periplum,
1719 1886 1852 1948 cujus
1876 1896 2192 1946 argumentum
2217 1901 2311 1932 non
2340 1885 2577 1945 definitur,
2609 1886 2672 1935 ab

1429 1964 1573 2010 altero
1589 1964 1815 2026 separari,
1831 1963 2102 2024 interposito
2122 1961 2543 2023 scriptoliistorico.
2563 1960 2669 2009 Jam

1430 2041 1469 2087 si
1493 2055 1667 2086 morem
1692 2039 1847 2086 Suidae
1877 2041 2090 2096 noveris,
2113 2048 2277 2100 sponte
2297 2038 2500 2085 nascitur
2518 2037 2671 2099 suspi·
2747 2057 2756 2110 ι’

1430 2118 1504 2162 cio
1521 2116 1743 2163 accidisse
1754 2116 1797 2162 ei
1813 2116 1901 2162 boc
1917 2131 2100 2177 quoque
2116 2115 2235 2171 loce,
2255 2114 2378 2176 quod
2399 2115 2456 2161 de
2474 2124 2541 2161 tot
2565 2114 2674 2163 aliis
2751 2113 2756 2126 ⁴

1430 2194 1687 2255 querimur,
1712 2203 1764 2239 ut
1782 2193 1956 2239 scilicet
1971 2207 1997 2238 e
2015 2190 2203 2238 duobus
2223 2191 2383 2239 lexicis
2398 2202 2480 2238 sua
2502 2206 2669 2239 corra-
2739 2129 2756 2242 i

1430 2269 1562 2327 dens,
1589 2269 1746 2317 eadem
1775 2269 1965 2332 scripta,
1990 2269 2040 2315 in
2057 2268 2201 2315 altero
2226 2268 2348 2315 fonte
2376 2268 2480 2315 aliis
2512 2267 2671 2316 verbis
2744 2237 2756 2307 ¹.

1430 2347 1650 2404 indicata,
1676 2345 1750 2392 bis
1783 2356 1975 2408 poneret
2003 2345 2280 2406 diversaque
2316 2359 2416 2392 esse
2447 2354 2670 2395 censeret.

1431 2421 1642 2468 Ceterum
1666 2437 1753 2483 pro
1783 2420 2004 2483 περίπλους
2019 2422 2092 2477 τῆς
2116 2418 2229 2472 ἐκτὸς
2253 2420 2346 2468 θαλ.
2367 2428 2446 2467 aut
2467 2422 2542 2477 τῆς
2560 2418 2672 2473 ln&

1431 2507 1508 2542 aut
1541 2513 1645 2555 cum
1668 2495 1833 2541 Vossio
1865 2505 1911 2540 et
1934 2494 2192 2540 Niebuhrio
2226 2497 2298 2550 τῆς
2331 2493 2440 2547 ἐντὸς
2464 2494 2535 2540 καὶ
2557 2493 2673 2548 iate<

1431 2572 1672 2631 legendum
1696 2572 1798 2628 erit,
1822 2586 1971 2631 neque
1996 2571 2115 2616 alius
2148 2586 2284 2631 quam
2314 2570 2520 2632 Scylacis
2540 2571 2672 2631 logo-

1432 2648 1595 2709 graphi
1616 2647 1823 2709 periplus
1846 2646 2171 2706 intelligendus
2193 2661 2292 2691 esse
2306 2645 2510 2695 videtur.

1498 2725 1574 2770 52.
1590 2723 1696 2768 Dixi
1708 2722 2098 2784 descriptoribus,
2110 2722 2281 2784 quibus
2292 2722 2495 2783 Scylacis
2505 2738 2673 2771 nomen

1434 2799 1576 2846 fuisse
1623 2809 1815 2845 constat.
1854 2798 2035 2844 Accede
2076 2799 2132 2844 ad
2168 2798 2397 2861 periplum
2442 2799 2523 2861 qui
2558 2799 2676 2847 falso

1432 2875 1609 2936 Scylaci
1629 2876 1912 2921 attribuitur.
1932 2875 2107 2921 Auctor
2130 2873 2248 2936 ejus,
2272 2885 2455 2938 sumpto
2475 2874 2534 2922 ab
2557 2874 2672 2924 Her-
2738 2932 2740 2934 v

1433 2953 1550 2999 culis
1591 2955 1805 2998 columna
1836 2951 2060 3013 Europaea
2083 2951 2240 3009 initio,
2262 2953 2412 2997 obiter
2438 2962 2594 2999 monet
2614 2950 2676 2999 de

1433 3029 1877 3089 Carthaginiensium
1891 3028 1946 3074 ad
1957 3044 2176 3074 oceanum
2187 3027 2420 3074 borealem
2430 3028 2673 3092 emporiis,

1434 3106 1554 3151 ultra
1573 3121 1675 3166 quae
1698 3106 1905 3165 navigari
1944 3115 2165 3165 nequeat;
2201 3103 2368 3150 deinde
2397 3119 2523 3150 oram
2562 3104 2673 3164 legit

1435 3183 1575 3227 maris
1595 3181 1764 3227 interni
1783 3180 2053 3242 Europaeam
2077 3194 2222 3239 usque
2242 3178 2297 3224 ad
2317 3178 2529 3235 Tanaim,
2550 3177 2672 3225 unde

1429 3257 1561 3318 juxta
1582 3257 1703 3302 Asiae
1723 3254 1971 3315 Libyaeque
1988 3256 2123 3300 litora
2143 3253 2260 3299 redit
2286 3252 2342 3298 ad
2365 3253 2529 3298 fretum
2556 3252 2671 3299 Her·

1435 3333 1632 3388 culeum,
1649 3347 1731 3392 per
1753 3331 1877 3392 quod
1895 3331 1944 3376 in
1966 3346 2185 3376 oceanum
2209 3329 2435 3390 Libycum
2458 3343 2675 3389 egressus

1435 3407 1644 3470 usquead
1667 3407 1830 3453 Lixum
1846 3407 2037 3454 fluvium
2050 3416 2094 3452 et
2106 3406 2285 3452 Cernen
2306 3404 2518 3463 lnsulam,
2534 3420 2676 3467 quam,

1435 3501 1558 3530 mare
1584 3485 1681 3530 luto
1700 3483 1986 3529 obstructum
2010 3482 2182 3544 excipit
2197 3517 2208 3538 ,
2234 3482 2448 3527 lectorem
2472 3481 2670 3529 deducit.

1436 3561 1487 3607 ln
1520 3560 1716 3619 singulis
1740 3558 1950 3622 partibus
1976 3558 2089 3604 satis
2114 3557 2250 3603 habet
2278 3559 2563 3604 recensuisse
2588 3573 2673 3604 no·

1436 3636 1560 3683 mina
1585 3634 1884 3697 populorum,
1920 3633 2190 3689 fluviorum,
2219 3632 2496 3694 oppidorum
2521 3632 2672 3678 mari-

1435 3711 1652 3759 timorum
1667 3746 1679 3769 ,
1741 3710 1970 3756 interdum
2018 3710 2153 3755 etiam
2201 3709 2636 3755 mediterraneorum
2653 3742 2667 3765 ,

1436 3787 1611 3835 insulas
1632 3787 1856 3848 potiores,
1877 3797 1922 3832 et
1951 3802 2052 3848 quae
2075 3787 2167 3832 sint
2190 3786 2417 3833 ‹listantiae
2434 3798 2462 3830 a
2483 3783 2678 3843 regione-

1435 3863 1492 3909 ad
1525 3862 1777 3922 regionem,
1810 3863 1881 3907 vel
1921 3878 1946 3907 a
1980 3862 2241 3908 continente
2264 3861 2320 3924 ad
2350 3858 2574 3914 insulam,
2594 3858 2667 3903 vel

1435 3942 1492 3986 ab
1515 3955 1595 3985 ora
1619 3939 1674 3984 ad
1715 3938 1873 3984 urbem
1909 3939 2304 3985 mediterraneam.
2337 3934 2667 3994 Nonnusquam

1437 4026 1584 4061 tamen
1609 4030 1753 4061 nauca
1772 4013 1915 4061 verba
1935 4014 1991 4060 de
2024 4030 2075 4061 re
2097 4011 2315 4060 historica
2342 4010 2415 4056 vel
2440 4008 2676 4069 mytholo-
2734 4015 2735 4018 ’
