<?xml version="1.0" encoding="UTF-8"?>
<!DOCTYPE html PUBLIC "-//W3C//DTD XHTML 1.0 Transitional//EN"
    "http://www.w3.org/TR/xhtml1/DTD/xhtml1-transitional.dtd">
<html xmlns="http://www.w3.org/1999/xhtml" xml:lang="en" lang="en">
 <head>
  <title>
</title>
<meta http-equiv="Content-Type" content="text/html;charset=utf-8" />
  <meta name='ocr-system' content='tesseract 3.04.00' />
  <meta name='ocr-capabilities' content='ocr_page ocr_carea ocr_par ocr_line ocrx_word'/>
</head>
<body>
  <div class='ocr_page' id='page_1' title='image "./geographigraeci00mueluoft_0319.png"; bbox 0 0 2782 4348; ppageno 0'>
   <div class='ocr_carea' id='block_1_1' title="bbox 167 125 251 187">
    <p class='ocr_par' dir='ltr' id='par_1_1' title="bbox 167 125 251 187">
     <span class='ocr_line' id='line_1_1' title="bbox 167 125 251 187; baseline 0.071 -6"><span class='ocrx_word' id='word_1_1' title='bbox 167 125 251 187; x_wconf 64' lang='grc' dir='ltr'>(ω.)</span> 
     </span>
    </p>
   </div>
   <div class='ocr_carea' id='block_1_2' title="bbox 7 228 1390 305">
    <p class='ocr_par' dir='ltr' id='par_1_2' title="bbox 7 228 1390 305">
     <span class='ocr_line' id='line_1_2' title="bbox 7 228 1390 305; baseline 0.024 -36"><span class='ocrx_word' id='word_1_2' title='bbox 7 279 9 282; x_wconf 25' lang='lat'><em>⁴</em></span> <span class='ocrx_word' id='word_1_3' title='bbox 35 233 147 274; x_wconf 77' lang='lat' dir='ltr'><strong>Phot,</strong></span> <span class='ocrx_word' id='word_1_4' title='bbox 165 228 462 290; x_wconf 77' lang='grc' dir='ltr'>ἀλκιμωτάτοις</span> <span class='ocrx_word' id='word_1_5' title='bbox 485 235 728 294; x_wconf 79' lang='grc' dir='ltr'>ἐπιτίθεται,</span> <span class='ocrx_word' id='word_1_6' title='bbox 763 240 834 285; x_wconf 83' lang='grc' dir='ltr'>καὶ</span> <span class='ocrx_word' id='word_1_7' title='bbox 869 253 1034 305; x_wconf 84' lang='grc' dir='ltr'>κυνηγεῖ</span> <span class='ocrx_word' id='word_1_8' title='bbox 1062 249 1113 293; x_wconf 82' lang='grc' dir='ltr'>τὰ</span> <span class='ocrx_word' id='word_1_9' title='bbox 1146 248 1270 298; x_wconf 83' lang='grc' dir='ltr'>λοιπὰ</span> <span class='ocrx_word' id='word_1_10' title='bbox 1310 259 1390 303; x_wconf 86' lang='grc' dir='ltr'>τῶν</span> 
     </span>
    </p>
   </div>
   <div class='ocr_carea' id='block_1_3' title="bbox 0 534 9 602">
    <p class='ocr_par' dir='ltr' id='par_1_3' title="bbox 0 534 9 602">
     <span class='ocr_line' id='line_1_3' title="bbox 0 534 9 602; baseline 0 -23"><span class='ocrx_word' id='word_1_11' title='bbox 0 534 9 602; x_wconf 63' lang='lat' dir='ltr'>f</span> 
     </span>
    </p>
   </div>
   <div class='ocr_carea' id='block_1_4' title="bbox 64 1600 1087 1682">
    <p class='ocr_par' dir='ltr' id='par_1_4' title="bbox 64 1600 1087 1682">
     <span class='ocr_line' id='line_1_4' title="bbox 64 1600 1087 1682; baseline 0.023 -39"><span class='ocrx_word' id='word_1_12' title='bbox 64 1622 104 1652; x_wconf 88' lang='lat'>20</span> <span class='ocrx_word' id='word_1_13' title='bbox 123 1600 215 1663; x_wconf 84' lang='grc' dir='ltr'>ἔχον</span> <span class='ocrx_word' id='word_1_14' title='bbox 235 1604 281 1647; x_wconf 80' lang='grc' dir='ltr'>ἐκ</span> <span class='ocrx_word' id='word_1_15' title='bbox 304 1607 376 1659; x_wconf 73' lang='grc' dir='ltr'>τῆς</span> <span class='ocrx_word' id='word_1_16' title='bbox 394 1608 473 1651; x_wconf 86' lang='grc' dir='ltr'>τῶν</span> <span class='ocrx_word' id='word_1_17' title='bbox 496 1612 774 1670; x_wconf 80' lang='grc' dir='ltr'>χειρωθέντων</span> <span class='ocrx_word' id='word_1_18' title='bbox 794 1622 1087 1682; x_wconf 80' lang='grc' dir='ltr'>σαρκοφαγίας.</span> 
     </span>
    </p>
   </div>
   <div class='ocr_carea' id='block_1_5' title="bbox 114 298 1389 862">
    <p class='ocr_par' dir='ltr' id='par_1_5' title="bbox 114 298 1389 862">
     <span class='ocr_line' id='line_1_5' title="bbox 160 298 1389 375; baseline 0.024 -33"><span class='ocrx_word' id='word_1_19' title='bbox 160 298 287 359; x_wconf 86' lang='grc' dir='ltr'>ζῴων,</span> <span class='ocrx_word' id='word_1_20' title='bbox 311 302 381 347; x_wconf 81' lang='grc' dir='ltr'>καὶ</span> <span class='ocrx_word' id='word_1_21' title='bbox 403 302 475 355; x_wconf 86' lang='grc' dir='ltr'>τὰς</span> <span class='ocrx_word' id='word_1_22' title='bbox 499 303 673 362; x_wconf 83' lang='grc' dir='ltr'>ποίμνας</span> <span class='ocrx_word' id='word_1_23' title='bbox 692 309 771 352; x_wconf 86' lang='grc' dir='ltr'>τῶν</span> <span class='ocrx_word' id='word_1_24' title='bbox 796 310 1028 374; x_wconf 83' lang='grc' dir='ltr'>ἐπιχωρίων</span> <span class='ocrx_word' id='word_1_25' title='bbox 1051 317 1234 375; x_wconf 87' lang='grc' dir='ltr'>μάλιστα</span> <span class='ocrx_word' id='word_1_26' title='bbox 1257 341 1389 371; x_wconf 89' lang='grc' dir='ltr'>κακο-</span> 
     </span>
     <span class='ocr_line' id='line_1_6' title="bbox 157 370 1388 451; baseline 0.024 -41"><span class='ocrx_word' id='word_1_27' title='bbox 157 372 280 426; x_wconf 88' lang='grc' dir='ltr'>ποιεῒ,</span> <span class='ocrx_word' id='word_1_28' title='bbox 303 370 372 414; x_wconf 74' lang='grc' dir='ltr'>καὶ</span> <span class='ocrx_word' id='word_1_29' title='bbox 397 370 518 430; x_wconf 87' lang='grc' dir='ltr'>μόνον</span> <span class='ocrx_word' id='word_1_30' title='bbox 540 372 650 417; x_wconf 79' lang='grc' dir='ltr'>ἐστὶν</span> <span class='ocrx_word' id='word_1_31' title='bbox 675 374 855 437; x_wconf 81' lang='grc' dir='ltr'>ἄτρωτον</span> <span class='ocrx_word' id='word_1_32' title='bbox 878 381 1007 444; x_wconf 86' lang='grc' dir='ltr'>λόγχῃ</span> <span class='ocrx_word' id='word_1_33' title='bbox 1032 385 1103 431; x_wconf 83' lang='grc' dir='ltr'>καὶ</span> <span class='ocrx_word' id='word_1_34' title='bbox 1126 387 1245 451; x_wconf 83' lang='grc' dir='ltr'>τόξῳ.</span> <span class='ocrx_word' id='word_1_35' title='bbox 1313 394 1388 440; x_wconf 87' lang='grc' dir='ltr'>Διὸ</span> 
     </span>
     <span class='ocr_line' id='line_1_7' title="bbox 155 436 1384 521; baseline 0.023 -41"><span class='ocrx_word' id='word_1_36' title='bbox 155 436 225 482; x_wconf 89' lang='grc' dir='ltr'>καὶ</span> <span class='ocrx_word' id='word_1_37' title='bbox 246 442 415 493; x_wconf 79' lang='grc' dir='ltr'>ποιῆσαι</span> <span class='ocrx_word' id='word_1_38' title='bbox 438 439 512 499; x_wconf 80' lang='grc' dir='ltr'>μὲν</span> <span class='ocrx_word' id='word_1_39' title='bbox 529 442 762 504; x_wconf 79' lang='grc' dir='ltr'>ὑποχείριον</span> <span class='ocrx_word' id='word_1_40' title='bbox 780 447 910 501; x_wconf 80' lang='grc' dir='ltr'>οὐδεὶς</span> <span class='ocrx_word' id='word_1_41' title='bbox 927 453 1093 512; x_wconf 87' lang='grc' dir='ltr'>πολλῶν</span> <span class='ocrx_word' id='word_1_42' title='bbox 1111 457 1384 521; x_wconf 72' lang='grc' dir='ltr'>ἔπιὸεὸλημέ·</span> 
     </span>
     <span class='ocr_line' id='line_1_8' title="bbox 114 506 1382 581; baseline 0.024 -34"><span class='ocrx_word' id='word_1_43' title='bbox 114 524 134 553; x_wconf 76' lang='lat'><strong>5</strong></span> <span class='ocrx_word' id='word_1_44' title='bbox 154 522 233 550; x_wconf 91' lang='grc' dir='ltr'>νων</span> <span class='ocrx_word' id='word_1_45' title='bbox 257 506 502 567; x_wconf 77' lang='grc' dir='ltr'>κατίσχυσε,</span> <span class='ocrx_word' id='word_1_46' title='bbox 521 509 566 554; x_wconf 79' lang='grc' dir='ltr'>τὸ</span> <span class='ocrx_word' id='word_1_47' title='bbox 583 510 618 554; x_wconf 87' lang='grc' dir='ltr'>δ’</span> <span class='ocrx_word' id='word_1_48' title='bbox 642 513 697 564; x_wconf 85' lang='grc' dir='ltr'>εἷς</span> <span class='ocrx_word' id='word_1_49' title='bbox 714 512 875 576; x_wconf 80' lang='grc' dir='ltr'>ὄρυγμα</span> <span class='ocrx_word' id='word_1_50' title='bbox 901 520 1078 579; x_wconf 78' lang='grc' dir='ltr'>ἐμπεσὸν</span> <span class='ocrx_word' id='word_1_51' title='bbox 1100 525 1128 581; x_wconf 85' lang='grc' dir='ltr'>ἥ</span> <span class='ocrx_word' id='word_1_52' title='bbox 1152 545 1241 572; x_wconf 92' lang='grc' dir='ltr'>τινα</span> <span class='ocrx_word' id='word_1_53' title='bbox 1267 530 1382 576; x_wconf 88' lang='grc' dir='ltr'>δόλον</span> 
     </span>
     <span class='ocr_line' id='line_1_9' title="bbox 150 574 1380 657; baseline 0.023 -40"><span class='ocrx_word' id='word_1_54' title='bbox 150 574 280 635; x_wconf 88' lang='grc' dir='ltr'>τούτῳ</span> <span class='ocrx_word' id='word_1_55' title='bbox 302 577 592 637; x_wconf 78' lang='grc' dir='ltr'>παραπλήσιον</span> <span class='ocrx_word' id='word_1_56' title='bbox 625 581 702 626; x_wconf 81' lang='grc' dir='ltr'>ὕπὸ</span> <span class='ocrx_word' id='word_1_57' title='bbox 721 589 792 629; x_wconf 77' lang='grc' dir='ltr'>τοῦ</span> <span class='ocrx_word' id='word_1_58' title='bbox 831 590 960 646; x_wconf 76' lang='grc' dir='ltr'>θυμοῦ</span> <span class='ocrx_word' id='word_1_59' title='bbox 996 593 1205 653; x_wconf 86' lang='grc' dir='ltr'>συντόμως</span> <span class='ocrx_word' id='word_1_60' title='bbox 1225 597 1380 657; x_wconf 89' lang='grc' dir='ltr'>γίνεται</span> 
     </span>
     <span class='ocr_line' id='line_1_10' title="bbox 147 644 1377 729; baseline 0.024 -43"><span class='ocrx_word' id='word_1_61' title='bbox 147 644 392 702; x_wconf 84' lang='grc' dir='ltr'>περιπνιγές.</span> <span class='ocrx_word' id='word_1_62' title='bbox 464 647 549 692; x_wconf 86' lang='grc' dir='ltr'>Καὶ</span> <span class='ocrx_word' id='word_1_63' title='bbox 569 648 614 694; x_wconf 83' lang='grc' dir='ltr'>τὸ</span> <span class='ocrx_word' id='word_1_64' title='bbox 627 650 700 708; x_wconf 84' lang='grc' dir='ltr'>μὲν</span> <span class='ocrx_word' id='word_1_65' title='bbox 716 653 851 715; x_wconf 84' lang='grc' dir='ltr'>θηρίον</span> <span class='ocrx_word' id='word_1_66' title='bbox 874 657 1039 712; x_wconf 85' lang='grc' dir='ltr'>εἰκότως</span> <span class='ocrx_word' id='word_1_67' title='bbox 1057 663 1237 725; x_wconf 86' lang='grc' dir='ltr'>κρίνεται</span> <span class='ocrx_word' id='word_1_68' title='bbox 1258 668 1377 729; x_wconf 83' lang='grc' dir='ltr'>(καὶ)</span> 
     </span>
     <span class='ocr_line' id='line_1_11' title="bbox 144 709 1377 798; baseline 0.026 -45"><span class='ocrx_word' id='word_1_69' title='bbox 144 709 257 772; x_wconf 88' lang='grc' dir='ltr'>παρὰ</span> <span class='ocrx_word' id='word_1_70' title='bbox 281 713 592 775; x_wconf 79' lang='grc' dir='ltr'>Τρωγλοδύταις</span> <span class='ocrx_word' id='word_1_71' title='bbox 618 719 746 777; x_wconf 83' lang='grc' dir='ltr'>ἀλκὴν</span> <span class='ocrx_word' id='word_1_72' title='bbox 767 723 842 781; x_wconf 81' lang='grc' dir='ltr'>μὲν</span> <span class='ocrx_word' id='word_1_73' title='bbox 865 724 971 788; x_wconf 84' lang='grc' dir='ltr'>ἔχειν</span> <span class='ocrx_word' id='word_1_74' title='bbox 988 729 1165 789; x_wconf 86' lang='grc' dir='ltr'>λέοντος,</span> <span class='ocrx_word' id='word_1_75' title='bbox 1184 735 1309 798; x_wconf 88' lang='grc' dir='ltr'>τάχος</span> <span class='ocrx_word' id='word_1_76' title='bbox 1335 738 1377 784; x_wconf 79' lang='grc' dir='ltr'>δὲ</span> 
     </span>
     <span class='ocr_line' id='line_1_12' title="bbox 144 776 1257 862; baseline 0.025 -40"><span class='ocrx_word' id='word_1_77' title='bbox 144 776 294 837; x_wconf 78' lang='grc' dir='ltr'>ἵππου,</span> <span class='ocrx_word' id='word_1_78' title='bbox 316 782 461 845; x_wconf 82' lang='grc' dir='ltr'>ῥώμην</span> <span class='ocrx_word' id='word_1_79' title='bbox 483 785 525 830; x_wconf 80' lang='grc' dir='ltr'>δὲ</span> <span class='ocrx_word' id='word_1_80' title='bbox 548 787 701 851; x_wconf 91' lang='grc' dir='ltr'>ταύρου</span> <span class='ocrx_word' id='word_1_81' title='bbox 712 826 724 847; x_wconf 22' lang='lat'>¹,</span> <span class='ocrx_word' id='word_1_82' title='bbox 745 793 898 856; x_wconf 82' lang='grc' dir='ltr'>σιδήρῳ</span> <span class='ocrx_word' id='word_1_83' title='bbox 917 796 958 842; x_wconf 81' lang='grc' dir='ltr'>δὲ</span> <span class='ocrx_word' id='word_1_84' title='bbox 982 800 1060 862; x_wconf 80' lang='grc' dir='ltr'>οὐχ</span> <span class='ocrx_word' id='word_1_85' title='bbox 1079 803 1257 850; x_wconf 79' lang='grc' dir='ltr'>ὑπεῖκον.</span> 
     </span>
    </p>
   </div>
   <div class='ocr_carea' id='block_1_6' title="bbox 82 848 1374 939">
    <p class='ocr_par' dir='ltr' id='par_1_6' title="bbox 82 848 1374 939">
     <span class='ocr_line' id='line_1_13' title="bbox 82 848 1374 939; baseline 0.023 -45"><span class='ocrx_word' id='word_1_86' title='bbox 82 866 121 896; x_wconf 79' lang='lat'>10</span> <span class='ocrx_word' id='word_1_87' title='bbox 205 865 264 896; x_wconf 87' lang='lat'>77.</span> <span class='ocrx_word' id='word_1_88' title='bbox 290 848 390 898; x_wconf 56' lang='lat' dir='ltr'>c‘Oi-t</span> <span class='ocrx_word' id='word_1_89' title='bbox 420 856 441 899; x_wconf 82' lang='grc' dir='ltr'>ὁ</span> <span class='ocrx_word' id='word_1_90' title='bbox 463 855 572 902; x_wconf 85' lang='grc' dir='ltr'>κατὰ</span> <span class='ocrx_word' id='word_1_91' title='bbox 602 860 676 915; x_wconf 80' lang='grc' dir='ltr'>τὴν</span> <span class='ocrx_word' id='word_1_92' title='bbox 714 863 933 919; x_wconf 75' lang='grc' dir='ltr'>Αἰθιοπίαν</span> <span class='ocrx_word' id='word_1_93' title='bbox 964 869 1259 932; x_wconf 86' lang='grc' dir='ltr'>ὀνομαζόμενος</span> <span class='ocrx_word' id='word_1_94' title='bbox 1284 895 1374 939; x_wconf 91' lang='grc' dir='ltr'>κρο-</span> 
     </span>
    </p>
   </div>
   <div class='ocr_carea' id='block_1_7' title="bbox 136 917 1372 1200">
    <p class='ocr_par' dir='ltr' id='par_1_7' title="bbox 136 917 1372 1200">
     <span class='ocr_line' id='line_1_14' title="bbox 139 917 1370 1009; baseline 0.026 -48"><span class='ocrx_word' id='word_1_95' title='bbox 139 917 286 972; x_wconf 90' lang='grc' dir='ltr'>κόττας</span> <span class='ocrx_word' id='word_1_96' title='bbox 302 921 386 967; x_wconf 81' lang='grc' dir='ltr'>ἐστὶ</span> <span class='ocrx_word' id='word_1_97' title='bbox 404 921 478 981; x_wconf 81' lang='grc' dir='ltr'>μὲν</span> <span class='ocrx_word' id='word_1_98' title='bbox 495 927 550 977; x_wconf 85' lang='grc' dir='ltr'>ὡς</span> <span class='ocrx_word' id='word_1_99' title='bbox 568 927 614 972; x_wconf 83' lang='grc' dir='ltr'>ἐκ</span> <span class='ocrx_word' id='word_1_100' title='bbox 627 927 751 976; x_wconf 84' lang='grc' dir='ltr'>λύκου</span> <span class='ocrx_word' id='word_1_101' title='bbox 771 932 842 977; x_wconf 80' lang='grc' dir='ltr'>καὶ</span> <span class='ocrx_word' id='word_1_102' title='bbox 861 934 977 989; x_wconf 82' lang='grc' dir='ltr'>κυνὸς</span> <span class='ocrx_word' id='word_1_103' title='bbox 993 937 1198 1000; x_wconf 89' lang='grc' dir='ltr'>σύνθετον,</span> <span class='ocrx_word' id='word_1_104' title='bbox 1221 946 1370 1009; x_wconf 72' lang='grc' dir='ltr'>ἀμφοῖν</span> 
     </span>
     <span class='ocr_line' id='line_1_15' title="bbox 138 986 1372 1076; baseline 0.026 -45"><span class='ocrx_word' id='word_1_105' title='bbox 138 986 180 1032; x_wconf 80' lang='grc' dir='ltr'>δὲ</span> <span class='ocrx_word' id='word_1_106' title='bbox 200 990 465 1054; x_wconf 84' lang='grc' dir='ltr'>ἀγριώτερον,</span> <span class='ocrx_word' id='word_1_107' title='bbox 486 995 557 1040; x_wconf 79' lang='grc' dir='ltr'>καὶ</span> <span class='ocrx_word' id='word_1_108' title='bbox 576 999 716 1060; x_wconf 81' lang='grc' dir='ltr'>πολλῷ</span> <span class='ocrx_word' id='word_1_109' title='bbox 739 1003 962 1067; x_wconf 82' lang='grc' dir='ltr'>βαρύτερον</span> <span class='ocrx_word' id='word_1_110' title='bbox 986 1009 1070 1055; x_wconf 86' lang='grc' dir='ltr'>ἀπό</span> <span class='ocrx_word' id='word_1_111' title='bbox 1090 1030 1134 1056; x_wconf 89' lang='grc' dir='ltr'>τε</span> <span class='ocrx_word' id='word_1_112' title='bbox 1153 1018 1224 1058; x_wconf 77' lang='grc' dir='ltr'>τοῦ</span> <span class='ocrx_word' id='word_1_113' title='bbox 1249 1035 1372 1076; x_wconf 85' lang='grc' dir='ltr'>προσ·</span> 
     </span>
     <span class='ocr_line' id='line_1_16' title="bbox 136 1055 1369 1145; baseline 0.026 -44"><span class='ocrx_word' id='word_1_114' title='bbox 136 1055 250 1103; x_wconf 87' lang='grc' dir='ltr'>ώπου</span> <span class='ocrx_word' id='word_1_115' title='bbox 295 1062 366 1106; x_wconf 87' lang='grc' dir='ltr'>καὶ</span> <span class='ocrx_word' id='word_1_116' title='bbox 408 1066 488 1108; x_wconf 89' lang='grc' dir='ltr'>τῶν</span> <span class='ocrx_word' id='word_1_117' title='bbox 522 1063 662 1128; x_wconf 53' lang='grc' dir='ltr'>’ἄκρων</span> <span class='ocrx_word' id='word_1_118' title='bbox 697 1071 833 1116; x_wconf 90' lang='grc' dir='ltr'>ποδῶν</span> <span class='ocrx_word' id='word_1_119' title='bbox 848 1109 860 1132; x_wconf 93' lang='grc'>,</span> <span class='ocrx_word' id='word_1_120' title='bbox 899 1077 1005 1137; x_wconf 83' lang='grc' dir='ltr'>ἀλκῇ</span> <span class='ocrx_word' id='word_1_121' title='bbox 1041 1078 1082 1124; x_wconf 82' lang='grc' dir='ltr'>δὲ</span> <span class='ocrx_word' id='word_1_122' title='bbox 1119 1085 1369 1145; x_wconf 84' lang='grc' dir='ltr'>θαυμαστὸν,</span> 
     </span>
     <span class='ocr_line' id='line_1_17' title="bbox 137 1125 1213 1200; baseline 0.026 -30"><span class='ocrx_word' id='word_1_123' title='bbox 137 1125 272 1174; x_wconf 81' lang='grc' dir='ltr'>ὀδοῦσι</span> <span class='ocrx_word' id='word_1_124' title='bbox 303 1130 345 1175; x_wconf 82' lang='grc' dir='ltr'>δὲ</span> <span class='ocrx_word' id='word_1_125' title='bbox 379 1133 448 1178; x_wconf 85' lang='grc' dir='ltr'>καὶ</span> <span class='ocrx_word' id='word_1_126' title='bbox 483 1135 618 1200; x_wconf 77' lang='grc' dir='ltr'>κοιλίᾳ</span> <span class='ocrx_word' id='word_1_127' title='bbox 649 1140 930 1189; x_wconf 86' lang='grc' dir='ltr'>δυνατώτατον</span> <span class='ocrx_word' id='word_1_128' title='bbox 951 1150 1030 1191; x_wconf 84' lang='grc' dir='ltr'>τῶν</span> <span class='ocrx_word' id='word_1_129' title='bbox 1062 1148 1213 1199; x_wconf 81' lang='grc' dir='ltr'>ἄλλων.</span> 
     </span>
    </p>
   </div>
   <div class='ocr_carea' id='block_1_8' title="bbox 1049 149 2676 252">
    <p class='ocr_par' dir='ltr' id='par_1_8' title="bbox 1049 149 2676 252">
     <span class='ocr_line' id='line_1_18' title="bbox 1049 149 2676 252; baseline 0.036 -58"><span class='ocrx_word' id='word_1_130' title='bbox 1049 149 1130 195; x_wconf 81' lang='lat' dir='ltr'>DE</span> <span class='ocrx_word' id='word_1_131' title='bbox 1163 151 1318 203; x_wconf 81' lang='grc' dir='ltr'><strong>ΜΑΒΙ</strong></span> <span class='ocrx_word' id='word_1_132' title='bbox 1354 158 1718 212; x_wconf 87' lang='lat' dir='ltr'><strong>ERYTHRAEO.</strong></span> <span class='ocrx_word' id='word_1_133' title='bbox 2600 212 2618 249; x_wconf 92' lang='lat'><em>1</em></span> <span class='ocrx_word' id='word_1_134' title='bbox 2629 214 2676 252; x_wconf 82' lang='grc'>61</span> 
     </span>
    </p>
   </div>
   <div class='ocr_carea' id='block_1_9' title="bbox 1457 277 2687 432">
    <p class='ocr_par' dir='ltr' id='par_1_9' title="bbox 1457 277 2687 432">
     <span class='ocr_line' id='line_1_19' title="bbox 1460 277 2687 355; baseline 0.032 -46"><span class='ocrx_word' id='word_1_135' title='bbox 1460 280 1635 314; x_wconf 79' lang='lat' dir='ltr'><strong>venatur</strong></span> <span class='ocrx_word' id='word_1_136' title='bbox 1653 277 1914 335; x_wconf 84' lang='lat' dir='ltr'><strong>maximeque</strong></span> <span class='ocrx_word' id='word_1_137' title='bbox 1943 296 2082 338; x_wconf 81' lang='lat' dir='ltr'><strong>greges</strong></span> <span class='ocrx_word' id='word_1_138' title='bbox 2108 288 2335 335; x_wconf 85' lang='lat' dir='ltr'><strong>incolarum</strong></span> <span class='ocrx_word' id='word_1_139' title='bbox 2367 299 2531 343; x_wconf 87' lang='lat' dir='ltr'><strong>infestos</strong></span> <span class='ocrx_word' id='word_1_140' title='bbox 2554 310 2687 355; x_wconf 78' lang='lat' dir='ltr'><strong>reddit</strong></span> 
     </span>
     <span class='ocr_line' id='line_1_20' title="bbox 1457 349 2682 432; baseline 0.035 -44"><span class='ocrx_word' id='word_1_141' title='bbox 1457 349 1682 405; x_wconf 82' lang='lat' dir='ltr'><strong>malefici03</strong></span> <span class='ocrx_word' id='word_1_142' title='bbox 1721 357 1854 401; x_wconf 89' lang='lat' dir='ltr'><strong>solum</strong></span> <span class='ocrx_word' id='word_1_143' title='bbox 1893 369 1953 402; x_wconf 89' lang='lat' dir='ltr'>est</span> <span class='ocrx_word' id='word_1_144' title='bbox 1991 363 2132 407; x_wconf 90' lang='lat' dir='ltr'><strong>lancea</strong></span> <span class='ocrx_word' id='word_1_145' title='bbox 2170 378 2210 409; x_wconf 89' lang='lat' dir='ltr'>et</span> <span class='ocrx_word' id='word_1_146' title='bbox 2242 386 2338 414; x_wconf 89' lang='lat' dir='ltr'><strong>arcu</strong></span> <span class='ocrx_word' id='word_1_147' title='bbox 2376 378 2682 432; x_wconf 84' lang='lat' dir='ltr'><strong>invulnerabile.</strong></span> 
     </span>
    </p>
   </div>
   <div class='ocr_carea' id='block_1_10' title="bbox 1456 430 2684 515">
    <p class='ocr_par' dir='ltr' id='par_1_10' title="bbox 1456 430 2684 515">
     <span class='ocr_line' id='line_1_21' title="bbox 1456 430 2684 515; baseline 0.033 -46"><span class='ocrx_word' id='word_1_148' title='bbox 1456 430 1582 481; x_wconf 88' lang='lat' dir='ltr'><strong>Quod</strong></span> <span class='ocrx_word' id='word_1_149' title='bbox 1601 448 1731 478; x_wconf 85' lang='lat' dir='ltr'><strong>causae</strong></span> <span class='ocrx_word' id='word_1_150' title='bbox 1746 447 1821 490; x_wconf 88' lang='lat' dir='ltr'><strong>est,</strong></span> <span class='ocrx_word' id='word_1_151' title='bbox 1854 450 1900 483; x_wconf 92' lang='lat' dir='ltr'>ut</span> <span class='ocrx_word' id='word_1_152' title='bbox 1921 458 2044 486; x_wconf 91' lang='lat' dir='ltr'><strong>nemo</strong></span> <span class='ocrx_word' id='word_1_153' title='bbox 2063 446 2106 488; x_wconf 90' lang='lat' dir='ltr'>id</span> <span class='ocrx_word' id='word_1_154' title='bbox 2122 450 2308 505; x_wconf 80' lang='lat' dir='ltr'><strong>subigere</strong></span> <span class='ocrx_word' id='word_1_155' title='bbox 2332 458 2348 509; x_wconf 90' lang='lat'>(</span> <span class='ocrx_word' id='word_1_156' title='bbox 2366 466 2550 513; x_wconf 88' lang='lat' dir='ltr'><strong>quamvis</strong></span> <span class='ocrx_word' id='word_1_157' title='bbox 2570 473 2684 515; x_wconf 77' lang='lat' dir='ltr'><strong>multi</strong></span> 
     </span>
    </p>
   </div>
   <div class='ocr_carea' id='block_1_11' title="bbox 1453 503 2684 590">
    <p class='ocr_par' dir='ltr' id='par_1_11' title="bbox 1453 503 2684 590">
     <span class='ocr_line' id='line_1_22' title="bbox 1453 503 2684 590; baseline 0.036 -46"><span class='ocrx_word' id='word_1_158' title='bbox 1453 503 1496 544; x_wconf 91' lang='lat' dir='ltr'><strong>id</strong></span> <span class='ocrx_word' id='word_1_159' title='bbox 1523 511 1718 555; x_wconf 86' lang='lat' dir='ltr'><strong>tentarint</strong></span> <span class='ocrx_word' id='word_1_160' title='bbox 1738 512 1752 569; x_wconf 96' lang='lat'><em>)</em></span> <span class='ocrx_word' id='word_1_161' title='bbox 1777 515 1963 560; x_wconf 86' lang='lat' dir='ltr'><strong>valuerit.</strong></span> <span class='ocrx_word' id='word_1_162' title='bbox 2024 524 2073 564; x_wconf 91' lang='lat' dir='ltr'><strong>In</strong></span> <span class='ocrx_word' id='word_1_163' title='bbox 2099 523 2248 569; x_wconf 86' lang='lat' dir='ltr'><strong>fossam</strong></span> <span class='ocrx_word' id='word_1_164' title='bbox 2268 538 2405 574; x_wconf 87' lang='lat' dir='ltr'><strong>tamen</strong></span> <span class='ocrx_word' id='word_1_165' title='bbox 2426 547 2496 579; x_wconf 89' lang='lat' dir='ltr'>aut</span> <span class='ocrx_word' id='word_1_166' title='bbox 2514 542 2684 590; x_wconf 88' lang='lat' dir='ltr'><strong>similem</strong></span> 
     </span>
    </p>
   </div>
   <div class='ocr_carea' id='block_1_12' title="bbox 1450 579 2685 741">
    <p class='ocr_par' dir='ltr' id='par_1_12' title="bbox 1450 579 2685 741">
     <span class='ocr_line' id='line_1_23' title="bbox 1451 579 2685 663; baseline 0.037 -44"><span class='ocrx_word' id='word_1_167' title='bbox 1451 579 1593 623; x_wconf 90' lang='lat' dir='ltr'><strong>dolum</strong></span> <span class='ocrx_word' id='word_1_168' title='bbox 1607 615 1619 635; x_wconf 92' lang='lat'><strong>,</strong></span> <span class='ocrx_word' id='word_1_169' title='bbox 1648 587 1681 627; x_wconf 89' lang='lat' dir='ltr'>si</span> <span class='ocrx_word' id='word_1_170' title='bbox 1704 591 1871 643; x_wconf 90' lang='lat' dir='ltr'><strong>quando</strong></span> <span class='ocrx_word' id='word_1_171' title='bbox 1890 595 2050 648; x_wconf 88' lang='lat' dir='ltr'><strong>incidit,</strong></span> <span class='ocrx_word' id='word_1_172' title='bbox 2074 613 2159 654; x_wconf 86' lang='lat' dir='ltr'>prae</span> <span class='ocrx_word' id='word_1_173' title='bbox 2182 606 2309 647; x_wconf 90' lang='lat' dir='ltr'><strong>animi</strong></span> <span class='ocrx_word' id='word_1_174' title='bbox 2334 609 2485 656; x_wconf 84' lang='lat' dir='ltr'><strong>ferocia</strong></span> <span class='ocrx_word' id='word_1_175' title='bbox 2504 619 2586 660; x_wconf 81' lang='lat' dir='ltr'><strong>cito</strong></span> <span class='ocrx_word' id='word_1_176' title='bbox 2602 625 2685 663; x_wconf 89' lang='lat' dir='ltr'><strong>sus-</strong></span> 
     </span>
     <span class='ocr_line' id='line_1_24' title="bbox 1450 656 2685 741; baseline 0.037 -46"><span class='ocrx_word' id='word_1_177' title='bbox 1450 656 1622 701; x_wconf 86' lang='lat' dir='ltr'><strong>focatur.</strong></span> <span class='ocrx_word' id='word_1_178' title='bbox 1654 663 1771 705; x_wconf 81' lang='lat' dir='ltr'><strong>&#39;Ideo</strong></span> <span class='ocrx_word' id='word_1_179' title='bbox 1794 677 1903 710; x_wconf 88' lang='lat' dir='ltr'><strong>reete</strong></span> <span class='ocrx_word' id='word_1_180' title='bbox 1924 681 2095 726; x_wconf 86' lang='lat' dir='ltr'><strong>putatur</strong></span> <span class='ocrx_word' id='word_1_181' title='bbox 2114 692 2136 718; x_wconf 92' lang='lat' dir='ltr'>a</span> <span class='ocrx_word' id='word_1_182' title='bbox 2150 680 2422 741; x_wconf 30' lang='lat' dir='ltr'><strong>&#39;Troglodytis</strong></span> <span class='ocrx_word' id='word_1_183' title='bbox 2444 690 2685 741; x_wconf 88' lang='lat' dir='ltr'><strong>fortitudine</strong></span> 
     </span>
    </p>
   </div>
   <div class='ocr_carea' id='block_1_13' title="bbox 1446 732 2679 867">
    <p class='ocr_par' dir='ltr' id='par_1_13' title="bbox 1446 732 2679 867">
     <span class='ocr_line' id='line_1_25' title="bbox 1447 732 2679 826; baseline 0.037 -54"><span class='ocrx_word' id='word_1_184' title='bbox 1447 732 1575 775; x_wconf 89' lang='lat' dir='ltr'><strong>leonis</strong></span> <span class='ocrx_word' id='word_1_185' title='bbox 1600 746 1639 778; x_wconf 91' lang='lat' dir='ltr'>et</span> <span class='ocrx_word' id='word_1_186' title='bbox 1673 740 1885 786; x_wconf 83' lang='lat' dir='ltr'><strong>velocitate</strong></span> <span class='ocrx_word' id='word_1_187' title='bbox 1918 750 2012 803; x_wconf 90' lang='lat' dir='ltr'><strong>equi</strong></span> <span class='ocrx_word' id='word_1_188' title='bbox 2043 761 2082 793; x_wconf 89' lang='lat' dir='ltr'>et</span> <span class='ocrx_word' id='word_1_189' title='bbox 2119 755 2268 799; x_wconf 82' lang='lat' dir='ltr'><strong>robore</strong></span> <span class='ocrx_word' id='word_1_190' title='bbox 2300 766 2405 806; x_wconf 81' lang='lat' dir='ltr'><strong>tauri</strong></span> <span class='ocrx_word' id='word_1_191' title='bbox 2443 771 2679 826; x_wconf 81' lang='lat' dir='ltr'><strong>praeditum,</strong></span> 
     </span>
     <span class='ocr_line' id='line_1_26' title="bbox 1446 808 2018 867; baseline 0.033 -19"><span class='ocrx_word' id='word_1_192' title='bbox 1446 808 1637 867; x_wconf 84' lang='lat' dir='ltr'><strong>ferroque</strong></span> <span class='ocrx_word' id='word_1_193' title='bbox 1655 816 1800 859; x_wconf 87' lang='lat' dir='ltr'><strong>cedere</strong></span> <span class='ocrx_word' id='word_1_194' title='bbox 1818 823 2018 867; x_wconf 87' lang='lat' dir='ltr'><strong>nescium.</strong></span> 
     </span>
    </p>
   </div>
   <div class='ocr_carea' id='block_1_14' title="bbox 1442 1027 2678 1176">
    <p class='ocr_par' dir='ltr' id='par_1_14' title="bbox 1442 1027 2678 1176">
     <span class='ocr_line' id='line_1_27' title="bbox 1443 1027 2678 1114; baseline 0.036 -53"><span class='ocrx_word' id='word_1_195' title='bbox 1443 1036 1524 1076; x_wconf 90' lang='lat' dir='ltr'>que</span> <span class='ocrx_word' id='word_1_196' title='bbox 1559 1027 1690 1069; x_wconf 91' lang='lat' dir='ltr'><strong>multo</strong></span> <span class='ocrx_word' id='word_1_197' title='bbox 1722 1033 1868 1075; x_wconf 86' lang='lat' dir='ltr'><strong>saevior</strong></span> <span class='ocrx_word' id='word_1_198' title='bbox 1898 1045 1978 1088; x_wconf 89' lang='lat' dir='ltr'><strong>est,</strong></span> <span class='ocrx_word' id='word_1_199' title='bbox 2017 1048 2057 1080; x_wconf 90' lang='lat' dir='ltr'>et</span> <span class='ocrx_word' id='word_1_200' title='bbox 2093 1041 2193 1084; x_wconf 87' lang='lat' dir='ltr'><strong>facie</strong></span> <span class='ocrx_word' id='word_1_201' title='bbox 2230 1054 2480 1109; x_wconf 86' lang='lat' dir='ltr'><strong>summisque</strong></span> <span class='ocrx_word' id='word_1_202' title='bbox 2505 1061 2678 1114; x_wconf 88' lang='lat' dir='ltr'><strong>pedibus</strong></span> 
     </span>
     <span class='ocr_line' id='line_1_28' title="bbox 1442 1090 2671 1176; baseline 0.035 -45"><span class='ocrx_word' id='word_1_203' title='bbox 1442 1090 1561 1147; x_wconf 87' lang='lat' dir='ltr'><strong>longe</strong></span> <span class='ocrx_word' id='word_1_204' title='bbox 1586 1099 1764 1151; x_wconf 87' lang='lat' dir='ltr'><strong>gravior,</strong></span> <span class='ocrx_word' id='word_1_205' title='bbox 1786 1111 1826 1143; x_wconf 88' lang='lat' dir='ltr'>et</span> <span class='ocrx_word' id='word_1_206' title='bbox 1844 1114 1986 1147; x_wconf 87' lang='lat' dir='ltr'><strong>ventre</strong></span> <span class='ocrx_word' id='word_1_207' title='bbox 2001 1117 2041 1148; x_wconf 94' lang='lat' dir='ltr'>et</span> <span class='ocrx_word' id='word_1_208' title='bbox 2063 1109 2255 1155; x_wconf 90' lang='lat' dir='ltr'><strong>dentibus</strong></span> <span class='ocrx_word' id='word_1_209' title='bbox 2274 1124 2490 1176; x_wconf 84' lang='lat' dir='ltr'><strong>antepollet</strong></span> <span class='ocrx_word' id='word_1_210' title='bbox 2514 1143 2671 1174; x_wconf 88' lang='lat' dir='ltr'><strong>omnes.</strong></span> 
     </span>
    </p>
   </div>
   <div class='ocr_carea' id='block_1_15' title="bbox 1282 1158 2669 1253">
    <p class='ocr_par' dir='ltr' id='par_1_15' title="bbox 1282 1158 2669 1253">
     <span class='ocr_line' id='line_1_29' title="bbox 1282 1158 2669 1253; baseline 0.032 -55"><span class='ocrx_word' id='word_1_211' title='bbox 1282 1158 1368 1202; x_wconf 88' lang='grc' dir='ltr'>Καὶ</span> <span class='ocrx_word' id='word_1_212' title='bbox 1440 1162 1605 1205; x_wconf 89' lang='lat' dir='ltr'><strong>Etenim</strong></span> <span class='ocrx_word' id='word_1_213' title='bbox 1633 1169 1848 1222; x_wconf 85' lang='lat' dir='ltr'><strong>quodlibet</strong></span> <span class='ocrx_word' id='word_1_214' title='bbox 1865 1187 1992 1226; x_wconf 88' lang='lat' dir='ltr'><strong>genus</strong></span> <span class='ocrx_word' id='word_1_215' title='bbox 2011 1180 2111 1220; x_wconf 90' lang='lat' dir='ltr'><strong>ossis</strong></span> <span class='ocrx_word' id='word_1_216' title='bbox 2134 1181 2282 1239; x_wconf 86' lang='lat' dir='ltr'><strong>frangit</strong></span> <span class='ocrx_word' id='word_1_217' title='bbox 2302 1189 2412 1232; x_wconf 86' lang='lat' dir='ltr'><strong>haud</strong></span> <span class='ocrx_word' id='word_1_218' title='bbox 2436 1194 2669 1253; x_wconf 85' lang='lat' dir='ltr'><strong>difficulter,</strong></span> 
     </span>
    </p>
   </div>
   <div class='ocr_carea' id='block_1_16' title="bbox 648 1232 2162 1282">
    <p class='ocr_par' dir='ltr' id='par_1_16' title="bbox 648 1232 2162 1282">
     <span class='ocr_line' id='line_1_30' title="bbox 648 1232 2162 1282; baseline 0.026 -46"><span class='ocrx_word' id='word_1_219' title='bbox 648 1232 2162 1282; x_wconf 22' lang='grc' dir='ltr'>Ἣ</span> 
     </span>
    </p>
   </div>
   <div class='ocr_carea' id='block_1_17' title="bbox 6 1260 1361 1344">
    <p class='ocr_par' dir='ltr' id='par_1_17' title="bbox 6 1260 1361 1344">
     <span class='ocr_line' id='line_1_31' title="bbox 6 1260 1361 1344; baseline 0.024 -41"><span class='ocrx_word' id='word_1_220' title='bbox 6 1264 118 1305; x_wconf 84' lang='lat' dir='ltr'><strong>Diod.</strong></span> <span class='ocrx_word' id='word_1_221' title='bbox 132 1260 254 1308; x_wconf 84' lang='grc' dir='ltr'>ἀλλον</span> <span class='ocrx_word' id='word_1_222' title='bbox 287 1264 430 1327; x_wconf 85' lang='grc' dir='ltr'>χρόνον</span> <span class='ocrx_word' id='word_1_223' title='bbox 455 1267 560 1313; x_wconf 77' lang='grc' dir='ltr'>αὐτὰ</span> <span class='ocrx_word' id='word_1_224' title='bbox 583 1273 687 1317; x_wconf 77' lang='grc' dir='ltr'>κινεῖ</span> <span class='ocrx_word' id='word_1_225' title='bbox 707 1279 1010 1337; x_wconf 86' lang='grc' dir='ltr'>παραπλησίως</span> <span class='ocrx_word' id='word_1_226' title='bbox 1031 1289 1114 1335; x_wconf 81' lang='grc' dir='ltr'>τοῖς</span> <span class='ocrx_word' id='word_1_227' title='bbox 1133 1285 1231 1344; x_wconf 78' lang='grc' dir='ltr'>ὠσὶ,</span> <span class='ocrx_word' id='word_1_228' title='bbox 1252 1290 1361 1335; x_wconf 83' lang='grc' dir='ltr'>κατὰ</span> 
     </span>
    </p>
   </div>
   <div class='ocr_carea' id='block_1_18' title="bbox 114 1331 1359 1966">
    <p class='ocr_par' dir='ltr' id='par_1_18' title="bbox 114 1331 1359 1966">
     <span class='ocr_line' id='line_1_32' title="bbox 130 1331 1359 1421; baseline 0.026 -47"><span class='ocrx_word' id='word_1_229' title='bbox 130 1331 171 1376; x_wconf 84' lang='grc' dir='ltr'>δὲ</span> <span class='ocrx_word' id='word_1_230' title='bbox 195 1332 266 1384; x_wconf 86' lang='grc' dir='ltr'>τὰς</span> <span class='ocrx_word' id='word_1_231' title='bbox 298 1335 437 1396; x_wconf 80' lang='grc' dir='ltr'>μάχας</span> <span class='ocrx_word' id='word_1_232' title='bbox 458 1336 619 1393; x_wconf 79' lang='grc' dir='ltr'>ἵστησιν</span> <span class='ocrx_word' id='word_1_233' title='bbox 655 1344 881 1405; x_wconf 86' lang='grc' dir='ltr'>ἀραρότως.</span> <span class='ocrx_word' id='word_1_234' title='bbox 950 1350 1038 1406; x_wconf 71' lang='grc' dir='ltr'>Τὴν</span> <span class='ocrx_word' id='word_1_235' title='bbox 1064 1353 1105 1398; x_wconf 84' lang='grc' dir='ltr'>δὲ</span> <span class='ocrx_word' id='word_1_236' title='bbox 1125 1358 1197 1411; x_wconf 75' lang='grc' dir='ltr'>τῆς</span> <span class='ocrx_word' id='word_1_237' title='bbox 1222 1358 1359 1421; x_wconf 81' lang='grc' dir='ltr'>τριχὸς</span> 
     </span>
     <span class='ocr_line' id='line_1_33' title="bbox 127 1403 1355 1478; baseline 0.026 -35"><span class='ocrx_word' id='word_1_238' title='bbox 127 1403 345 1464; x_wconf 83' lang='grc' dir='ltr'>ἐπαγωγὴν</span> <span class='ocrx_word' id='word_1_239' title='bbox 369 1404 454 1466; x_wconf 81' lang='grc' dir='ltr'>ἔχει</span> <span class='ocrx_word' id='word_1_240' title='bbox 478 1411 559 1458; x_wconf 81' lang='grc' dir='ltr'>τοῖς</span> <span class='ocrx_word' id='word_1_241' title='bbox 598 1411 735 1464; x_wconf 83' lang='grc' dir='ltr'>ἄλλοις</span> <span class='ocrx_word' id='word_1_242' title='bbox 757 1413 871 1478; x_wconf 85' lang='grc' dir='ltr'>ζῴοις</span> <span class='ocrx_word' id='word_1_243' title='bbox 898 1420 1098 1469; x_wconf 82' lang='grc' dir='ltr'>ἐναντίαν.</span> <span class='ocrx_word' id='word_1_244' title='bbox 1166 1424 1293 1474; x_wconf 86' lang='grc' dir='ltr'>Ἔστι</span> <span class='ocrx_word' id='word_1_245' title='bbox 1314 1429 1355 1474; x_wconf 81' lang='grc' dir='ltr'>δὲ</span> 
     </span>
     <span class='ocr_line' id='line_1_34' title="bbox 123 1470 1354 1550; baseline 0.024 -37"><span class='ocrx_word' id='word_1_246' title='bbox 123 1470 169 1514; x_wconf 81' lang='grc' dir='ltr'>τὸ</span> <span class='ocrx_word' id='word_1_247' title='bbox 190 1472 326 1532; x_wconf 89' lang='grc' dir='ltr'>θηρίον</span> <span class='ocrx_word' id='word_1_248' title='bbox 351 1475 458 1536; x_wconf 78' lang='grc' dir='ltr'>ἀλκῇ</span> <span class='ocrx_word' id='word_1_249' title='bbox 482 1495 524 1520; x_wconf 90' lang='grc' dir='ltr'>τε</span> <span class='ocrx_word' id='word_1_250' title='bbox 552 1479 621 1522; x_wconf 86' lang='grc' dir='ltr'>καὶ</span> <span class='ocrx_word' id='word_1_251' title='bbox 643 1481 813 1541; x_wconf 79' lang='grc' dir='ltr'>δυνάμει</span> <span class='ocrx_word' id='word_1_252' title='bbox 835 1486 1039 1550; x_wconf 76' lang='grc' dir='ltr'>διάφορον,</span> <span class='ocrx_word' id='word_1_253' title='bbox 1066 1494 1121 1544; x_wconf 82' lang='grc' dir='ltr'>ὡς</span> <span class='ocrx_word' id='word_1_254' title='bbox 1150 1493 1197 1538; x_wconf 78' lang='grc' dir='ltr'>ἂν</span> <span class='ocrx_word' id='word_1_255' title='bbox 1226 1498 1354 1543; x_wconf 82' lang='grc' dir='ltr'>ἐπιτι-</span> 
     </span>
     <span class='ocr_line' id='line_1_35' title="bbox 123 1539 1352 1629; baseline 0.024 -47"><span class='ocrx_word' id='word_1_256' title='bbox 123 1539 287 1598; x_wconf 84' lang='grc' dir='ltr'>θέμενον</span> <span class='ocrx_word' id='word_1_257' title='bbox 316 1544 398 1592; x_wconf 87' lang='grc' dir='ltr'>τοῖς</span> <span class='ocrx_word' id='word_1_258' title='bbox 431 1546 730 1604; x_wconf 80' lang='grc' dir='ltr'>ἀλκιμωτάτοις</span> <span class='ocrx_word' id='word_1_259' title='bbox 758 1556 838 1597; x_wconf 83' lang='grc' dir='ltr'>τῶν</span> <span class='ocrx_word' id='word_1_260' title='bbox 865 1555 978 1618; x_wconf 81' lang='grc' dir='ltr'>ζῴων</span> <span class='ocrx_word' id='word_1_261' title='bbox 1005 1560 1075 1605; x_wconf 86' lang='grc' dir='ltr'>καὶ</span> <span class='ocrx_word' id='word_1_262' title='bbox 1106 1562 1176 1617; x_wconf 78' lang='grc' dir='ltr'>τὴν</span> <span class='ocrx_word' id='word_1_263' title='bbox 1200 1567 1352 1629; x_wconf 77' lang='grc' dir='ltr'>τροφὴν</span> 
     </span>
     <span class='ocr_line' id='line_1_36' title="bbox 1154 1631 1348 1690; baseline 0.026 -19"><span class='ocrx_word' id='word_1_264' title='bbox 1154 1631 1348 1690; x_wconf 78' lang='grc' dir='ltr'>Διαφθεί-</span> 
     </span>
     <span class='ocr_line' id='line_1_37' title="bbox 122 1671 1350 1754; baseline 0.023 -40"><span class='ocrx_word' id='word_1_265' title='bbox 122 1689 180 1730; x_wconf 89' lang='grc' dir='ltr'>ρει</span> <span class='ocrx_word' id='word_1_266' title='bbox 209 1671 251 1716; x_wconf 82' lang='grc' dir='ltr'>δὲ</span> <span class='ocrx_word' id='word_1_267' title='bbox 282 1673 352 1718; x_wconf 88' lang='grc' dir='ltr'>καὶ</span> <span class='ocrx_word' id='word_1_268' title='bbox 379 1673 451 1726; x_wconf 89' lang='grc' dir='ltr'>τὰς</span> <span class='ocrx_word' id='word_1_269' title='bbox 474 1675 649 1737; x_wconf 87' lang='grc' dir='ltr'>ποίμνας</span> <span class='ocrx_word' id='word_1_270' title='bbox 673 1683 753 1726; x_wconf 86' lang='grc' dir='ltr'>τῶν</span> <span class='ocrx_word' id='word_1_271' title='bbox 778 1685 1001 1748; x_wconf 81' lang='grc' dir='ltr'>ἐγχωρίων,</span> <span class='ocrx_word' id='word_1_272' title='bbox 1025 1690 1096 1736; x_wconf 81' lang='grc' dir='ltr'>καὶ</span> <span class='ocrx_word' id='word_1_273' title='bbox 1123 1698 1350 1754; x_wconf 80' lang='grc' dir='ltr'>καταπλη-</span> 
     </span>
     <span class='ocr_line' id='line_1_38' title="bbox 116 1742 1346 1823; baseline 0.024 -41"><span class='ocrx_word' id='word_1_274' title='bbox 116 1742 264 1788; x_wconf 85' lang='grc' dir='ltr'>κτικῶς</span> <span class='ocrx_word' id='word_1_275' title='bbox 288 1742 526 1803; x_wconf 86' lang='grc' dir='ltr'>ἀγωνίζεται</span> <span class='ocrx_word' id='word_1_276' title='bbox 554 1747 652 1809; x_wconf 82' lang='grc' dir='ltr'>πρὸς</span> <span class='ocrx_word' id='word_1_277' title='bbox 676 1748 751 1794; x_wconf 76' lang='grc' dir='ltr'>δ’λα</span> <span class='ocrx_word' id='word_1_278' title='bbox 772 1754 1018 1814; x_wconf 79' lang='grc' dir='ltr'>συστήματα</span> <span class='ocrx_word' id='word_1_279' title='bbox 1039 1762 1119 1805; x_wconf 87' lang='grc' dir='ltr'>τῶν</span> <span class='ocrx_word' id='word_1_280' title='bbox 1140 1765 1346 1823; x_wconf 82' lang='grc' dir='ltr'>ποιμένων</span> 
     </span>
     <span class='ocr_line' id='line_1_39' title="bbox 114 1810 1344 1896; baseline 0.023 -43"><span class='ocrx_word' id='word_1_281' title='bbox 114 1810 183 1854; x_wconf 85' lang='grc' dir='ltr'>καὶ</span> <span class='ocrx_word' id='word_1_282' title='bbox 205 1814 335 1856; x_wconf 80' lang='grc' dir='ltr'>κυνῶν</span> <span class='ocrx_word' id='word_1_283' title='bbox 358 1814 524 1874; x_wconf 84' lang='grc' dir='ltr'>ἀγέλας.</span> <span class='ocrx_word' id='word_1_284' title='bbox 595 1819 772 1880; x_wconf 83' lang='grc' dir='ltr'>Λέγεται</span> <span class='ocrx_word' id='word_1_285' title='bbox 791 1822 832 1868; x_wconf 83' lang='grc' dir='ltr'>δὲ</span> <span class='ocrx_word' id='word_1_286' title='bbox 854 1825 924 1870; x_wconf 78' lang='grc' dir='ltr'>καὶ</span> <span class='ocrx_word' id='word_1_287' title='bbox 944 1826 989 1871; x_wconf 86' lang='grc' dir='ltr'>τὸ</span> <span class='ocrx_word' id='word_1_288' title='bbox 1016 1829 1147 1892; x_wconf 88' lang='grc' dir='ltr'>δέρμα</span> <span class='ocrx_word' id='word_1_289' title='bbox 1165 1831 1344 1896; x_wconf 78' lang='grc' dir='ltr'>ἄτρωτον</span> 
     </span>
     <span class='ocr_line' id='line_1_40' title="bbox 114 1877 1342 1966; baseline 0.024 -45"><span class='ocrx_word' id='word_1_290' title='bbox 114 1877 223 1940; x_wconf 87' lang='grc' dir='ltr'>ἔχειν</span> <span class='ocrx_word' id='word_1_291' title='bbox 238 1899 247 1908; x_wconf 91' lang='grc'>·</span> <span class='ocrx_word' id='word_1_292' title='bbox 275 1884 438 1928; x_wconf 82' lang='grc' dir='ltr'>πολλῶν</span> <span class='ocrx_word' id='word_1_293' title='bbox 468 1890 563 1945; x_wconf 80' lang='grc' dir='ltr'>γοῦν</span> <span class='ocrx_word' id='word_1_294' title='bbox 590 1889 925 1951; x_wconf 68' lang='grc' dir='ltr'>ἐπιὸεὸλημένων</span> <span class='ocrx_word' id='word_1_295' title='bbox 948 1898 1089 1945; x_wconf 71' lang='grc' dir='ltr'>λαὸεῖν</span> <span class='ocrx_word' id='word_1_296' title='bbox 1111 1903 1342 1966; x_wconf 82' lang='grc' dir='ltr'>ὑποχείριον</span> 
     </span>
    </p>
   </div>
   <div class='ocr_carea' id='block_1_19' title="bbox 46 1949 1342 2030">
    <p class='ocr_par' dir='ltr' id='par_1_19' title="bbox 46 1949 1342 2030">
     <span class='ocr_line' id='line_1_41' title="bbox 46 1949 1342 2030; baseline 0.024 -40"><span class='ocrx_word' id='word_1_297' title='bbox 46 1962 89 1991; x_wconf 83' lang='lat'>25</span> <span class='ocrx_word' id='word_1_298' title='bbox 113 1949 269 2007; x_wconf 82' lang='grc' dir='ltr'>μηδένα</span> <span class='ocrx_word' id='word_1_299' title='bbox 303 1956 613 2016; x_wconf 83' lang='grc' dir='ltr'>κατισχυκέναι.</span> <span class='ocrx_word' id='word_1_300' title='bbox 681 1961 742 2007; x_wconf 80' lang='grc' dir='ltr'>Τὸ</span> <span class='ocrx_word' id='word_1_301' title='bbox 767 1964 802 2007; x_wconf 84' lang='grc' dir='ltr'>δ’</span> <span class='ocrx_word' id='word_1_302' title='bbox 828 1966 883 2017; x_wconf 86' lang='grc' dir='ltr'>εἰς</span> <span class='ocrx_word' id='word_1_303' title='bbox 906 1966 1066 2030; x_wconf 85' lang='grc' dir='ltr'>ὄρυγμα</span> <span class='ocrx_word' id='word_1_304' title='bbox 1099 1973 1265 2030; x_wconf 79' lang='grc' dir='ltr'>πεσὸνῆ</span> <span class='ocrx_word' id='word_1_305' title='bbox 1291 1978 1342 2021; x_wconf 91' lang='grc' dir='ltr'>δι’</span> 
     </span>
    </p>
   </div>
   <div class='ocr_carea' id='block_1_20' title="bbox 102 2017 1339 2309">
    <p class='ocr_par' dir='ltr' id='par_1_20' title="bbox 102 2017 1339 2309">
     <span class='ocr_line' id='line_1_42' title="bbox 109 2017 1339 2108; baseline 0.024 -46"><span class='ocrx_word' id='word_1_306' title='bbox 109 2017 236 2075; x_wconf 76' lang='grc' dir='ltr'>ἄλλης</span> <span class='ocrx_word' id='word_1_307' title='bbox 269 2021 430 2080; x_wconf 86' lang='grc' dir='ltr'>ἀπάτης</span> <span class='ocrx_word' id='word_1_308' title='bbox 459 2029 652 2088; x_wconf 80' lang='grc' dir='ltr'>χειρωθὲν</span> <span class='ocrx_word' id='word_1_309' title='bbox 678 2030 757 2076; x_wconf 75' lang='grc' dir='ltr'>ὑπὸ</span> <span class='ocrx_word' id='word_1_310' title='bbox 785 2038 854 2079; x_wconf 76' lang='grc' dir='ltr'>τοῦ</span> <span class='ocrx_word' id='word_1_311' title='bbox 882 2039 1009 2092; x_wconf 81' lang='grc' dir='ltr'>θυμοῦ</span> <span class='ocrx_word' id='word_1_312' title='bbox 1043 2040 1198 2100; x_wconf 87' lang='grc' dir='ltr'>γίνεται</span> <span class='ocrx_word' id='word_1_313' title='bbox 1225 2064 1339 2108; x_wconf 88' lang='grc' dir='ltr'>περι-</span> 
     </span>
     <span class='ocr_line' id='line_1_43' title="bbox 106 2088 1336 2169; baseline 0.023 -38"><span class='ocrx_word' id='word_1_314' title='bbox 106 2088 265 2150; x_wconf 70' lang='grc' dir='ltr'>πνιγές,</span> <span class='ocrx_word' id='word_1_315' title='bbox 291 2091 360 2137; x_wconf 80' lang='grc' dir='ltr'>καὶ</span> <span class='ocrx_word' id='word_1_316' title='bbox 387 2097 458 2149; x_wconf 75' lang='grc' dir='ltr'>τῆς</span> <span class='ocrx_word' id='word_1_317' title='bbox 477 2097 705 2160; x_wconf 82' lang='grc' dir='ltr'>ἐλευθερίας</span> <span class='ocrx_word' id='word_1_318' title='bbox 727 2103 916 2163; x_wconf 75' lang='grc' dir='ltr'>οὐδαμῶς</span> <span class='ocrx_word' id='word_1_319' title='bbox 933 2108 1179 2155; x_wconf 78' lang='grc' dir='ltr'>ἀλλάττεται</span> <span class='ocrx_word' id='word_1_320' title='bbox 1203 2113 1276 2169; x_wconf 82' lang='grc' dir='ltr'>τὴν</span> <span class='ocrx_word' id='word_1_321' title='bbox 1296 2118 1336 2159; x_wconf 84' lang='grc' dir='ltr'>ἐν</span> 
     </span>
     <span class='ocr_line' id='line_1_44' title="bbox 103 2160 1335 2240; baseline 0.023 -38"><span class='ocrx_word' id='word_1_322' title='bbox 103 2160 161 2220; x_wconf 77' lang='grc' dir='ltr'>τῷ</span> <span class='ocrx_word' id='word_1_323' title='bbox 199 2162 483 2210; x_wconf 86' lang='grc' dir='ltr'>τιθασεύεσθαι</span> <span class='ocrx_word' id='word_1_324' title='bbox 519 2168 842 2231; x_wconf 83' lang='grc' dir='ltr'>φιλανθρωπίαν.</span> <span class='ocrx_word' id='word_1_325' title='bbox 910 2177 1063 2240; x_wconf 88' lang='grc' dir='ltr'>Διόπερ</span> <span class='ocrx_word' id='word_1_326' title='bbox 1108 2182 1274 2235; x_wconf 84' lang='grc' dir='ltr'>εἰκότως</span> <span class='ocrx_word' id='word_1_327' title='bbox 1299 2188 1335 2230; x_wconf 89' lang='grc' dir='ltr'>οἱ</span> 
     </span>
     <span class='ocr_line' id='line_1_45' title="bbox 102 2228 1335 2309; baseline 0.023 -39"><span class='ocrx_word' id='word_1_328' title='bbox 102 2228 398 2289; x_wconf 72' lang='grc' dir='ltr'>Τρωγλοδῦται</span> <span class='ocrx_word' id='word_1_329' title='bbox 428 2239 546 2280; x_wconf 70' lang='grc' dir='ltr'>τοῦτο</span> <span class='ocrx_word' id='word_1_330' title='bbox 569 2237 614 2281; x_wconf 86' lang='grc' dir='ltr'>τὸ</span> <span class='ocrx_word' id='word_1_331' title='bbox 639 2240 776 2301; x_wconf 90' lang='grc' dir='ltr'>θηρίον</span> <span class='ocrx_word' id='word_1_332' title='bbox 806 2243 1023 2304; x_wconf 88' lang='grc' dir='ltr'>κράτιστον</span> <span class='ocrx_word' id='word_1_333' title='bbox 1043 2249 1260 2309; x_wconf 87' lang='grc' dir='ltr'>κρίνουσιν,</span> <span class='ocrx_word' id='word_1_334' title='bbox 1281 2257 1335 2306; x_wconf 80' lang='grc' dir='ltr'>ὡς</span> 
     </span>
    </p>
   </div>
   <div class='ocr_carea' id='block_1_21' title="bbox 34 2293 1328 2381">
    <p class='ocr_par' dir='ltr' id='par_1_21' title="bbox 34 2293 1328 2381">
     <span class='ocr_line' id='line_1_46' title="bbox 34 2293 1328 2381; baseline 0.022 -44"><span class='ocrx_word' id='word_1_335' title='bbox 34 2309 79 2338; x_wconf 81' lang='lat'>30</span> <span class='ocrx_word' id='word_1_336' title='bbox 101 2293 147 2339; x_wconf 80' lang='grc' dir='ltr'>ἂν</span> <span class='ocrx_word' id='word_1_337' title='bbox 168 2300 239 2352; x_wconf 71' lang='grc' dir='ltr'>τῆς</span> <span class='ocrx_word' id='word_1_338' title='bbox 258 2299 416 2361; x_wconf 83' lang='grc' dir='ltr'>φύσεως</span> <span class='ocrx_word' id='word_1_339' title='bbox 437 2305 548 2367; x_wconf 79' lang='grc' dir='ltr'>αὐτῷ</span> <span class='ocrx_word' id='word_1_340' title='bbox 573 2307 859 2370; x_wconf 87' lang='grc' dir='ltr'>δεδωρημένης</span> <span class='ocrx_word' id='word_1_341' title='bbox 890 2313 1020 2370; x_wconf 79' lang='grc' dir='ltr'>ἀλκὴν</span> <span class='ocrx_word' id='word_1_342' title='bbox 1046 2316 1119 2375; x_wconf 83' lang='grc' dir='ltr'>μὲν</span> <span class='ocrx_word' id='word_1_343' title='bbox 1148 2319 1328 2381; x_wconf 89' lang='grc' dir='ltr'>λέοντος,</span> 
     </span>
    </p>
   </div>
   <div class='ocr_carea' id='block_1_22' title="bbox 89 2361 1328 2657">
    <p class='ocr_par' dir='ltr' id='par_1_22' title="bbox 96 2361 1328 2509">
     <span class='ocr_line' id='line_1_47' title="bbox 100 2361 1328 2452; baseline 0.023 -45"><span class='ocrx_word' id='word_1_344' title='bbox 100 2361 226 2410; x_wconf 84' lang='grc' dir='ltr'>ἰ’ππου</span> <span class='ocrx_word' id='word_1_345' title='bbox 247 2367 287 2412; x_wconf 81' lang='grc' dir='ltr'>δὲ</span> <span class='ocrx_word' id='word_1_346' title='bbox 308 2368 452 2431; x_wconf 85' lang='grc' dir='ltr'>τάχος,</span> <span class='ocrx_word' id='word_1_347' title='bbox 474 2372 614 2435; x_wconf 80' lang='grc' dir='ltr'>ῥώμην</span> <span class='ocrx_word' id='word_1_348' title='bbox 629 2375 670 2420; x_wconf 77' lang='grc' dir='ltr'>δὲ</span> <span class='ocrx_word' id='word_1_349' title='bbox 690 2378 861 2441; x_wconf 81' lang='grc' dir='ltr'>ταύρου,</span> <span class='ocrx_word' id='word_1_350' title='bbox 888 2386 958 2437; x_wconf 67' lang='grc' dir='ltr'>τῆς</span> <span class='ocrx_word' id='word_1_351' title='bbox 978 2384 1018 2429; x_wconf 82' lang='grc' dir='ltr'>δὲ</span> <span class='ocrx_word' id='word_1_352' title='bbox 1039 2386 1204 2432; x_wconf 89' lang='grc' dir='ltr'>πάντων</span> <span class='ocrx_word' id='word_1_353' title='bbox 1227 2409 1328 2452; x_wconf 79' lang='grc' dir='ltr'>κρα-</span> 
     </span>
     <span class='ocr_line' id='line_1_48' title="bbox 96 2434 965 2509; baseline 0.024 -32"><span class='ocrx_word' id='word_1_354' title='bbox 96 2434 236 2490; x_wconf 87' lang='grc' dir='ltr'>τίστης</span> <span class='ocrx_word' id='word_1_355' title='bbox 256 2438 420 2501; x_wconf 79' lang='grc' dir='ltr'>σιδήρου</span> <span class='ocrx_word' id='word_1_356' title='bbox 445 2441 600 2504; x_wconf 79' lang='grc' dir='ltr'>φύσεως</span> <span class='ocrx_word' id='word_1_357' title='bbox 619 2447 694 2507; x_wconf 85' lang='grc' dir='ltr'>οὐχ</span> <span class='ocrx_word' id='word_1_358' title='bbox 714 2449 965 2509; x_wconf 74' lang='grc' dir='ltr'>ἡττώμενον.</span> 
     </span>
    </p>

    <p class='ocr_par' dir='ltr' id='par_1_23' title="bbox 89 2504 1328 2657">
     <span class='ocr_line' id='line_1_49' title="bbox 157 2504 1328 2586; baseline 0.021 -37"><span class='ocrx_word' id='word_1_359' title='bbox 157 2519 211 2551; x_wconf 92' lang='grc'>77.</span> <span class='ocrx_word' id='word_1_360' title='bbox 240 2504 291 2551; x_wconf 92' lang='grc' dir='ltr'>Ὁ</span> <span class='ocrx_word' id='word_1_361' title='bbox 314 2506 356 2551; x_wconf 80' lang='grc' dir='ltr'>δὲ</span> <span class='ocrx_word' id='word_1_362' title='bbox 379 2509 593 2570; x_wconf 80' lang='grc' dir='ltr'>λεγόμενος</span> <span class='ocrx_word' id='word_1_363' title='bbox 616 2516 713 2576; x_wconf 86' lang='grc' dir='ltr'>παρ’</span> <span class='ocrx_word' id='word_1_364' title='bbox 736 2519 902 2583; x_wconf 79' lang='grc' dir='ltr'>Αἰθίοψι</span> <span class='ocrx_word' id='word_1_365' title='bbox 943 2523 1164 2584; x_wconf 87' lang='grc' dir='ltr'>κροκόττας</span> <span class='ocrx_word' id='word_1_366' title='bbox 1198 2546 1328 2586; x_wconf 87' lang='grc' dir='ltr'>μεμι-</span> 
     </span>
     <span class='ocr_line' id='line_1_50' title="bbox 89 2573 1324 2657; baseline 0.023 -42"><span class='ocrx_word' id='word_1_367' title='bbox 89 2573 245 2631; x_wconf 88' lang='grc' dir='ltr'>γμένην</span> <span class='ocrx_word' id='word_1_368' title='bbox 259 2575 332 2619; x_wconf 65' lang='grc' dir='ltr'>μὲν</span> <span class='ocrx_word' id='word_1_369' title='bbox 344 2576 429 2638; x_wconf 80' lang='grc' dir='ltr'>ἔχει</span> <span class='ocrx_word' id='word_1_370' title='bbox 446 2579 562 2642; x_wconf 77' lang='grc' dir='ltr'>φύσιν</span> <span class='ocrx_word' id='word_1_371' title='bbox 576 2585 693 2635; x_wconf 82' lang='grc' dir='ltr'>κυνὸς</span> <span class='ocrx_word' id='word_1_372' title='bbox 709 2587 778 2631; x_wconf 81' lang='grc' dir='ltr'>καὶ</span> <span class='ocrx_word' id='word_1_373' title='bbox 795 2588 938 2649; x_wconf 82' lang='grc' dir='ltr'>λύκου,</span> <span class='ocrx_word' id='word_1_374' title='bbox 952 2592 1025 2646; x_wconf 71' lang='grc' dir='ltr'>τὴν</span> <span class='ocrx_word' id='word_1_375' title='bbox 1044 2593 1085 2638; x_wconf 79' lang='grc' dir='ltr'>δὲ</span> <span class='ocrx_word' id='word_1_376' title='bbox 1102 2597 1324 2657; x_wconf 86' lang='grc' dir='ltr'>ἀγριότητα</span> 
     </span>
    </p>
   </div>
   <div class='ocr_carea' id='block_1_23' title="bbox 1438 1294 2671 1381">
    <p class='ocr_par' dir='ltr' id='par_1_24' title="bbox 1438 1294 2671 1381">
     <span class='ocr_line' id='line_1_51' title="bbox 1438 1294 2671 1381; baseline 0.032 -40"><span class='ocrx_word' id='word_1_377' title='bbox 1438 1309 1502 1343; x_wconf 86' lang='lat' dir='ltr'>tra</span> <span class='ocrx_word' id='word_1_378' title='bbox 1534 1319 1658 1359; x_wconf 91' lang='lat' dir='ltr'><strong>quam</strong></span> <span class='ocrx_word' id='word_1_379' title='bbox 1680 1294 1826 1352; x_wconf 81' lang='lat' dir='ltr'><strong>ceteris</strong></span> <span class='ocrx_word' id='word_1_380' title='bbox 1844 1314 1983 1357; x_wconf 88' lang='lat' dir='ltr'><strong>bestiis</strong></span> <span class='ocrx_word' id='word_1_381' title='bbox 2008 1319 2065 1360; x_wconf 91' lang='lat' dir='ltr'><strong>illi</strong></span> <span class='ocrx_word' id='word_1_382' title='bbox 2094 1333 2267 1367; x_wconf 85' lang='lat' dir='ltr'><strong>exstant.</strong></span> <span class='ocrx_word' id='word_1_383' title='bbox 2329 1331 2360 1370; x_wconf 94' lang='lat' dir='ltr'><strong>F</strong></span> <span class='ocrx_word' id='word_1_384' title='bbox 2362 1335 2532 1375; x_wconf 85' lang='lat' dir='ltr'><strong>erocitas</strong></span> <span class='ocrx_word' id='word_1_385' title='bbox 2551 1347 2591 1378; x_wconf 91' lang='lat' dir='ltr'>et</span> <span class='ocrx_word' id='word_1_386' title='bbox 2613 1342 2671 1381; x_wconf 89' lang='lat' dir='ltr'>vis</span> 
     </span>
    </p>
   </div>
   <div class='ocr_carea' id='block_1_24' title="bbox 1425 1384 2694 1788">
    <p class='ocr_par' dir='ltr' id='par_1_25' title="bbox 1425 1384 2694 1788">
     <span class='ocr_line' id='line_1_52' title="bbox 1437 1384 2694 1461; baseline 0.029 -37"><span class='ocrx_word' id='word_1_387' title='bbox 1437 1384 1494 1426; x_wconf 89' lang='lat' dir='ltr'><strong>illi</strong></span> <span class='ocrx_word' id='word_1_388' title='bbox 1517 1386 1724 1442; x_wconf 87' lang='lat' dir='ltr'><strong>immanis,</strong></span> <span class='ocrx_word' id='word_1_389' title='bbox 1750 1403 1797 1435; x_wconf 88' lang='lat' dir='ltr'>ut</span> <span class='ocrx_word' id='word_1_390' title='bbox 1817 1397 1878 1437; x_wconf 87' lang='lat' dir='ltr'>vel</span> <span class='ocrx_word' id='word_1_391' title='bbox 1902 1401 2089 1443; x_wconf 88' lang='lat' dir='ltr'><strong>omnium</strong></span> <span class='ocrx_word' id='word_1_392' title='bbox 2120 1406 2377 1451; x_wconf 87' lang='lat' dir='ltr'><strong>validissimis</strong></span> <span class='ocrx_word' id='word_1_393' title='bbox 2396 1415 2670 1461; x_wconf 83' lang='lat' dir='ltr'><strong>animantibus</strong></span> <span class='ocrx_word' id='word_1_394' title='bbox 2690 1444 2694 1447; x_wconf 45' lang='lat'><strong>⁴</strong></span> 
     </span>
     <span class='ocr_line' id='line_1_53' title="bbox 1433 1469 2668 1544; baseline 0.03 -38"><span class='ocrx_word' id='word_1_395' title='bbox 1433 1480 1475 1506; x_wconf 89' lang='lat' dir='ltr'>se</span> <span class='ocrx_word' id='word_1_396' title='bbox 1504 1469 1657 1513; x_wconf 84' lang='lat' dir='ltr'><strong>inferre</strong></span> <span class='ocrx_word' id='word_1_397' title='bbox 1697 1489 1783 1517; x_wconf 90' lang='lat' dir='ltr'>non</span> <span class='ocrx_word' id='word_1_398' title='bbox 1816 1491 2020 1534; x_wconf 87' lang='lat' dir='ltr'><strong>vereatur,</strong></span> <span class='ocrx_word' id='word_1_399' title='bbox 2052 1485 2104 1526; x_wconf 91' lang='lat' dir='ltr'>de</span> <span class='ocrx_word' id='word_1_400' title='bbox 2140 1491 2332 1532; x_wconf 85' lang='lat' dir='ltr'><strong>carnibus</strong></span> <span class='ocrx_word' id='word_1_401' title='bbox 2361 1495 2668 1544; x_wconf 86' lang='lat' dir='ltr'><strong>interfectorum</strong></span> 
     </span>
     <span class='ocr_line' id='line_1_54' title="bbox 1431 1549 1635 1595; baseline 0.039 -8"><span class='ocrx_word' id='word_1_402' title='bbox 1431 1549 1635 1595; x_wconf 87' lang='lat' dir='ltr'><strong>victitans.</strong></span> 
     </span>
     <span class='ocr_line' id='line_1_55' title="bbox 1428 1628 2664 1719; baseline 0.031 -50"><span class='ocrx_word' id='word_1_403' title='bbox 1428 1628 1530 1672; x_wconf 86' lang='lat' dir='ltr'>dum</span> <span class='ocrx_word' id='word_1_404' title='bbox 1549 1634 1592 1674; x_wconf 91' lang='lat' dir='ltr'>in</span> <span class='ocrx_word' id='word_1_405' title='bbox 1609 1637 1783 1680; x_wconf 86' lang='lat' dir='ltr'><strong>modum</strong></span> <span class='ocrx_word' id='word_1_406' title='bbox 1802 1655 1897 1683; x_wconf 89' lang='lat' dir='ltr'>cum</span> <span class='ocrx_word' id='word_1_407' title='bbox 1909 1646 2004 1685; x_wconf 92' lang='lat' dir='ltr'><strong>totis</strong></span> <span class='ocrx_word' id='word_1_408' title='bbox 2022 1657 2235 1702; x_wconf 89' lang='lat' dir='ltr'><strong>pastorum</strong></span> <span class='ocrx_word' id='word_1_409' title='bbox 2249 1657 2419 1698; x_wconf 82' lang='lat' dir='ltr'><strong>catervis</strong></span> <span class='ocrx_word' id='word_1_410' title='bbox 2434 1674 2664 1719; x_wconf 87' lang='lat' dir='ltr'><strong>canumque</strong></span> 
     </span>
     <span class='ocr_line' id='line_1_56' title="bbox 1425 1716 2661 1788; baseline 0.03 -36"><span class='ocrx_word' id='word_1_411' title='bbox 1425 1716 1657 1767; x_wconf 85' lang='lat' dir='ltr'><strong>agminibus</strong></span> <span class='ocrx_word' id='word_1_412' title='bbox 1685 1719 1880 1765; x_wconf 88' lang='lat' dir='ltr'><strong>decertat.</strong></span> <span class='ocrx_word' id='word_1_413' title='bbox 1947 1727 2066 1769; x_wconf 92' lang='lat' dir='ltr'><strong>Pellis</strong></span> <span class='ocrx_word' id='word_1_414' title='bbox 2113 1746 2278 1788; x_wconf 86' lang='lat' dir='ltr'><strong>quoque</strong></span> <span class='ocrx_word' id='word_1_415' title='bbox 2303 1738 2540 1784; x_wconf 89' lang='lat' dir='ltr'><strong>vulneribus</strong></span> <span class='ocrx_word' id='word_1_416' title='bbox 2575 1761 2661 1788; x_wconf 91' lang='lat' dir='ltr'>non</span> 
     </span>
    </p>
   </div>
   <div class='ocr_carea' id='block_1_25' title="bbox 1417 1798 2659 2113">
    <p class='ocr_par' dir='ltr' id='par_1_26' title="bbox 1417 1798 2659 2113">
     <span class='ocr_line' id='line_1_57' title="bbox 1423 1798 2659 1876; baseline 0.028 -42"><span class='ocrx_word' id='word_1_417' title='bbox 1423 1804 1562 1850; x_wconf 87' lang='lat' dir='ltr'><strong>patere</strong></span> <span class='ocrx_word' id='word_1_418' title='bbox 1584 1798 1750 1843; x_wconf 87' lang='lat' dir='ltr'><strong>dicitur.</strong></span> <span class='ocrx_word' id='word_1_419' title='bbox 1810 1806 2033 1861; x_wconf 89' lang='lat' dir='ltr'><strong>Propterea</strong></span> <span class='ocrx_word' id='word_1_420' title='bbox 2054 1810 2147 1853; x_wconf 87' lang='lat' dir='ltr'><strong>licet</strong></span> <span class='ocrx_word' id='word_1_421' title='bbox 2166 1815 2283 1856; x_wconf 91' lang='lat' dir='ltr'><strong>multi</strong></span> <span class='ocrx_word' id='word_1_422' title='bbox 2303 1817 2347 1858; x_wconf 87' lang='lat' dir='ltr'><strong>id</strong></span> <span class='ocrx_word' id='word_1_423' title='bbox 2365 1820 2552 1876; x_wconf 86' lang='lat' dir='ltr'><strong>subigere</strong></span> <span class='ocrx_word' id='word_1_424' title='bbox 2572 1834 2659 1867; x_wconf 89' lang='lat' dir='ltr'><strong>ten-</strong></span> 
     </span>
     <span class='ocr_line' id='line_1_58' title="bbox 1421 1879 2659 1950; baseline 0.027 -34"><span class='ocrx_word' id='word_1_425' title='bbox 1421 1879 1562 1929; x_wconf 86' lang='lat' dir='ltr'><strong>tarint,</strong></span> <span class='ocrx_word' id='word_1_426' title='bbox 1593 1895 1716 1924; x_wconf 89' lang='lat' dir='ltr'><strong>nemo</strong></span> <span class='ocrx_word' id='word_1_427' title='bbox 1748 1893 1887 1927; x_wconf 86' lang='lat' dir='ltr'><strong>tamen</strong></span> <span class='ocrx_word' id='word_1_428' title='bbox 1926 1891 2143 1946; x_wconf 87' lang='lat' dir='ltr'><strong>quisquam</strong></span> <span class='ocrx_word' id='word_1_429' title='bbox 2180 1897 2344 1941; x_wconf 90' lang='lat' dir='ltr'><strong>evaluit.</strong></span> <span class='ocrx_word' id='word_1_430' title='bbox 2422 1905 2471 1944; x_wconf 91' lang='lat' dir='ltr'><strong>In</strong></span> <span class='ocrx_word' id='word_1_431' title='bbox 2501 1905 2659 1950; x_wconf 87' lang='lat' dir='ltr'><strong>foveam</strong></span> 
     </span>
     <span class='ocr_line' id='line_1_59' title="bbox 1420 1959 2658 2045; baseline 0.027 -45"><span class='ocrx_word' id='word_1_432' title='bbox 1420 1959 1607 2017; x_wconf 88' lang='lat' dir='ltr'><strong>delapsus</strong></span> <span class='ocrx_word' id='word_1_433' title='bbox 1626 1974 1697 2007; x_wconf 90' lang='lat' dir='ltr'>aut</span> <span class='ocrx_word' id='word_1_434' title='bbox 1715 1967 1795 2009; x_wconf 85' lang='lat' dir='ltr'><strong>alio</strong></span> <span class='ocrx_word' id='word_1_435' title='bbox 1817 1980 1959 2026; x_wconf 89' lang='lat' dir='ltr'><strong>captus</strong></span> <span class='ocrx_word' id='word_1_436' title='bbox 1989 1973 2085 2016; x_wconf 91' lang='lat' dir='ltr'><strong>dolo</strong></span> <span class='ocrx_word' id='word_1_437' title='bbox 2099 2008 2110 2027; x_wconf 91' lang='lat'>‚</span> <span class='ocrx_word' id='word_1_438' title='bbox 2134 1978 2204 2019; x_wconf 87' lang='lat' dir='ltr'>irae</span> <span class='ocrx_word' id='word_1_439' title='bbox 2226 1981 2480 2036; x_wconf 87' lang='lat' dir='ltr'><strong>impatientia</strong></span> <span class='ocrx_word' id='word_1_440' title='bbox 2499 2002 2541 2030; x_wconf 88' lang='lat' dir='ltr'>se</span> <span class='ocrx_word' id='word_1_441' title='bbox 2555 2004 2658 2045; x_wconf 89' lang='lat' dir='ltr'><strong>prae-</strong></span> 
     </span>
     <span class='ocr_line' id='line_1_60' title="bbox 1417 2041 2655 2113; baseline 0.026 -32"><span class='ocrx_word' id='word_1_442' title='bbox 1417 2041 1525 2083; x_wconf 85' lang='lat' dir='ltr'><strong>socat</strong></span> <span class='ocrx_word' id='word_1_443' title='bbox 1534 2060 1546 2093; x_wconf 84' lang='lat'>3</span> <span class='ocrx_word' id='word_1_444' title='bbox 1596 2060 1672 2087; x_wconf 89' lang='lat' dir='ltr'>nec</span> <span class='ocrx_word' id='word_1_445' title='bbox 1706 2062 1890 2104; x_wconf 91' lang='lat' dir='ltr'><strong>unquam</strong></span> <span class='ocrx_word' id='word_1_446' title='bbox 1929 2055 2192 2100; x_wconf 89' lang='lat' dir='ltr'><strong>cicurationis</strong></span> <span class='ocrx_word' id='word_1_447' title='bbox 2226 2061 2524 2110; x_wconf 89' lang='lat' dir='ltr'><strong>humanitatem</strong></span> <span class='ocrx_word' id='word_1_448' title='bbox 2560 2086 2655 2113; x_wconf 89' lang='lat' dir='ltr'>cum</span> 
     </span>
    </p>
   </div>
   <div class='ocr_carea' id='block_1_26' title="bbox 1414 2123 2653 2195">
    <p class='ocr_par' dir='ltr' id='par_1_27' title="bbox 1414 2123 2653 2195">
     <span class='ocr_line' id='line_1_61' title="bbox 1414 2123 2653 2195; baseline 0.027 -33"><span class='ocrx_word' id='word_1_449' title='bbox 1414 2123 1600 2166; x_wconf 85' lang='lat' dir='ltr'><strong>libertate</strong></span> <span class='ocrx_word' id='word_1_450' title='bbox 1623 2139 1845 2182; x_wconf 88' lang='lat' dir='ltr'><strong>permutat.</strong></span> <span class='ocrx_word' id='word_1_451' title='bbox 1908 2137 2171 2194; x_wconf 87' lang='lat' dir='ltr'><strong>Quapropter</strong></span> <span class='ocrx_word' id='word_1_452' title='bbox 2198 2157 2284 2185; x_wconf 89' lang='lat' dir='ltr'>non</span> <span class='ocrx_word' id='word_1_453' title='bbox 2308 2146 2379 2187; x_wconf 88' lang='lat' dir='ltr'>abs</span> <span class='ocrx_word' id='word_1_454' title='bbox 2402 2163 2446 2190; x_wconf 90' lang='lat' dir='ltr'>rc</span> <span class='ocrx_word' id='word_1_455' title='bbox 2468 2150 2574 2193; x_wconf 89' lang='lat' dir='ltr'><strong>hanc</strong></span> <span class='ocrx_word' id='word_1_456' title='bbox 2597 2154 2653 2195; x_wconf 85' lang='lat' dir='ltr'>se-</span> 
     </span>
    </p>
   </div>
   <div class='ocr_carea' id='block_1_27' title="bbox 1405 2209 2646 2515">
    <p class='ocr_par' dir='ltr' id='par_1_28' title="bbox 1405 2209 2646 2515">
     <span class='ocr_line' id='line_1_62' title="bbox 1412 2209 2646 2286; baseline 0.026 -41"><span class='ocrx_word' id='word_1_457' title='bbox 1412 2220 1501 2247; x_wconf 87' lang='lat' dir='ltr'>ram</span> <span class='ocrx_word' id='word_1_458' title='bbox 1519 2209 1781 2266; x_wconf 85' lang='lat' dir='ltr'><strong>Troglodytae</strong></span> <span class='ocrx_word' id='word_1_459' title='bbox 1803 2218 1991 2258; x_wconf 88' lang='lat' dir='ltr'><strong>omniurn</strong></span> <span class='ocrx_word' id='word_1_460' title='bbox 2014 2221 2302 2268; x_wconf 88' lang='lat' dir='ltr'><strong>validissimam</strong></span> <span class='ocrx_word' id='word_1_461' title='bbox 2319 2243 2405 2270; x_wconf 86' lang='lat' dir='ltr'><strong>esse</strong></span> <span class='ocrx_word' id='word_1_462' title='bbox 2427 2230 2618 2285; x_wconf 87' lang='lat' dir='ltr'><strong>judicant</strong></span> <span class='ocrx_word' id='word_1_463' title='bbox 2635 2252 2646 2286; x_wconf 93' lang='lat'>;</span> 
     </span>
     <span class='ocr_line' id='line_1_63' title="bbox 1411 2290 2643 2367; baseline 0.025 -39"><span class='ocrx_word' id='word_1_464' title='bbox 1411 2290 1477 2329; x_wconf 88' lang='lat' dir='ltr'>cui</span> <span class='ocrx_word' id='word_1_465' title='bbox 1505 2291 1692 2333; x_wconf 90' lang='lat' dir='ltr'><strong>videlicet</strong></span> <span class='ocrx_word' id='word_1_466' title='bbox 1714 2303 1862 2338; x_wconf 86' lang='lat' dir='ltr'><strong>natura</strong></span> <span class='ocrx_word' id='word_1_467' title='bbox 1877 2298 2005 2341; x_wconf 90' lang='lat' dir='ltr'><strong>leonis</strong></span> <span class='ocrx_word' id='word_1_468' title='bbox 2029 2303 2339 2361; x_wconf 78' lang='lat' dir='ltr'><strong>fortitudinem,</strong></span> <span class='ocrx_word' id='word_1_469' title='bbox 2363 2315 2643 2367; x_wconf 87' lang='lat' dir='ltr'><strong>pernicitatem</strong></span> 
     </span>
     <span class='ocr_line' id='line_1_64' title="bbox 1408 2372 2644 2448; baseline 0.026 -39"><span class='ocrx_word' id='word_1_470' title='bbox 1408 2372 1527 2425; x_wconf 90' lang='lat' dir='ltr'><strong>equi,</strong></span> <span class='ocrx_word' id='word_1_471' title='bbox 1553 2382 1592 2413; x_wconf 92' lang='lat' dir='ltr'>et</span> <span class='ocrx_word' id='word_1_472' title='bbox 1628 2377 1735 2416; x_wconf 87' lang='lat' dir='ltr'><strong>tauri</strong></span> <span class='ocrx_word' id='word_1_473' title='bbox 1762 2378 1893 2419; x_wconf 88' lang='lat' dir='ltr'><strong>robur</strong></span> <span class='ocrx_word' id='word_1_474' title='bbox 1916 2381 2092 2435; x_wconf 86' lang='lat' dir='ltr'><strong>dederit,</strong></span> <span class='ocrx_word' id='word_1_475' title='bbox 2117 2395 2158 2426; x_wconf 91' lang='lat' dir='ltr'>et</span> <span class='ocrx_word' id='word_1_476' title='bbox 2178 2402 2269 2442; x_wconf 90' lang='lat' dir='ltr'><strong>quae</strong></span> <span class='ocrx_word' id='word_1_477' title='bbox 2291 2406 2367 2433; x_wconf 87' lang='lat' dir='ltr'>nec</span> <span class='ocrx_word' id='word_1_478' title='bbox 2390 2408 2413 2434; x_wconf 87' lang='lat' dir='ltr'>a</span> <span class='ocrx_word' id='word_1_479' title='bbox 2436 2395 2567 2448; x_wconf 90' lang='lat' dir='ltr'><strong>ferro,</strong></span> <span class='ocrx_word' id='word_1_480' title='bbox 2599 2415 2644 2440; x_wconf 88' lang='lat' dir='ltr'>re</span> 
     </span>
     <span class='ocr_line' id='line_1_65' title="bbox 1405 2452 2360 2515; baseline 0.024 -25"><span class='ocrx_word' id='word_1_481' title='bbox 1405 2452 1541 2492; x_wconf 85' lang='lat' dir='ltr'><strong>tamen</strong></span> <span class='ocrx_word' id='word_1_482' title='bbox 1565 2455 1752 2497; x_wconf 87' lang='lat' dir='ltr'><strong>omnium</strong></span> <span class='ocrx_word' id='word_1_483' title='bbox 1771 2461 2079 2515; x_wconf 86' lang='lat' dir='ltr'><strong>potentissima,</strong></span> <span class='ocrx_word' id='word_1_484' title='bbox 2104 2467 2213 2509; x_wconf 86' lang='lat' dir='ltr'><strong>vinci</strong></span> <span class='ocrx_word' id='word_1_485' title='bbox 2235 2473 2360 2513; x_wconf 90' lang='lat' dir='ltr'><strong>norit.</strong></span> 
     </span>
    </p>
   </div>
   <div class='ocr_carea' id='block_1_28' title="bbox 1401 2535 2635 2678">
    <p class='ocr_par' dir='ltr' id='par_1_29' title="bbox 1401 2535 2635 2678">
     <span class='ocr_line' id='line_1_66' title="bbox 1456 2535 2635 2610; baseline 0.025 -39"><span class='ocrx_word' id='word_1_486' title='bbox 1456 2547 1524 2587; x_wconf 90' lang='lat'>77.</span> <span class='ocrx_word' id='word_1_487' title='bbox 1542 2535 1617 2575; x_wconf 90' lang='lat' dir='ltr'>Est</span> <span class='ocrx_word' id='word_1_488' title='bbox 1629 2536 1891 2592; x_wconf 86' lang='lat' dir='ltr'><strong>AEthiopibus</strong></span> <span class='ocrx_word' id='word_1_489' title='bbox 1907 2543 2056 2584; x_wconf 87' lang='lat' dir='ltr'><strong>animal</strong></span> <span class='ocrx_word' id='word_1_490' title='bbox 2070 2576 2081 2595; x_wconf 95' lang='lat'><strong>,</strong></span> <span class='ocrx_word' id='word_1_491' title='bbox 2100 2548 2213 2600; x_wconf 92' lang='lat' dir='ltr'><strong>quod</strong></span> <span class='ocrx_word' id='word_1_492' title='bbox 2229 2561 2455 2596; x_wconf 89' lang='lat' dir='ltr'><strong>crocottam</strong></span> <span class='ocrx_word' id='word_1_493' title='bbox 2470 2568 2635 2610; x_wconf 87' lang='lat' dir='ltr'><strong>vocant,</strong></span> 
     </span>
     <span class='ocr_line' id='line_1_67' title="bbox 1401 2602 2634 2678; baseline 0.024 -39"><span class='ocrx_word' id='word_1_494' title='bbox 1401 2602 1532 2642; x_wconf 87' lang='lat' dir='ltr'><strong>mixta</strong></span> <span class='ocrx_word' id='word_1_495' title='bbox 1554 2604 1665 2643; x_wconf 87' lang='lat' dir='ltr'><strong>canis</strong></span> <span class='ocrx_word' id='word_1_496' title='bbox 1680 2619 1728 2645; x_wconf 87' lang='lat' dir='ltr'>ac</span> <span class='ocrx_word' id='word_1_497' title='bbox 1745 2605 1831 2661; x_wconf 92' lang='lat' dir='ltr'><strong>lupi</strong></span> <span class='ocrx_word' id='word_1_498' title='bbox 1852 2617 2014 2662; x_wconf 82' lang='lat' dir='ltr'><strong>natura,</strong></span> <span class='ocrx_word' id='word_1_499' title='bbox 2035 2612 2186 2656; x_wconf 86' lang='lat' dir='ltr'><strong>ferocia</strong></span> <span class='ocrx_word' id='word_1_500' title='bbox 2200 2620 2384 2675; x_wconf 81' lang='lat' dir='ltr'><strong>utrisque</strong></span> <span class='ocrx_word' id='word_1_501' title='bbox 2398 2625 2634 2678; x_wconf 84' lang='lat' dir='ltr'><strong>terribilius,</strong></span> 
     </span>
    </p>
   </div>
   <div class='ocr_carea' id='block_1_29' title="bbox 103 2667 2623 2759">
    <p class='ocr_par' dir='ltr' id='par_1_30' title="bbox 103 2667 2623 2759">
     <span class='ocr_line' id='line_1_68' title="bbox 103 2667 2623 2759; baseline 0.026 -7"><span class='ocrx_word' id='word_1_502' title='bbox 103 2667 2623 2759; x_wconf 35' lang='grc' dir='ltr'>ΤΜἊἏ</span> 
     </span>
    </p>
   </div>
   <div class='ocr_carea' id='block_1_30' title="bbox 70 2711 1326 3779">
    <p class='ocr_par' dir='ltr' id='par_1_31' title="bbox 70 2711 1326 3779">
     <span class='ocr_line' id='line_1_69' title="bbox 320 2711 1321 2773; baseline 0.023 -23"><span class='ocrx_word' id='word_1_503' title='bbox 320 2711 391 2752; x_wconf 92' lang='lat' dir='ltr'><strong>lin.</strong></span> <span class='ocrx_word' id='word_1_504' title='bbox 426 2727 465 2767; x_wconf 89' lang='lat'>7.</span> <span class='ocrx_word' id='word_1_505' title='bbox 507 2715 581 2756; x_wconf 86' lang='grc' dir='ltr'>Καὶ</span> <span class='ocrx_word' id='word_1_506' title='bbox 607 2732 692 2759; x_wconf 86' lang='lat' dir='ltr'><strong>om.</strong></span> <span class='ocrx_word' id='word_1_507' title='bbox 729 2722 776 2762; x_wconf 88' lang='lat' dir='ltr'>C.</span> <span class='ocrx_word' id='word_1_508' title='bbox 806 2725 870 2764; x_wconf 91' lang='lat' dir='ltr'>De</span> <span class='ocrx_word' id='word_1_509' title='bbox 899 2740 944 2765; x_wconf 86' lang='lat' dir='ltr'>re</span> <span class='ocrx_word' id='word_1_510' title='bbox 973 2727 1026 2767; x_wconf 88' lang='lat' dir='ltr'>cf.</span> <span class='ocrx_word' id='word_1_511' title='bbox 1066 2731 1321 2773; x_wconf 85' lang='lat' dir='ltr'><strong>Artemidor.</strong></span> 
     </span>
     <span class='ocr_line' id='line_1_70' title="bbox 87 2768 1322 2844; baseline 0.023 -36"><span class='ocrx_word' id='word_1_512' title='bbox 87 2768 115 2809; x_wconf 88' lang='lat' dir='ltr'>l.</span> <span class='ocrx_word' id='word_1_513' title='bbox 141 2769 168 2810; x_wconf 92' lang='lat' dir='ltr'>l.</span> <span class='ocrx_word' id='word_1_514' title='bbox 193 2772 256 2811; x_wconf 84' lang='lat' dir='ltr'>Ex</span> <span class='ocrx_word' id='word_1_515' title='bbox 276 2773 422 2816; x_wconf 87' lang='lat' dir='ltr'><strong>eodem</strong></span> <span class='ocrx_word' id='word_1_516' title='bbox 442 2779 746 2831; x_wconf 84' lang='lat' dir='ltr'><strong>Agatharchide</strong></span> <span class='ocrx_word' id='word_1_517' title='bbox 769 2799 842 2826; x_wconf 88' lang='lat' dir='ltr'>sua</span> <span class='ocrx_word' id='word_1_518' title='bbox 866 2788 1048 2830; x_wconf 87' lang='lat' dir='ltr'><strong>AElianus</strong></span> <span class='ocrx_word' id='word_1_519' title='bbox 1067 2793 1212 2844; x_wconf 91' lang='lat' dir='ltr'><strong>XVII,</strong></span> <span class='ocrx_word' id='word_1_520' title='bbox 1235 2796 1286 2844; x_wconf 81' lang='lat'>45</span> <span class='ocrx_word' id='word_1_521' title='bbox 1311 2810 1322 2837; x_wconf 76' lang='grc' dir='ltr'>ε</span> 
     </span>
     <span class='ocr_line' id='line_1_71' title="bbox 92 2830 1323 2902; baseline 0.024 -31"><span class='ocrx_word' id='word_1_522' title='bbox 92 2830 342 2887; x_wconf 82' lang='grc' dir='ltr'>Ἀγριώτατον</span> <span class='ocrx_word' id='word_1_523' title='bbox 363 2837 403 2878; x_wconf 79' lang='grc' dir='ltr'>δὲ</span> <span class='ocrx_word' id='word_1_524' title='bbox 426 2838 497 2893; x_wconf 77' lang='grc' dir='ltr'>ἄρα</span> <span class='ocrx_word' id='word_1_525' title='bbox 516 2836 612 2891; x_wconf 78' lang='grc' dir='ltr'>ἦσαν</span> <span class='ocrx_word' id='word_1_526' title='bbox 630 2849 704 2884; x_wconf 77' lang='grc' dir='ltr'>τῶν</span> <span class='ocrx_word' id='word_1_527' title='bbox 725 2848 836 2902; x_wconf 83' lang='grc' dir='ltr'>ζῴων</span> <span class='ocrx_word' id='word_1_528' title='bbox 862 2850 899 2890; x_wconf 79' lang='grc' dir='ltr'>οἱ</span> <span class='ocrx_word' id='word_1_529' title='bbox 921 2856 996 2892; x_wconf 82' lang='grc' dir='ltr'>τῶν</span> <span class='ocrx_word' id='word_1_530' title='bbox 1017 2853 1208 2897; x_wconf 81' lang='grc' dir='ltr'>Αἰθιόπων</span> <span class='ocrx_word' id='word_1_531' title='bbox 1233 2862 1323 2899; x_wconf 80' lang='grc' dir='ltr'>ταῦ-</span> 
     </span>
     <span class='ocr_line' id='line_1_72' title="bbox 80 2895 1326 2977; baseline 0.025 -45"><span class='ocrx_word' id='word_1_532' title='bbox 80 2908 144 2947; x_wconf 44' lang='grc' dir='ltr'>,ροι</span> <span class='ocrx_word' id='word_1_533' title='bbox 167 2895 263 2952; x_wconf 81' lang='grc' dir='ltr'>[οἱ]</span> <span class='ocrx_word' id='word_1_534' title='bbox 290 2898 354 2938; x_wconf 75' lang='grc' dir='ltr'>καὶ</span> <span class='ocrx_word' id='word_1_535' title='bbox 386 2900 894 2965; x_wconf 73' lang='grc' dir='ltr'>καλούμενοισαρκοφάγοι·</span> <span class='ocrx_word' id='word_1_536' title='bbox 921 2915 988 2955; x_wconf 86' lang='grc' dir='ltr'>καί</span> <span class='ocrx_word' id='word_1_537' title='bbox 1009 2915 1081 2957; x_wconf 85' lang='grc' dir='ltr'>εἰσι</span> <span class='ocrx_word' id='word_1_538' title='bbox 1108 2918 1175 2974; x_wconf 86' lang='grc' dir='ltr'>μὲν</span> <span class='ocrx_word' id='word_1_539' title='bbox 1194 2919 1238 2960; x_wconf 78' lang='grc' dir='ltr'>τὸ</span> <span class='ocrx_word' id='word_1_540' title='bbox 1265 2923 1326 2977; x_wconf 89' lang='grc' dir='ltr'>μέ-</span> 
     </span>
     <span class='ocr_line' id='line_1_73' title="bbox 72 2957 1320 3028; baseline 0.025 -33"><span class='ocrx_word' id='word_1_541' title='bbox 72 2957 194 3010; x_wconf 77' lang='grc' dir='ltr'>,γεθος</span> <span class='ocrx_word' id='word_1_542' title='bbox 221 2961 302 3008; x_wconf 75' lang='grc' dir='ltr'>τοῖς</span> <span class='ocrx_word' id='word_1_543' title='bbox 320 2961 422 3017; x_wconf 81' lang='grc' dir='ltr'>παρὰ</span> <span class='ocrx_word' id='word_1_544' title='bbox 457 2967 540 3013; x_wconf 79' lang='grc' dir='ltr'>τοῖς</span> <span class='ocrx_word' id='word_1_545' title='bbox 573 2966 744 3022; x_wconf 85' lang='grc' dir='ltr'>Ἕλλησι</span> <span class='ocrx_word' id='word_1_546' title='bbox 776 2973 1196 3028; x_wconf 81' lang='grc' dir='ltr'>διπλασίους,,ὤκιστοι</span> <span class='ocrx_word' id='word_1_547' title='bbox 1214 2982 1254 3024; x_wconf 82' lang='grc' dir='ltr'>δὲ</span> <span class='ocrx_word' id='word_1_548' title='bbox 1275 2984 1320 3025; x_wconf 81' lang='grc' dir='ltr'>τὸ</span> 
     </span>
     <span class='ocr_line' id='line_1_74' title="bbox 81 3018 1319 3099; baseline 0.025 -42"><span class='ocrx_word' id='word_1_549' title='bbox 81 3018 221 3072; x_wconf 83' lang='grc' dir='ltr'>τάχος·</span> <span class='ocrx_word' id='word_1_550' title='bbox 264 3021 338 3063; x_wconf 78' lang='grc' dir='ltr'>εἰσὶ</span> <span class='ocrx_word' id='word_1_551' title='bbox 370 3027 640 3084; x_wconf 86' lang='grc' dir='ltr'>πυρρότριχες,</span> <span class='ocrx_word' id='word_1_552' title='bbox 672 3032 840 3087; x_wconf 69' lang='grc' dir='ltr'>γλαυκοὶ</span> <span class='ocrx_word' id='word_1_553' title='bbox 868 3037 956 3087; x_wconf 69' lang='grc' dir='ltr'>τοὺς</span> <span class='ocrx_word' id='word_1_554' title='bbox 992 3039 1214 3099; x_wconf 69' lang='grc' dir='ltr'>ὀφθαλμοὺς</span> <span class='ocrx_word' id='word_1_555' title='bbox 1254 3048 1319 3088; x_wconf 80' lang='grc' dir='ltr'>καὶ</span> 
     </span>
     <span class='ocr_line' id='line_1_75' title="bbox 80 3078 1318 3164; baseline 0.025 -45"><span class='ocrx_word' id='word_1_556' title='bbox 80 3078 170 3136; x_wconf 69' lang='grc' dir='ltr'>ὑπὲρ</span> <span class='ocrx_word' id='word_1_557' title='bbox 188 3082 276 3132; x_wconf 69' lang='grc' dir='ltr'>τοὺς</span> <span class='ocrx_word' id='word_1_558' title='bbox 290 3083 448 3137; x_wconf 85' lang='grc' dir='ltr'>λέοντας</span> <span class='ocrx_word' id='word_1_559' title='bbox 471 3086 592 3132; x_wconf 66' lang='grc' dir='ltr'>οὗτοι.</span> <span class='ocrx_word' id='word_1_560' title='bbox 615 3092 672 3133; x_wconf 84' lang='grc' dir='ltr'>Τὰ</span> <span class='ocrx_word' id='word_1_561' title='bbox 689 3096 827 3151; x_wconf 84' lang='grc' dir='ltr'>κέρατα</span> <span class='ocrx_word' id='word_1_562' title='bbox 846 3098 887 3140; x_wconf 80' lang='grc' dir='ltr'>δὲ</span> <span class='ocrx_word' id='word_1_563' title='bbox 904 3099 971 3142; x_wconf 77' lang='grc' dir='ltr'>τὸν</span> <span class='ocrx_word' id='word_1_564' title='bbox 992 3102 1059 3157; x_wconf 77' lang='grc' dir='ltr'>μὲν</span> <span class='ocrx_word' id='word_1_565' title='bbox 1079 3104 1203 3148; x_wconf 83' lang='grc' dir='ltr'>ἄλλον</span> <span class='ocrx_word' id='word_1_566' title='bbox 1226 3123 1254 3162; x_wconf 83' lang='grc' dir='ltr'>χ</span> <span class='ocrx_word' id='word_1_567' title='bbox 1258 3110 1318 3164; x_wconf 88' lang='grc' dir='ltr'>ρό-</span> 
     </span>
     <span class='ocr_line' id='line_1_76' title="bbox 77 3148 1313 3225; baseline 0.026 -45"><span class='ocrx_word' id='word_1_568' title='bbox 77 3154 145 3181; x_wconf 91' lang='grc' dir='ltr'>-νον</span> <span class='ocrx_word' id='word_1_569' title='bbox 176 3148 343 3188; x_wconf 73' lang='grc' dir='ltr'>κινοῦσιν</span> <span class='ocrx_word' id='word_1_570' title='bbox 366 3149 418 3197; x_wconf 83' lang='grc' dir='ltr'>ὡς</span> <span class='ocrx_word' id='word_1_571' title='bbox 440 3151 506 3191; x_wconf 76' lang='grc' dir='ltr'>καὶ</span> <span class='ocrx_word' id='word_1_572' title='bbox 533 3152 581 3193; x_wconf 82' lang='grc' dir='ltr'>τὰ</span> <span class='ocrx_word' id='word_1_573' title='bbox 603 3150 699 3207; x_wconf 73' lang='grc' dir='ltr'>ὦτα,</span> <span class='ocrx_word' id='word_1_574' title='bbox 720 3157 758 3199; x_wconf 83' lang='grc' dir='ltr'>έν</span> <span class='ocrx_word' id='word_1_575' title='bbox 782 3159 823 3201; x_wconf 83' lang='grc' dir='ltr'>δὲ</span> <span class='ocrx_word' id='word_1_576' title='bbox 842 3164 926 3211; x_wconf 75' lang='grc' dir='ltr'>ταῖς</span> <span class='ocrx_word' id='word_1_577' title='bbox 947 3166 1090 3220; x_wconf 82' lang='grc' dir='ltr'>μάχαις</span> <span class='ocrx_word' id='word_1_578' title='bbox 1105 3166 1313 3225; x_wconf 80' lang='grc' dir='ltr'>ἐγείρουσιν</span> 
     </span>
     <span class='ocr_line' id='line_1_77' title="bbox 80 3201 1313 3285; baseline 0.028 -43"><span class='ocrx_word' id='word_1_579' title='bbox 80 3201 189 3254; x_wconf 80' lang='grc' dir='ltr'>αὖτὰ,</span> <span class='ocrx_word' id='word_1_580' title='bbox 214 3208 278 3248; x_wconf 78' lang='grc' dir='ltr'>καὶ</span> <span class='ocrx_word' id='word_1_581' title='bbox 301 3208 580 3264; x_wconf 73' lang='grc' dir='ltr'>ἀναστήσαντες</span> <span class='ocrx_word' id='word_1_582' title='bbox 611 3216 773 3275; x_wconf 82' lang='grc' dir='ltr'>ἰσχυρῶς</span> <span class='ocrx_word' id='word_1_583' title='bbox 793 3221 880 3265; x_wconf 73' lang='grc' dir='ltr'>εἶτα</span> <span class='ocrx_word' id='word_1_584' title='bbox 909 3226 1010 3268; x_wconf 74' lang='grc' dir='ltr'>οὕτω</span> <span class='ocrx_word' id='word_1_585' title='bbox 1035 3231 1243 3285; x_wconf 81' lang='grc' dir='ltr'>μάχονται,</span> <span class='ocrx_word' id='word_1_586' title='bbox 1266 3234 1313 3275; x_wconf 79' lang='grc' dir='ltr'>τὰ</span> 
     </span>
     <span class='ocr_line' id='line_1_78' title="bbox 79 3264 1312 3351; baseline 0.028 -47"><span class='ocrx_word' id='word_1_587' title='bbox 79 3264 119 3305; x_wconf 81' lang='grc' dir='ltr'>δὲ</span> <span class='ocrx_word' id='word_1_588' title='bbox 141 3266 185 3306; x_wconf 82' lang='grc' dir='ltr'>οὖ</span> <span class='ocrx_word' id='word_1_589' title='bbox 206 3268 402 3315; x_wconf 81' lang='grc' dir='ltr'>κλίνονται</span> <span class='ocrx_word' id='word_1_590' title='bbox 425 3276 497 3317; x_wconf 75' lang='grc' dir='ltr'>ὑπὸ</span> <span class='ocrx_word' id='word_1_591' title='bbox 529 3282 597 3319; x_wconf 76' lang='grc' dir='ltr'>τοῦ</span> <span class='ocrx_word' id='word_1_592' title='bbox 625 3282 745 3337; x_wconf 80' lang='grc' dir='ltr'>θυμοῦ</span> <span class='ocrx_word' id='word_1_593' title='bbox 778 3285 995 3342; x_wconf 84' lang='grc' dir='ltr'>ἀνεστῶτα,</span> <span class='ocrx_word' id='word_1_594' title='bbox 1025 3292 1133 3348; x_wconf 79' lang='grc' dir='ltr'>φύσει</span> <span class='ocrx_word' id='word_1_595' title='bbox 1166 3295 1230 3336; x_wconf 81' lang='grc' dir='ltr'>ναὶ</span> <span class='ocrx_word' id='word_1_596' title='bbox 1259 3297 1312 3351; x_wconf 81' lang='grc' dir='ltr'>μὰ</span> 
     </span>
     <span class='ocr_line' id='line_1_79' title="bbox 77 3320 1310 3407; baseline 0.028 -48"><span class='ocrx_word' id='word_1_597' title='bbox 77 3320 148 3360; x_wconf 86' lang='grc' dir='ltr'>Δία</span> <span class='ocrx_word' id='word_1_598' title='bbox 181 3322 392 3385; x_wconf 83' lang='grc' dir='ltr'>θαυμαστῇ.</span> <span class='ocrx_word' id='word_1_599' title='bbox 425 3331 607 3389; x_wconf 77' lang='grc' dir='ltr'>’Άτρωτοι</span> <span class='ocrx_word' id='word_1_600' title='bbox 639 3338 680 3379; x_wconf 82' lang='grc' dir='ltr'>δέ</span> <span class='ocrx_word' id='word_1_601' title='bbox 709 3339 780 3381; x_wconf 80' lang='grc' dir='ltr'>εἰσι</span> <span class='ocrx_word' id='word_1_602' title='bbox 808 3343 873 3384; x_wconf 79' lang='grc' dir='ltr'>καὶ</span> <span class='ocrx_word' id='word_1_603' title='bbox 908 3344 1075 3402; x_wconf 83' lang='grc' dir='ltr'>λόγχαις</span> <span class='ocrx_word' id='word_1_604' title='bbox 1103 3350 1170 3391; x_wconf 81' lang='grc' dir='ltr'>καὶ</span> <span class='ocrx_word' id='word_1_605' title='bbox 1208 3352 1310 3407; x_wconf 84' lang='grc' dir='ltr'>βέλει</span> 
     </span>
     <span class='ocr_line' id='line_1_80' title="bbox 77 3383 1310 3469; baseline 0.03 -48"><span class='ocrx_word' id='word_1_606' title='bbox 77 3383 205 3424; x_wconf 86' lang='grc' dir='ltr'>παντί·</span> <span class='ocrx_word' id='word_1_607' title='bbox 230 3386 251 3426; x_wconf 85' lang='grc' dir='ltr'>ὁ</span> <span class='ocrx_word' id='word_1_608' title='bbox 280 3390 353 3445; x_wconf 86' lang='grc' dir='ltr'>γάρ</span> <span class='ocrx_word' id='word_1_609' title='bbox 367 3407 427 3432; x_wconf 91' lang='grc' dir='ltr'>τοι</span> <span class='ocrx_word' id='word_1_610' title='bbox 445 3395 598 3452; x_wconf 82' lang='grc' dir='ltr'>σίδηρος</span> <span class='ocrx_word' id='word_1_611' title='bbox 624 3399 692 3441; x_wconf 77' lang='grc' dir='ltr'>οὒκ</span> <span class='ocrx_word' id='word_1_612' title='bbox 715 3401 900 3448; x_wconf 75' lang='grc' dir='ltr'>εἰσδύεται</span> <span class='ocrx_word' id='word_1_613' title='bbox 915 3423 924 3432; x_wconf 88' lang='grc'>·</span> <span class='ocrx_word' id='word_1_614' title='bbox 951 3409 1078 3465; x_wconf 83' lang='grc' dir='ltr'>φρίξας</span> <span class='ocrx_word' id='word_1_615' title='bbox 1096 3412 1170 3469; x_wconf 85' lang='grc' dir='ltr'>γὰρ</span> <span class='ocrx_word' id='word_1_616' title='bbox 1186 3414 1207 3455; x_wconf 88' lang='grc' dir='ltr'>ὁ</span> <span class='ocrx_word' id='word_1_617' title='bbox 1222 3419 1310 3456; x_wconf 76' lang='grc' dir='ltr'>ταῦ-</span> 
     </span>
     <span class='ocr_line' id='line_1_81' title="bbox 76 3445 1308 3520; baseline 0.024 -28"><span class='ocrx_word' id='word_1_618' title='bbox 76 3461 138 3498; x_wconf 74' lang='grc' dir='ltr'>ρῡς</span> <span class='ocrx_word' id='word_1_619' title='bbox 156 3445 335 3491; x_wconf 72' lang='grc' dir='ltr'>ἐκὸάλλει</span> <span class='ocrx_word' id='word_1_620' title='bbox 353 3453 466 3498; x_wconf 63' lang='grc' dir='ltr'>αὖτὀν</span> <span class='ocrx_word' id='word_1_621' title='bbox 485 3461 609 3514; x_wconf 86' lang='grc' dir='ltr'>μάτην</span> <span class='ocrx_word' id='word_1_622' title='bbox 629 3468 908 3519; x_wconf 85' lang='grc' dir='ltr'>προσπεσόντα.</span> <span class='ocrx_word' id='word_1_623' title='bbox 939 3470 1174 3518; x_wconf 84' lang='grc' dir='ltr'>Ἐπιτίθεται</span> <span class='ocrx_word' id='word_1_624' title='bbox 1188 3478 1229 3519; x_wconf 81' lang='grc' dir='ltr'>δὲ</span> <span class='ocrx_word' id='word_1_625' title='bbox 1244 3480 1308 3520; x_wconf 78' lang='grc' dir='ltr'>καὶ</span> 
     </span>
     <span class='ocr_line' id='line_1_82' title="bbox 73 3508 1304 3587; baseline 0.032 -41"><span class='ocrx_word' id='word_1_626' title='bbox 73 3508 202 3550; x_wconf 80' lang='grc' dir='ltr'>ἵππων</span> <span class='ocrx_word' id='word_1_627' title='bbox 229 3510 383 3566; x_wconf 84' lang='grc' dir='ltr'>ἀγέλαις</span> <span class='ocrx_word' id='word_1_628' title='bbox 401 3519 465 3559; x_wconf 78' lang='grc' dir='ltr'>καὶ</span> <span class='ocrx_word' id='word_1_629' title='bbox 482 3523 659 3578; x_wconf 80' lang='grc' dir='ltr'>ποίμναις</span> <span class='ocrx_word' id='word_1_630' title='bbox 681 3528 746 3568; x_wconf 78' lang='grc' dir='ltr'>καὶ</span> <span class='ocrx_word' id='word_1_631' title='bbox 775 3531 915 3587; x_wconf 89' lang='grc' dir='ltr'>θηρίων</span> <span class='ocrx_word' id='word_1_632' title='bbox 939 3535 1087 3579; x_wconf 78' lang='grc' dir='ltr'>ἄλλων.</span> <span class='ocrx_word' id='word_1_633' title='bbox 1115 3539 1162 3581; x_wconf 81' lang='grc' dir='ltr'>Οἱ</span> <span class='ocrx_word' id='word_1_634' title='bbox 1176 3542 1304 3585; x_wconf 89' lang='grc' dir='ltr'>τοίνυν</span> 
     </span>
     <span class='ocr_line' id='line_1_83' title="bbox 74 3572 1304 3661; baseline 0.032 -52"><span class='ocrx_word' id='word_1_635' title='bbox 74 3574 205 3627; x_wconf 75' lang='grc' dir='ltr'>νομεῖς</span> <span class='ocrx_word' id='word_1_636' title='bbox 231 3572 406 3630; x_wconf 78' lang='grc' dir='ltr'>ἐπαρκεῖν</span> <span class='ocrx_word' id='word_1_637' title='bbox 427 3585 510 3631; x_wconf 76' lang='grc' dir='ltr'>ταῖς</span> <span class='ocrx_word' id='word_1_638' title='bbox 529 3585 671 3629; x_wconf 80' lang='grc' dir='ltr'>ἑαυτῶν</span> <span class='ocrx_word' id='word_1_639' title='bbox 696 3590 851 3646; x_wconf 80' lang='grc' dir='ltr'>ἀγέλαις</span> <span class='ocrx_word' id='word_1_640' title='bbox 878 3597 1123 3654; x_wconf 84' lang='grc' dir='ltr'>βουλόμενοι,</span> <span class='ocrx_word' id='word_1_641' title='bbox 1143 3605 1304 3661; x_wconf 82' lang='grc' dir='ltr'>τάφρους</span> 
     </span>
     <span class='ocr_line' id='line_1_84' title="bbox 72 3633 1303 3719; baseline 0.032 -48"><span class='ocrx_word' id='word_1_642' title='bbox 72 3633 202 3683; x_wconf 73' lang='grc' dir='ltr'>αὐτοῖς</span> <span class='ocrx_word' id='word_1_643' title='bbox 239 3639 401 3692; x_wconf 82' lang='grc' dir='ltr'>κρυπτὰς</span> <span class='ocrx_word' id='word_1_644' title='bbox 432 3642 657 3699; x_wconf 81' lang='grc' dir='ltr'>ἐργάζονται</span> <span class='ocrx_word' id='word_1_645' title='bbox 682 3653 847 3706; x_wconf 84' lang='grc' dir='ltr'>βαθείας,</span> <span class='ocrx_word' id='word_1_646' title='bbox 880 3659 946 3699; x_wconf 80' lang='grc' dir='ltr'>καὶ</span> <span class='ocrx_word' id='word_1_647' title='bbox 979 3662 1131 3712; x_wconf 81' lang='grc' dir='ltr'>ταύταις</span> <span class='ocrx_word' id='word_1_648' title='bbox 1168 3666 1303 3719; x_wconf 67' lang='grc' dir='ltr'>αὖτοὺς</span> 
     </span>
     <span class='ocr_line' id='line_1_85' title="bbox 70 3694 1304 3779; baseline 0.032 -46"><span class='ocrx_word' id='word_1_649' title='bbox 70 3694 303 3751; x_wconf 78' lang='grc' dir='ltr'>ἐλλοχῶσιν.</span> <span class='ocrx_word' id='word_1_650' title='bbox 330 3701 377 3742; x_wconf 81' lang='grc' dir='ltr'>Οἱ</span> <span class='ocrx_word' id='word_1_651' title='bbox 400 3703 440 3744; x_wconf 82' lang='grc' dir='ltr'>δὲ</span> <span class='ocrx_word' id='word_1_652' title='bbox 462 3706 553 3749; x_wconf 81' lang='grc' dir='ltr'>ὅταν</span> <span class='ocrx_word' id='word_1_653' title='bbox 570 3707 798 3766; x_wconf 83' lang='grc' dir='ltr'>ἐμπέσωσιν,</span> <span class='ocrx_word' id='word_1_654' title='bbox 822 3717 894 3759; x_wconf 71' lang='grc' dir='ltr'>ὑπὸ</span> <span class='ocrx_word' id='word_1_655' title='bbox 913 3725 981 3761; x_wconf 80' lang='grc' dir='ltr'>τοῦ</span> <span class='ocrx_word' id='word_1_656' title='bbox 1006 3723 1125 3779; x_wconf 78' lang='grc' dir='ltr'>θυμοῦ</span> <span class='ocrx_word' id='word_1_657' title='bbox 1147 3725 1304 3771; x_wconf 85' lang='grc' dir='ltr'>ἀποπνί-</span> 
     </span>
    </p>
   </div>
   <div class='ocr_carea' id='block_1_31' title="bbox 30 3761 1299 3848">
    <p class='ocr_par' dir='ltr' id='par_1_32' title="bbox 30 3761 1299 3848">
     <span class='ocr_line' id='line_1_86' title="bbox 30 3761 1299 3848; baseline 0.032 -54"><span class='ocrx_word' id='word_1_658' title='bbox 30 3761 33 3764; x_wconf 75' lang='grc'>’</span> <span class='ocrx_word' id='word_1_659' title='bbox 68 3772 220 3811; x_wconf 84' lang='grc' dir='ltr'>γονται.</span> <span class='ocrx_word' id='word_1_660' title='bbox 252 3761 425 3818; x_wconf 84' lang='grc' dir='ltr'>Κέκριται</span> <span class='ocrx_word' id='word_1_661' title='bbox 451 3766 491 3807; x_wconf 82' lang='grc' dir='ltr'>δὲ</span> <span class='ocrx_word' id='word_1_662' title='bbox 506 3769 607 3825; x_wconf 69' lang='grc' dir='ltr'>παρὰ</span> <span class='ocrx_word' id='word_1_663' title='bbox 629 3776 711 3821; x_wconf 81' lang='grc' dir='ltr'>τοῖς</span> <span class='ocrx_word' id='word_1_664' title='bbox 730 3776 1021 3833; x_wconf 80' lang='grc' dir='ltr'>Τρωγλοδύταις</span> <span class='ocrx_word' id='word_1_665' title='bbox 1043 3787 1194 3838; x_wconf 79' lang='grc' dir='ltr'>δικαίως</span> <span class='ocrx_word' id='word_1_666' title='bbox 1217 3793 1299 3848; x_wconf 84' lang='grc' dir='ltr'>ἄρι-</span> 
     </span>
    </p>
   </div>
   <div class='ocr_carea' id='block_1_32' title="bbox 67 3825 1296 3906">
    <p class='ocr_par' dir='ltr' id='par_1_33' title="bbox 67 3825 1296 3906">
     <span class='ocr_line' id='line_1_87' title="bbox 67 3825 1296 3906; baseline 0.031 -48"><span class='ocrx_word' id='word_1_667' title='bbox 67 3834 157 3860; x_wconf 89' lang='grc' dir='ltr'>στον</span> <span class='ocrx_word' id='word_1_668' title='bbox 184 3825 298 3863; x_wconf 69' lang='grc' dir='ltr'>τοῦτο</span> <span class='ocrx_word' id='word_1_669' title='bbox 315 3825 358 3865; x_wconf 76' lang='grc' dir='ltr'>τὸ</span> <span class='ocrx_word' id='word_1_670' title='bbox 375 3829 477 3882; x_wconf 80' lang='grc' dir='ltr'>ζῷον</span> <span class='ocrx_word' id='word_1_671' title='bbox 494 3844 502 3853; x_wconf 96' lang='grc'><em>·</em></span> <span class='ocrx_word' id='word_1_672' title='bbox 530 3829 613 3886; x_wconf 77' lang='grc' dir='ltr'>ἔχει</span> <span class='ocrx_word' id='word_1_673' title='bbox 638 3834 791 3892; x_wconf 80' lang='grc' dir='ltr'>μὲνγὰρ</span> <span class='ocrx_word' id='word_1_674' title='bbox 810 3839 964 3892; x_wconf 86' lang='grc' dir='ltr'>λέοντος</span> <span class='ocrx_word' id='word_1_675' title='bbox 979 3844 1048 3897; x_wconf 81' lang='grc' dir='ltr'>τὴν</span> <span class='ocrx_word' id='word_1_676' title='bbox 1066 3847 1204 3902; x_wconf 81' lang='grc' dir='ltr'>ἀλκὴν,</span> <span class='ocrx_word' id='word_1_677' title='bbox 1227 3853 1296 3906; x_wconf 78' lang='grc' dir='ltr'>τὴν</span> 
     </span>
    </p>
   </div>
   <div class='ocr_carea' id='block_1_33' title="bbox 3 3881 1294 3968">
    <p class='ocr_par' dir='ltr' id='par_1_34' title="bbox 3 3881 1294 3968">
     <span class='ocr_line' id='line_1_88' title="bbox 3 3881 1294 3968; baseline 0.031 -49"><span class='ocrx_word' id='word_1_678' title='bbox 3 3916 9 3924; x_wconf 86' lang='grc'>,</span> <span class='ocrx_word' id='word_1_679' title='bbox 65 3881 106 3922; x_wconf 80' lang='grc' dir='ltr'>δὲ</span> <span class='ocrx_word' id='word_1_680' title='bbox 129 3883 307 3938; x_wconf 85' lang='grc' dir='ltr'>ὠκύτητα</span> <span class='ocrx_word' id='word_1_681' title='bbox 339 3888 474 3942; x_wconf 78' lang='grc' dir='ltr'>ἵππου,</span> <span class='ocrx_word' id='word_1_682' title='bbox 510 3892 641 3949; x_wconf 73' lang='grc' dir='ltr'>ῥώμην</span> <span class='ocrx_word' id='word_1_683' title='bbox 675 3899 828 3954; x_wconf 79' lang='grc' dir='ltr'>ταύρου,</span> <span class='ocrx_word' id='word_1_684' title='bbox 857 3906 1011 3961; x_wconf 77' lang='grc' dir='ltr'>σιδήρου</span> <span class='ocrx_word' id='word_1_685' title='bbox 1049 3910 1089 3952; x_wconf 80' lang='grc' dir='ltr'>δὲ</span> <span class='ocrx_word' id='word_1_686' title='bbox 1123 3917 1294 3968; x_wconf 78' lang='grc' dir='ltr'>κρεῖττόν</span> 
     </span>
    </p>
   </div>
   <div class='ocr_carea' id='block_1_34' title="bbox 63 3942 1294 4062">
    <p class='ocr_par' dir='ltr' id='par_1_35' title="bbox 63 3942 1294 4062">
     <span class='ocr_line' id='line_1_89' title="bbox 63 3942 1294 4032; baseline 0.032 -49"><span class='ocrx_word' id='word_1_687' title='bbox 63 3942 181 3987; x_wconf 78' lang='grc' dir='ltr'>ἐστιν.</span> <span class='ocrx_word' id='word_1_688' title='bbox 204 3949 361 3991; x_wconf 90' lang='lat' dir='ltr'><strong>Plinius</strong></span> <span class='ocrx_word' id='word_1_689' title='bbox 386 3954 502 4005; x_wconf 89' lang='lat' dir='ltr'><strong>VIII,</strong></span> <span class='ocrx_word' id='word_1_690' title='bbox 531 3957 583 3999; x_wconf 83' lang='lat'>30</span> <span class='ocrx_word' id='word_1_691' title='bbox 609 3971 618 3998; x_wconf 91' lang='lat'>:</span> <span class='ocrx_word' id='word_1_692' title='bbox 647 3961 725 4001; x_wconf 85' lang='lat' dir='ltr'><strong>Sed</strong></span> <span class='ocrx_word' id='word_1_693' title='bbox 742 3965 1021 4012; x_wconf 80' lang='lat' dir='ltr'><strong>atrocissimos</strong></span> <span class='ocrx_word' id='word_1_694' title='bbox 1043 3973 1163 4016; x_wconf 74' lang='lat' dir='ltr'><strong>habet</strong></span> <span class='ocrx_word' id='word_1_695' title='bbox 1192 3979 1209 4032; x_wconf 89' lang='lat'>(</span> <span class='ocrx_word' id='word_1_696' title='bbox 1227 3981 1294 4022; x_wconf 90' lang='lat' dir='ltr'>AE-</span> 
     </span>
     <span class='ocr_line' id='line_1_90' title="bbox 230 4026 419 4062; baseline 0.026 -2"><span class='ocrx_word' id='word_1_697' title='bbox 230 4026 363 4062; x_wconf 66' lang='lat' dir='ltr'><strong>esocn·</strong></span> <span class='ocrx_word' id='word_1_698' title='bbox 387 4033 419 4062; x_wconf 82' lang='grc' dir='ltr'>Ι.</span> 
     </span>
    </p>
   </div>
   <div class='ocr_carea' id='block_1_35' title="bbox 1371 2734 2634 2805">
    <p class='ocr_par' dir='ltr' id='par_1_36' title="bbox 1371 2734 2634 2805">
     <span class='ocr_line' id='line_1_91' title="bbox 1371 2734 2634 2805; baseline 0.024 -33"><span class='ocrx_word' id='word_1_699' title='bbox 1371 2744 1374 2746; x_wconf 85' lang='grc'><em>·</em></span> <span class='ocrx_word' id='word_1_700' title='bbox 1396 2734 1554 2790; x_wconf 88' lang='lat' dir='ltr'><strong>thiopia</strong></span> <span class='ocrx_word' id='word_1_701' title='bbox 1575 2738 1592 2790; x_wconf 85' lang='lat'><em>)</em></span> <span class='ocrx_word' id='word_1_702' title='bbox 1624 2746 1764 2779; x_wconf 83' lang='lat' dir='ltr'><strong>tauros</strong></span> <span class='ocrx_word' id='word_1_703' title='bbox 1785 2740 1995 2784; x_wconf 79' lang='lat' dir='ltr'><strong>silvestres</strong></span> <span class='ocrx_word' id='word_1_704' title='bbox 2022 2749 2195 2802; x_wconf 79' lang='lat' dir='ltr'><strong>majores</strong></span> <span class='ocrx_word' id='word_1_705' title='bbox 2217 2755 2464 2805; x_wconf 78' lang='lat' dir='ltr'><strong>agrestibus,</strong></span> <span class='ocrx_word' id='word_1_706' title='bbox 2487 2759 2634 2802; x_wconf 82' lang='lat' dir='ltr'><strong>veloci-</strong></span> 
     </span>
    </p>
   </div>
   <div class='ocr_carea' id='block_1_36' title="bbox 1366 2809 2633 4110">
    <p class='ocr_par' dir='ltr' id='par_1_37' title="bbox 1371 2809 2633 3853">
     <span class='ocr_line' id='line_1_92' title="bbox 1397 2809 2633 2880; baseline 0.023 -40"><span class='ocrx_word' id='word_1_707' title='bbox 1397 2810 1483 2842; x_wconf 81' lang='lat' dir='ltr'><strong>tate</strong></span> <span class='ocrx_word' id='word_1_708' title='bbox 1500 2813 1596 2843; x_wconf 83' lang='lat' dir='ltr'><strong>ante</strong></span> <span class='ocrx_word' id='word_1_709' title='bbox 1613 2819 1761 2855; x_wconf 85' lang='lat' dir='ltr'><strong>omnes,</strong></span> <span class='ocrx_word' id='word_1_710' title='bbox 1788 2809 2085 2864; x_wconf 67' lang='lat' dir='ltr'><strong>colorefulvos,</strong></span> <span class='ocrx_word' id='word_1_711' title='bbox 2112 2817 2242 2858; x_wconf 79' lang='lat' dir='ltr'><strong>oculis</strong></span> <span class='ocrx_word' id='word_1_712' title='bbox 2261 2822 2458 2871; x_wconf 63' lang='lat' dir='ltr'><strong>caeruleis,</strong></span> <span class='ocrx_word' id='word_1_713' title='bbox 2474 2825 2567 2880; x_wconf 84' lang='lat' dir='ltr'><strong>pilo</strong></span> <span class='ocrx_word' id='word_1_714' title='bbox 2591 2828 2633 2868; x_wconf 85' lang='lat' dir='ltr'>in</span> 
     </span>
     <span class='ocr_line' id='line_1_93' title="bbox 1396 2865 2633 2942; baseline 0.023 -40"><span class='ocrx_word' id='word_1_715' title='bbox 1396 2865 1650 2907; x_wconf 81' lang='lat' dir='ltr'><strong>contrarium</strong></span> <span class='ocrx_word' id='word_1_716' title='bbox 1677 2882 1808 2917; x_wconf 81' lang='lat' dir='ltr'><strong>verso,</strong></span> <span class='ocrx_word' id='word_1_717' title='bbox 1846 2870 1956 2912; x_wconf 79' lang='lat' dir='ltr'><strong>rictu</strong></span> <span class='ocrx_word' id='word_1_718' title='bbox 1993 2875 2052 2914; x_wconf 78' lang='lat' dir='ltr'><strong>ad</strong></span> <span class='ocrx_word' id='word_1_719' title='bbox 2084 2891 2203 2919; x_wconf 82' lang='lat' dir='ltr'><strong>aures</strong></span> <span class='ocrx_word' id='word_1_720' title='bbox 2231 2880 2471 2934; x_wconf 82' lang='lat' dir='ltr'><strong>dehiscente,</strong></span> <span class='ocrx_word' id='word_1_721' title='bbox 2500 2889 2633 2942; x_wconf 73' lang='lat' dir='ltr'><strong>juxta</strong></span> 
     </span>
     <span class='ocr_line' id='line_1_94' title="bbox 1394 2929 2630 3005; baseline 0.023 -41"><span class='ocrx_word' id='word_1_722' title='bbox 1394 2939 1546 2967; x_wconf 79' lang='lat' dir='ltr'><strong>cornua</strong></span> <span class='ocrx_word' id='word_1_723' title='bbox 1575 2929 1747 2971; x_wconf 82' lang='lat' dir='ltr'><strong>mobilia</strong></span> <span class='ocrx_word' id='word_1_724' title='bbox 1762 2948 1779 2979; x_wconf 91' lang='lat'><em>;</em></span> <span class='ocrx_word' id='word_1_725' title='bbox 1795 2934 1945 2985; x_wconf 79' lang='lat' dir='ltr'><strong>tergori</strong></span> <span class='ocrx_word' id='word_1_726' title='bbox 1962 2935 2123 2979; x_wconf 80' lang='lat' dir='ltr'><strong>duritia</strong></span> <span class='ocrx_word' id='word_1_727' title='bbox 2140 2940 2291 2992; x_wconf 85' lang='lat' dir='ltr'><strong>silicis,</strong></span> <span class='ocrx_word' id='word_1_728' title='bbox 2311 2959 2424 2987; x_wconf 84' lang='lat' dir='ltr'><strong>omne</strong></span> <span class='ocrx_word' id='word_1_729' title='bbox 2441 2962 2630 3005; x_wconf 80' lang='lat' dir='ltr'><strong>respuens</strong></span> 
     </span>
     <span class='ocr_line' id='line_1_95' title="bbox 1391 2989 2627 3067; baseline 0.022 -39"><span class='ocrx_word' id='word_1_730' title='bbox 1391 2989 1557 3032; x_wconf 79' lang='lat' dir='ltr'><strong>vulnus.</strong></span> <span class='ocrx_word' id='word_1_731' title='bbox 1582 2994 1710 3034; x_wconf 77' lang='lat' dir='ltr'><strong>Feras</strong></span> <span class='ocrx_word' id='word_1_732' title='bbox 1738 3009 1873 3035; x_wconf 83' lang='lat' dir='ltr'><strong>omnes</strong></span> <span class='ocrx_word' id='word_1_733' title='bbox 1899 3009 2130 3050; x_wconf 57' lang='lat' dir='ltr'><strong>venantum</strong></span> <span class='ocrx_word' id='word_1_734' title='bbox 2151 3003 2235 3059; x_wconf 78' lang='lat' dir='ltr'><strong>ipsi</strong></span> <span class='ocrx_word' id='word_1_735' title='bbox 2263 3021 2342 3047; x_wconf 82' lang='lat' dir='ltr'><strong>non</strong></span> <span class='ocrx_word' id='word_1_736' title='bbox 2363 3009 2488 3051; x_wconf 81' lang='lat' dir='ltr'><strong>aliter</strong></span> <span class='ocrx_word' id='word_1_737' title='bbox 2504 3027 2627 3067; x_wconf 78' lang='lat' dir='ltr'><strong>quam</strong></span> 
     </span>
     <span class='ocr_line' id='line_1_96' title="bbox 1384 3050 2626 3118; baseline 0.022 -27"><span class='ocrx_word' id='word_1_738' title='bbox 1384 3050 1522 3101; x_wconf 78' lang='lat' dir='ltr'><strong>foveis</strong></span> <span class='ocrx_word' id='word_1_739' title='bbox 1555 3055 1686 3111; x_wconf 81' lang='lat' dir='ltr'><strong>capti,</strong></span> <span class='ocrx_word' id='word_1_740' title='bbox 1714 3056 1893 3109; x_wconf 71' lang='lat' dir='ltr'><strong>fiet-itate</strong></span> <span class='ocrx_word' id='word_1_741' title='bbox 1920 3075 2077 3118; x_wconf 80' lang='lat' dir='ltr'><strong>semper</strong></span> <span class='ocrx_word' id='word_1_742' title='bbox 2098 3064 2313 3110; x_wconf 83' lang='lat' dir='ltr'><strong>intereunt.</strong></span> <span class='ocrx_word' id='word_1_743' title='bbox 2347 3071 2410 3112; x_wconf 91' lang='lat' dir='ltr'>Cf.</span> <span class='ocrx_word' id='word_1_744' title='bbox 2436 3074 2563 3116; x_wconf 88' lang='lat' dir='ltr'><strong>Solin.</strong></span> <span class='ocrx_word' id='word_1_745' title='bbox 2586 3087 2626 3117; x_wconf 92' lang='lat' dir='ltr'>et</span> 
     </span>
     <span class='ocr_line' id='line_1_97' title="bbox 1387 3113 2620 3189; baseline 0.021 -36"><span class='ocrx_word' id='word_1_746' title='bbox 1387 3113 1606 3156; x_wconf 87' lang='lat' dir='ltr'><strong>Salmasius</strong></span> <span class='ocrx_word' id='word_1_747' title='bbox 1630 3117 1683 3158; x_wconf 90' lang='lat' dir='ltr'>ad</span> <span class='ocrx_word' id='word_1_748' title='bbox 1705 3119 1832 3162; x_wconf 92' lang='lat' dir='ltr'><strong>Solin.</strong></span> <span class='ocrx_word' id='word_1_749' title='bbox 1863 3136 1906 3177; x_wconf 86' lang='lat' dir='ltr'>p.</span> <span class='ocrx_word' id='word_1_750' title='bbox 1947 3138 2042 3177; x_wconf 86' lang='lat'>711.</span> <span class='ocrx_word' id='word_1_751' title='bbox 2079 3146 2095 3162; x_wconf 79' lang='grc' dir='ltr'>α</span> <span class='ocrx_word' id='word_1_752' title='bbox 2127 3130 2353 3172; x_wconf 88' lang='lat' dir='ltr'><strong>Bochartus</strong></span> <span class='ocrx_word' id='word_1_753' title='bbox 2386 3136 2551 3178; x_wconf 80' lang='lat' dir='ltr'><strong>Hier02.</strong></span> <span class='ocrx_word' id='word_1_754' title='bbox 2578 3141 2620 3189; x_wconf 83' lang='grc' dir='ltr'>Ι,</span> 
     </span>
     <span class='ocr_line' id='line_1_98' title="bbox 1386 3178 2622 3253; baseline 0.02 -37"><span class='ocrx_word' id='word_1_755' title='bbox 1386 3188 1429 3229; x_wconf 92' lang='grc' dir='ltr'>Ρ.</span> <span class='ocrx_word' id='word_1_756' title='bbox 1456 3178 1533 3218; x_wconf 82' lang='lat'>251</span> <span class='ocrx_word' id='word_1_757' title='bbox 1563 3182 1710 3234; x_wconf 85' lang='lat' dir='ltr'><strong>quaerit</strong></span> <span class='ocrx_word' id='word_1_758' title='bbox 1740 3197 1793 3223; x_wconf 89' lang='lat' dir='ltr'>an</span> <span class='ocrx_word' id='word_1_759' title='bbox 1825 3184 1867 3224; x_wconf 92' lang='lat' dir='ltr'>hi</span> <span class='ocrx_word' id='word_1_760' title='bbox 1893 3187 1998 3226; x_wconf 84' lang='lat' dir='ltr'><strong>tauri</strong></span> <span class='ocrx_word' id='word_1_761' title='bbox 2022 3188 2103 3229; x_wconf 91' lang='lat' dir='ltr'><strong>sint</strong></span> <span class='ocrx_word' id='word_1_762' title='bbox 2138 3190 2263 3232; x_wconf 90' lang='lat' dir='ltr'><strong>iidem</strong></span> <span class='ocrx_word' id='word_1_763' title='bbox 2303 3209 2398 3235; x_wconf 87' lang='lat' dir='ltr'>cum</span> <span class='ocrx_word' id='word_1_764' title='bbox 2433 3198 2482 3237; x_wconf 92' lang='lat' dir='ltr'>iis</span> <span class='ocrx_word' id='word_1_765' title='bbox 2518 3213 2622 3253; x_wconf 89' lang='lat' dir='ltr'><strong>quos</strong></span> 
     </span>
     <span class='ocr_line' id='line_1_99' title="bbox 1385 3240 2615 3313; baseline 0.02 -35"><span class='ocrx_word' id='word_1_766' title='bbox 1385 3240 1684 3297; x_wconf 82' lang='grc' dir='ltr'>ταυρελέφαντας</span> <span class='ocrx_word' id='word_1_767' title='bbox 1708 3243 1840 3285; x_wconf 90' lang='lat' dir='ltr'><strong>dictos</strong></span> <span class='ocrx_word' id='word_1_768' title='bbox 1873 3246 2068 3290; x_wconf 88' lang='lat' dir='ltr'><strong>describit</strong></span> <span class='ocrx_word' id='word_1_769' title='bbox 2103 3251 2398 3309; x_wconf 87' lang='lat' dir='ltr'><strong>Philostorgius</strong></span> <span class='ocrx_word' id='word_1_770' title='bbox 2423 3260 2508 3310; x_wconf 88' lang='grc' dir='ltr'>ΠΙ,</span> <span class='ocrx_word' id='word_1_771' title='bbox 2551 3275 2615 3313; x_wconf 92' lang='lat'>11,</span> 
     </span>
     <span class='ocr_line' id='line_1_100' title="bbox 1382 3305 2613 3373; baseline 0.019 -31"><span class='ocrx_word' id='word_1_772' title='bbox 1382 3314 1425 3355; x_wconf 86' lang='lat' dir='ltr'>p.</span> <span class='ocrx_word' id='word_1_773' title='bbox 1456 3305 1554 3355; x_wconf 76' lang='lat'><strong>482,</strong></span> <span class='ocrx_word' id='word_1_774' title='bbox 1573 3305 1621 3356; x_wconf 92' lang='lat' dir='ltr'>C,</span> <span class='ocrx_word' id='word_1_775' title='bbox 1643 3314 1682 3346; x_wconf 90' lang='lat' dir='ltr'>et</span> <span class='ocrx_word' id='word_1_776' title='bbox 1699 3321 1750 3347; x_wconf 86' lang='lat' dir='ltr'>ex</span> <span class='ocrx_word' id='word_1_777' title='bbox 1774 3321 1824 3348; x_wconf 87' lang='lat' dir='ltr'>eo</span> <span class='ocrx_word' id='word_1_778' title='bbox 1845 3309 2102 3364; x_wconf 88' lang='lat' dir='ltr'><strong>Nicephorus</strong></span> <span class='ocrx_word' id='word_1_779' title='bbox 2116 3314 2194 3365; x_wconf 92' lang='lat' dir='ltr'>IX,</span> <span class='ocrx_word' id='word_1_780' title='bbox 2219 3329 2267 3369; x_wconf 91' lang='lat'>19</span> <span class='ocrx_word' id='word_1_781' title='bbox 2287 3316 2413 3373; x_wconf 91' lang='lat' dir='ltr'><strong>(add.</strong></span> <span class='ocrx_word' id='word_1_782' title='bbox 2432 3321 2613 3373; x_wconf 87' lang='lat' dir='ltr'><strong>Cosmas,</strong></span> 
     </span>
     <span class='ocr_line' id='line_1_101' title="bbox 1380 3365 2612 3438; baseline 0.019 -34"><span class='ocrx_word' id='word_1_783' title='bbox 1380 3376 1424 3418; x_wconf 91' lang='lat' dir='ltr'>p.</span> <span class='ocrx_word' id='word_1_784' title='bbox 1444 3366 1524 3415; x_wconf 80' lang='lat'>334</span> <span class='ocrx_word' id='word_1_785' title='bbox 1538 3365 1571 3422; x_wconf 90' lang='lat'>)‚</span> <span class='ocrx_word' id='word_1_786' title='bbox 1591 3375 1631 3408; x_wconf 91' lang='lat' dir='ltr'>et</span> <span class='ocrx_word' id='word_1_787' title='bbox 1650 3383 1744 3409; x_wconf 89' lang='lat' dir='ltr'>cum</span> <span class='ocrx_word' id='word_1_788' title='bbox 1764 3370 1812 3409; x_wconf 91' lang='lat' dir='ltr'>iis</span> <span class='ocrx_word' id='word_1_789' title='bbox 1827 3385 1930 3424; x_wconf 90' lang='lat' dir='ltr'><strong>quos</strong></span> <span class='ocrx_word' id='word_1_790' title='bbox 1944 3373 2166 3426; x_wconf 87' lang='lat' dir='ltr'><strong>Iphicrates</strong></span> <span class='ocrx_word' id='word_1_791' title='bbox 2182 3391 2247 3432; x_wconf 92' lang='lat' dir='ltr'>ap.</span> <span class='ocrx_word' id='word_1_792' title='bbox 2266 3380 2456 3423; x_wconf 87' lang='lat' dir='ltr'><strong>Strabon.</strong></span> <span class='ocrx_word' id='word_1_793' title='bbox 2474 3385 2612 3438; x_wconf 89' lang='lat' dir='ltr'><strong>XVII,</strong></span> 
     </span>
     <span class='ocr_line' id='line_1_102' title="bbox 1378 3428 2610 3501; baseline 0.019 -35"><span class='ocrx_word' id='word_1_794' title='bbox 1378 3439 1422 3480; x_wconf 88' lang='lat' dir='ltr'>p.</span> <span class='ocrx_word' id='word_1_795' title='bbox 1457 3429 1536 3482; x_wconf 82' lang='lat'>827</span> <span class='ocrx_word' id='word_1_796' title='bbox 1569 3428 1681 3484; x_wconf 81' lang='grc' dir='ltr'>ῥίζεις</span> <span class='ocrx_word' id='word_1_797' title='bbox 1717 3434 1935 3474; x_wconf 86' lang='lat' dir='ltr'><strong>vernaculo</strong></span> <span class='ocrx_word' id='word_1_798' title='bbox 1969 3435 2186 3492; x_wconf 83' lang='lat' dir='ltr'><strong>AEthiopiae</strong></span> <span class='ocrx_word' id='word_1_799' title='bbox 2227 3443 2395 3484; x_wconf 89' lang='lat' dir='ltr'><strong>nomine</strong></span> <span class='ocrx_word' id='word_1_800' title='bbox 2423 3447 2610 3501; x_wconf 85' lang='lat' dir='ltr'><strong>appellat.</strong></span> 
     </span>
     <span class='ocr_line' id='line_1_103' title="bbox 1378 3489 2612 3551; baseline 0.018 -22"><span class='ocrx_word' id='word_1_801' title='bbox 1378 3489 1457 3530; x_wconf 91' lang='lat' dir='ltr'>Sed</span> <span class='ocrx_word' id='word_1_802' title='bbox 1476 3491 1737 3547; x_wconf 82' lang='lat' dir='ltr'><strong>Philostorgii</strong></span> <span class='ocrx_word' id='word_1_803' title='bbox 1761 3495 2108 3550; x_wconf 87' lang='lat' dir='ltr'><strong>taurelephantem</strong></span> <span class='ocrx_word' id='word_1_804' title='bbox 2131 3503 2366 3546; x_wconf 88' lang='lat' dir='ltr'><strong>varietatem</strong></span> <span class='ocrx_word' id='word_1_805' title='bbox 2389 3506 2505 3548; x_wconf 89' lang='lat' dir='ltr'><strong>bovis</strong></span> <span class='ocrx_word' id='word_1_806' title='bbox 2527 3512 2612 3551; x_wconf 82' lang='lat' dir='ltr'><strong>vul-</strong></span> 
     </span>
     <span class='ocr_line' id='line_1_104' title="bbox 1377 3553 2611 3616; baseline 0.019 -26"><span class='ocrx_word' id='word_1_807' title='bbox 1377 3553 1481 3605; x_wconf 83' lang='lat' dir='ltr'><strong>garis</strong></span> <span class='ocrx_word' id='word_1_808' title='bbox 1499 3554 1718 3595; x_wconf 87' lang='lat' dir='ltr'><strong>maximam</strong></span> <span class='ocrx_word' id='word_1_809' title='bbox 1734 3556 1962 3611; x_wconf 77' lang='lat' dir='ltr'><strong>Abyssiniae</strong></span> <span class='ocrx_word' id='word_1_810' title='bbox 1987 3560 2220 3616; x_wconf 86' lang='lat' dir='ltr'><strong>indigenam</strong></span> <span class='ocrx_word' id='word_1_811' title='bbox 2239 3581 2324 3607; x_wconf 90' lang='lat' dir='ltr'><strong>esse</strong></span> <span class='ocrx_word' id='word_1_812' title='bbox 2349 3579 2486 3611; x_wconf 88' lang='lat' dir='ltr'><strong>censet</strong></span> <span class='ocrx_word' id='word_1_813' title='bbox 2501 3574 2611 3614; x_wconf 87' lang='lat' dir='ltr'><strong>Zim-</strong></span> 
     </span>
     <span class='ocr_line' id='line_1_105' title="bbox 1377 3618 2604 3680; baseline 0.018 -27"><span class='ocrx_word' id='word_1_814' title='bbox 1377 3629 1588 3656; x_wconf 88' lang='lat' dir='ltr'><strong>mermann</strong></span> <span class='ocrx_word' id='word_1_815' title='bbox 1621 3618 1735 3658; x_wconf 91' lang='lat' dir='ltr'><strong>Zool.</strong></span> <span class='ocrx_word' id='word_1_816' title='bbox 1760 3619 1911 3673; x_wconf 87' lang='lat' dir='ltr'><strong>Geogr.</strong></span> <span class='ocrx_word' id='word_1_817' title='bbox 1950 3630 1982 3663; x_wconf 87' lang='lat' dir='ltr'>t.</span> <span class='ocrx_word' id='word_1_818' title='bbox 2015 3625 2056 3674; x_wconf 90' lang='grc' dir='ltr'>Ι,</span> <span class='ocrx_word' id='word_1_819' title='bbox 2087 3639 2130 3680; x_wconf 92' lang='lat' dir='ltr'>p.</span> <span class='ocrx_word' id='word_1_820' title='bbox 2171 3627 2264 3669; x_wconf 83' lang='lat'>156.</span> <span class='ocrx_word' id='word_1_821' title='bbox 2301 3649 2317 3665; x_wconf 67' lang='lat' dir='ltr'>u</span> <span class='ocrx_word' id='word_1_822' title='bbox 2349 3632 2604 3676; x_wconf 69' lang='lat' dir='ltr'><strong>Scmvmnmz.</strong></span> 
     </span>
     <span class='ocr_line' id='line_1_106' title="bbox 1372 3678 2605 3747; baseline 0.019 -32"><span class='ocrx_word' id='word_1_823' title='bbox 1372 3678 1533 3717; x_wconf 87' lang='lat' dir='ltr'><strong>Taurus</strong></span> <span class='ocrx_word' id='word_1_824' title='bbox 1550 3678 1614 3718; x_wconf 89' lang='lat' dir='ltr'><strong>ille</strong></span> <span class='ocrx_word' id='word_1_825' title='bbox 1636 3679 1864 3735; x_wconf 82' lang='lat' dir='ltr'><strong>Abyssiniae</strong></span> <span class='ocrx_word' id='word_1_826' title='bbox 1893 3682 2030 3736; x_wconf 85' lang='lat' dir='ltr'><strong>ferox,</strong></span> <span class='ocrx_word' id='word_1_827' title='bbox 2053 3701 2176 3742; x_wconf 91' lang='lat' dir='ltr'><strong>quem</strong></span> <span class='ocrx_word' id='word_1_828' title='bbox 2193 3689 2292 3732; x_wconf 90' lang='lat' dir='ltr'><strong>salso</strong></span> <span class='ocrx_word' id='word_1_829' title='bbox 2311 3695 2605 3747; x_wconf 83' lang='lat' dir='ltr'><strong>Agathemerus</strong></span> 
     </span>
     <span class='ocr_line' id='line_1_107' title="bbox 1372 3740 2599 3802; baseline 0.018 -25"><span class='ocrx_word' id='word_1_830' title='bbox 1372 3741 1613 3794; x_wconf 68' lang='grc' dir='ltr'>σαρκοφάγον</span> <span class='ocrx_word' id='word_1_831' title='bbox 1645 3740 1746 3783; x_wconf 87' lang='lat' dir='ltr'><strong>dicit</strong></span> <span class='ocrx_word' id='word_1_832' title='bbox 1782 3745 2059 3802; x_wconf 90' lang='lat' dir='ltr'><strong>cornibusque</strong></span> <span class='ocrx_word' id='word_1_833' title='bbox 2088 3751 2309 3794; x_wconf 90' lang='lat' dir='ltr'><strong>mobilibus</strong></span> <span class='ocrx_word' id='word_1_834' title='bbox 2359 3757 2599 3797; x_wconf 87' lang='lat' dir='ltr'><strong>instructum</strong></span> 
     </span>
     <span class='ocr_line' id='line_1_108' title="bbox 1371 3799 2124 3853; baseline 0.019 -15"><span class='ocrx_word' id='word_1_835' title='bbox 1371 3799 1590 3850; x_wconf 82' lang='lat' dir='ltr'><strong>fabulatur,</strong></span> <span class='ocrx_word' id='word_1_836' title='bbox 1616 3801 1740 3844; x_wconf 90' lang='lat' dir='ltr'><strong>hodie</strong></span> <span class='ocrx_word' id='word_1_837' title='bbox 1759 3815 1929 3848; x_wconf 89' lang='lat' dir='ltr'><strong>vocatur</strong></span> <span class='ocrx_word' id='word_1_838' title='bbox 1951 3811 2124 3853; x_wconf 71' lang='lat' dir='ltr'><strong>Gouclaet.</strong></span> 
     </span>
    </p>

    <p class='ocr_par' dir='ltr' id='par_1_38' title="bbox 1366 3863 2597 4058">
     <span class='ocr_line' id='line_1_109' title="bbox 1425 3863 2597 3932; baseline 0.015 -30"><span class='ocrx_word' id='word_1_839' title='bbox 1425 3864 1537 3913; x_wconf 70' lang='lat'><strong>577,</strong></span> <span class='ocrx_word' id='word_1_840' title='bbox 1558 3863 1628 3905; x_wconf 89' lang='lat' dir='ltr'><strong>lin.</strong></span> <span class='ocrx_word' id='word_1_841' title='bbox 1655 3878 1719 3907; x_wconf 93' lang='lat'>10.</span> <span class='ocrx_word' id='word_1_842' title='bbox 1747 3867 1824 3908; x_wconf 82' lang='grc' dir='ltr'>ὅτι</span> <span class='ocrx_word' id='word_1_843' title='bbox 1850 3869 1923 3911; x_wconf 85' lang='grc' dir='ltr'>ὁ...</span> <span class='ocrx_word' id='word_1_844' title='bbox 1952 3871 2087 3927; x_wconf 81' lang='grc' dir='ltr'>ὄνομ.</span> <span class='ocrx_word' id='word_1_845' title='bbox 2119 3890 2262 3929; x_wconf 86' lang='grc' dir='ltr'>κροκ,</span> <span class='ocrx_word' id='word_1_846' title='bbox 2287 3875 2390 3917; x_wconf 80' lang='grc' dir='ltr'>ἐστὶ</span> <span class='ocrx_word' id='word_1_847' title='bbox 2410 3878 2597 3932; x_wconf 78' lang='grc' dir='ltr'>μὲν]5ἰο</span> 
     </span>
     <span class='ocr_line' id='line_1_110' title="bbox 1366 3925 2595 3993; baseline 0.016 -31"><span class='ocrx_word' id='word_1_848' title='bbox 1366 3925 1436 3963; x_wconf 88' lang='grc' dir='ltr'>ΑΒ</span> <span class='ocrx_word' id='word_1_849' title='bbox 1453 3932 1492 3963; x_wconf 91' lang='lat' dir='ltr'>et</span> <span class='ocrx_word' id='word_1_850' title='bbox 1506 3939 1600 3979; x_wconf 78' lang='lat' dir='ltr'><strong>ingo</strong></span> <span class='ocrx_word' id='word_1_851' title='bbox 1616 3927 1674 3977; x_wconf 91' lang='lat' dir='ltr'>C;</span> <span class='ocrx_word' id='word_1_852' title='bbox 1693 3928 1752 3970; x_wconf 82' lang='grc' dir='ltr'>ὅτι</span> <span class='ocrx_word' id='word_1_853' title='bbox 1768 3946 1827 3986; x_wconf 86' lang='grc' dir='ltr'>κρ.</span> <span class='ocrx_word' id='word_1_854' title='bbox 1853 3930 1932 3973; x_wconf 75' lang='grc' dir='ltr'>ἐστὶ</span> <span class='ocrx_word' id='word_1_855' title='bbox 1954 3933 2020 3988; x_wconf 84' lang='grc' dir='ltr'>μὲν</span> <span class='ocrx_word' id='word_1_856' title='bbox 2044 3935 2205 3990; x_wconf 82' lang='grc' dir='ltr'>ὀνομαζ.</span> <span class='ocrx_word' id='word_1_857' title='bbox 2229 3938 2262 3978; x_wconf 89' lang='lat' dir='ltr'>C</span> <span class='ocrx_word' id='word_1_858' title='bbox 2283 3946 2323 3977; x_wconf 89' lang='lat' dir='ltr'>et</span> <span class='ocrx_word' id='word_1_859' title='bbox 2343 3939 2477 3992; x_wconf 89' lang='lat' dir='ltr'><strong>vulgo.</strong></span> <span class='ocrx_word' id='word_1_860' title='bbox 2505 3941 2520 3993; x_wconf 80' lang='grc' dir='ltr'>ΙΙ</span> <span class='ocrx_word' id='word_1_861' title='bbox 2538 3964 2595 3973; x_wconf 89' lang='lat'>—-</span> 
     </span>
     <span class='ocr_line' id='line_1_111' title="bbox 1370 3985 2592 4058; baseline 0.016 -34"><span class='ocrx_word' id='word_1_862' title='bbox 1370 3985 1433 4025; x_wconf 84' lang='lat'>13.</span> <span class='ocrx_word' id='word_1_863' title='bbox 1460 3985 1682 4042; x_wconf 82' lang='grc' dir='ltr'>ἄκρων...</span> <span class='ocrx_word' id='word_1_864' title='bbox 1713 3992 1917 4049; x_wconf 47' lang='grc' dir='ltr'>ἅλιλων]</span> <span class='ocrx_word' id='word_1_865' title='bbox 1946 3995 2188 4052; x_wconf 81' lang='grc' dir='ltr'>ἀκροπόδων·</span> <span class='ocrx_word' id='word_1_866' title='bbox 2227 3998 2341 4040; x_wconf 82' lang='grc' dir='ltr'>ἐσθίει</span> <span class='ocrx_word' id='word_1_867' title='bbox 2373 3999 2413 4040; x_wconf 83' lang='grc' dir='ltr'>δὲ</span> <span class='ocrx_word' id='word_1_868' title='bbox 2445 4001 2592 4058; x_wconf 86' lang='grc' dir='ltr'>θαυμα-</span> 
     </span>
    </p>

    <p class='ocr_par' dir='ltr' id='par_1_39' title="bbox 2380 4079 2416 4110">
     <span class='ocr_line' id='line_1_112' title="bbox 2380 4079 2416 4110; baseline 0.056 -2"><span class='ocrx_word' id='word_1_869' title='bbox 2380 4079 2416 4110; x_wconf 88' lang='lat'>11</span> 
     </span>
    </p>
   </div>
  </div>
 </body>
</html>
