2782 4348
0 132 20 269 g
129 183 221 245 (⁵4.)

0 0 34 126 3

1053 199 1130 245 DE
1163 201 1322 249 MA'Rt
1356 206 1720 257 ERYTHRAEO.

0 287 108 335 Phot.
123 288 329 335 θάλατταν
353 293 564 350 διηθεῖται,
588 293 749 346 στενοὺς
771 294 918 357 ἔχοντα
937 298 1099 360 πόρους,
1122 304 1166 346 οὗ
1183 304 1352 363 γλυκέος

121 355 289 419 ὕδατος,
315 360 422 406 ἀλλὰ
459 369 609 422 πικρᾶς
645 362 868 424 ἁλμυρίδος
897 384 941 410 τε
960 368 1031 412 καὶ
1067 374 1203 431 πηγῆς
1231 373 1349 435 φύσιν

119 426 292 487 ἐχούσης
310 427 512 484 τοιαύτην.
579 423 684 476 Εἶτα
702 433 782 477 ἀπὸ
801 437 873 490 τῆς
897 435 1043 495 λίμνης
1059 441 1347 500 συμὸέὸληκεν

117 497 138 539 ὁ
163 497 330 552 Νεῖλος,
354 498 498 558 ὀχετοῦ
522 498 588 543 διὰ
615 503 735 546 τινῶν
760 504 1037 565 ἀραιωμάτων
1057 509 1196 569 εἷςῖτὸν
1217 514 1347 559 κοιλό-

70 583 90 611 5
114 582 235 610 τατον
259 565 519 627 ὑπερθέοντος
541 567 682 613 τόπον.

175 648 231 678 81.
259 633 443 690 Πλησίον
464 635 506 681 δὲ
526 640 597 694 τῆς
620 638 768 697 λίμνης
790 642 998 704 εὖμεγέθει
1020 647 1149 710 πεδίῳ
1171 649 1346 710 βεὸηκὸς

111 699 200 760 ὅρος
224 699 489 764 ἀναφαίνεται
517 707 738 765 μιλτῶδες,
766 708 896 766 ἄλλην
917 710 991 770 μὲν
1014 716 1206 780 οὐδεμίαν
1242 722 1342 765 ὑπο·

110 768 287 815 δεικνύον
307 770 516 835 ἰδιότητα,
539 775 684 837 χροιὰν
710 777 751 822 δὲ
766 779 959 837 τοιαύτην
980 782 1062 828 ἀπὸ
1074 788 1146 840 τ’ῆς
1165 792 1343 851 κορυφῆς

106 837 308 897 ’σημαῖνον
331 844 404 897 τῆς
428 841 577 906 ἄκρας,
605 844 712 891 ὥστε
738 851 819 893 τῶν
842 850 1105 905 ἀτενιζόντων
1125 855 1198 907 τὰς
1231 856 1343 920 ὄψεις

43 923 82 954 10
105 907 172 952 ἐπὶ
207 908 328 955 πλέον
354 911 624 973 βλάπτεσθαι,
693 915 866 980 Ἐφεξῆς
898 920 940 965 δὲ
966 923 1092 983 λιμὴν
1125 925 1254 987 μέγας
1269 929 1341 973 ἐκ-

2565 248 2649 287 167

1422 316 1586 359 sublimi
1602 329 1718 374 petra
1742 323 1787 364 in
1808 338 1920 367 mare
1942 328 2227 381 percoluntur,
2250 347 2339 387 quae
2368 351 2558 392 angustos
2580 347 2651 390 ha-

1422 382 1522 424 bent
1538 395 1694 428 meatus
1716 403 1801 430 non
1814 390 1945 432 dulcis
1960 408 2090 448 aquae,
2109 397 2180 436 sed
2196 413 2345 442 amarae
2358 406 2592 461 salsilaginis
2612 427 2651 456 et

1420 451 1545 494 fontis
1557 456 1677 497 talem
1689 460 1824 501 sortiti
1836 470 2042 505 naturam.
2088 467 2186 507 Post
2199 467 2333 511 laeum
2346 472 2494 518 deinde
2509 481 2651 525 obvius
2710 468 2714 474 Ι

1418 530 1479 562 est
1495 524 1628 575 Nilus,
1646 526 1747 567 dum
1761 530 1874 571 rivus
1889 531 1976 586 ejus
1990 548 2064 588 per
2074 535 2163 576 laxa
2175 545 2215 577 et
2233 543 2451 596 spongiosa
2465 550 2651 600 quaedam

1418 590 1462 630 in
1485 590 1622 633 locum
1637 596 1815 638 maxime
1832 599 2031 642 humilem
2044 612 2085 644 et
2099 619 2326 650 concavum
2346 620 2602 661 transcurrit.

1475 660 1524 699 81
1536 692 1544 701 .
1561 663 1696 717 Prope
1721 663 1856 707 lacum
1878 668 1921 708 in
1942 684 2089 725 campo
2108 675 2286 728 spatioso
2304 693 2423 722 mons
2441 698 2651 741 assurgere

1415 724 1579 767 videtur
1597 728 1849 783 rubricosus,
1872 736 1958 789 qui,
1983 746 2030 777 ut
2046 739 2149 780 nihil
2174 742 2285 785 aliud
2306 749 2496 792 exhibeat
2510 755 2650 810 singu-

1414 793 1512 846 lare,
1536 795 1742 852 ejusmodi
1761 810 1899 844 tamen
1921 806 2102 849 colorem
2122 824 2146 851 a
2160 825 2323 856 summo
2345 822 2494 862 vertice
2513 834 2648 868 osten-

1414 862 1491 915 dit,
1508 873 1555 906 ut
1577 868 1685 909 oculi
1700 870 1856 913 intente
1871 873 1922 914 ad
1946 882 2108 931 tempus
2126 887 2410 928 contuentium
2428 889 2642 937 laedantur.

1412 933 1522 974 Hinc
1543 945 1688 990 portus
1707 940 1859 996 excipit
1881 957 2069 998 magnuS,
2089 949 2159 1001 qui
2175 951 2310 1004 primo
2324 956 2441 1011 Myos
2458 959 2642 1014 hormos,

0 1114 88 1153 )i0d.
104 1107 174 1168 τὰς
198 1110 403 1168 ἰδιότητας
426 1114 599 1177 διέξιμεν
614 1138 624 1148 ·
654 1123 814 1182 πρῶτον

29 1334 67 1364 15

104 976 289 1037 δέχεται,
310 978 355 1032 ὃς
377 981 572 1046 πρότερον
591 984 666 1044 μὲν
689 987 802 1040 Μυὸς
816 990 1000 1038 ἐκαλεῖτο
1023 991 1168 1056 ὅρμος,

1199 995 1340 1043 ἔπειτα
1410 1000 1439 1041 i.
1472 1016 1508 1042 e.
1533 1004 1666 1045 Muris
1687 1016 1847 1062 portUS,
1882 1020 2023 1066 postea
2044 1022 2181 1057 autem
2204 1019 2378 1064 Veneris
2408 1036 2551 1081 portus
2573 1046 2645 1087 ap·

620 1082 2135 1116 R

838 1122 880 1167 δὲ
903 1125 1117 1186 ληψόμεθα
1141 1127 1187 1174 τὸ
1212 1129 1336 1183 δεξιὸν

100 1178 219 1242 μέρος
236 1216 248 1238 ,
274 1175 320 1226 οἷ
337 1182 411 1239 τὴν
435 1189 646 1249 παραλίαν
670 1193 750 1236 τῶν
771 1195 1077 1255 Τρωγλοδυτῶν
1094 1196 1186 1257 ἔθνη
1206 1200 1338 1261 νέμε-
1405 1224 1581 1263 memuS‚
1607 1229 1732 1269 quam
1749 1219 2096 1278 Troglodytarum
2116 1236 2255 1280 gentes
2280 1231 2333 1272 ad

99 1266 165 1292 ται
193 1249 316 1313 μέχρι
339 1257 411 1309 τῆς
431 1256 602 1318 ἐρήμου.

159 1317 256 1364 Ἀπὸ
293 1322 453 1376 πόλεως
485 1325 618 1373 τοίνυν
658 1328 867 1391 Ἀρσινόης
908 1337 1188 1395 κομιζομένοις
1218 1341 1333 1403 παρὰ

27 1410 30 1411 ⁷
95 1385 168 1440 τὴν
193 1387 325 1441 δεξιὰν
358 1391 526 1455 ἤπειρον
559 1396 750 1443 ἐκπίπτει
789 1400 896 1446 κατὰ
920 1405 1095 1459 πολλοὺς
1117 1407 1262 1462 τόπους
1287 1413 1332 1457 ἐκ

95 1455 246 1518 πέτρας
269 1461 324 1510 εἰς
348 1460 554 1510 θάλατταν
585 1464 713 1512 ὕδατα
738 1470 874 1515 πολλὰ
891 1508 903 1531 ,
927 1482 1075 1536 πικρᾶς
1112 1477 1330 1542 ἁλμυρίδος

92 1524 238 1586 ἔχοντα
262 1532 415 1588 γεῦσιν.

157 1610 214 1640 81.
239 1598 566 1662 Παραδραμόντι
585 1603 628 1649 δὲ
653 1604 726 1658 τὰς
750 1608 887 1669 πηγὰς
918 1611 1069 1665 ταύτας
1089 1616 1326 1680 ὖπέρκειται

27 1682 68 1711 20
93 1664 273 1725 μεγάλου
294 1668 434 1715 πεδίου
451 1673 636 1731 μιλτώδη
663 1675 794 1738 χρόαν
813 1678 906 1740 ἔχον
930 1681 1019 1743 ὅρος
1037 1683 1108 1730 καὶ
1131 1686 1206 1743 τὴν
1222 1688 1326 1753 ὅρα-

91 1751 152 1778 σιν
177 1737 258 1779 τῶν
277 1736 345 1782 ἐπὶ
361 1741 501 1785 πλεῖον
526 1744 787 1798 ἀτενιζόντων
818 1749 874 1800 εἷς
892 1751 991 1796 αὐτὸ
1009 1753 1323 1817 λυμαινόμενον.

89 1801 196 1848 Ὑπὸ
218 1803 259 1849 δὲ
279 1804 352 1858 τὰς
377 1810 572 1870 ἐσχατιὰς
597 1816 672 1869 τῆς
701 1817 904 1878 ὑπωρείας
926 1823 1059 1867 κεῖται
1080 1823 1206 1885 λιμὴν
1227 1846 1324 1875 σκο-

86 1870 169 1915 λιὸν
186 1872 292 1934 ἔχων
310 1876 377 1920 τὸν
396 1878 603 1938 εἴσπλουν,
622 1884 836 1945 ἐπώνυμος
854 1887 1101 1951 Ἀφροδίτης.
1168 1894 1323 1962 ’Υπέρ-

82 2111 294 2155 Letronnii
318 2117 619 2175 Droyseniique
637 2127 839 2167 sententia
873 2127 954 2183 (V.
985 2140 1073 2173 not.
1099 2134 1153 2174 ad
1172 2136 1316 2190 fragm.

80 2175 267 2232 Artem.)
302 2178 318 2232 Η
337 2203 394 2210 —
408 2194 447 2221 2.
470 2181 492 2221 ἅ
505 2182 530 2222 λ
543 2199 570 2237 μ
582 2199 603 2223 υ
617 2200 636 2239 ρ
650 2186 693 2225 ίδ
706 2202 727 2227 0
741 2189 772 2242 ς]
792 2188 1025 2245 ἁλμυριάδος
1048 2197 1100 2235 Α.
1120 2197 1182 2238 Cf.
1202 2202 1321 2240 Arte-

80 2235 266 2278 midorus
287 2238 313 2280 l.
337 2240 362 2280 l.
394 2254 403 2281 2
430 2241 516 2283 εἶτα
540 2245 690 2301 θερμῶν
721 2248 869 2291 ὑδάτων
895 2251 1056 2303 ἐκδολὰς
1075 2264 1218 2313 πικρῶν
1253 2263 1318 2303 καὶ

81 2294 259 2352 ἁλμυρῶν
276 2301 373 2342 κατὰ
389 2305 521 2359 πέτρας
541 2307 643 2356 τινὸς
663 2309 810 2364 ὓψηλῆς
836 2312 1063 2358 ἐκδιδόντων
1094 2318 1144 2367 εἰς
1162 2319 1231 2372 τὴν
1251 2324 1318 2363 θά-

80 2357 241 2402 λασσαν.
279 2365 377 2404 Haec
411 2367 463 2407 ad
507 2379 646 2411 nostra
677 2375 869 2427 proxime
906 2379 1133 2432 accedunt3
1181 2386 1317 2427 minus

79 2433 267 2481 accurate
307 2428 517 2470 Diodorus
553 2437 768 2490 excerpsit.
809 2440 960 2481 Fontes
981 2457 1097 2497 aquae
1124 2445 1235 2487 salsae
1277 2458 1318 2490 et

75 2496 223 2526 amarae
243 2487 286 2527 in
305 2496 391 2530 tota
412 2492 703 2549 Troglodytica
718 2497 949 2553 frequentes
964 2513 1061 2544 sunt
1075 2521 1086 2555 3
1104 2515 1145 2546 at
1159 2507 1212 2548 de
1227 2508 1316 2550 fon-

75 2545 184 2587 tibus
203 2548 358 2601 calidis,
384 2554 522 2607 quales
539 2557 691 2599 Noster
705 2559 914 2615 describit,
931 2565 975 2605 in
990 2567 1181 2623 AEgyptio
1196 2570 1316 2614 litore

72 2608 186 2648 sinus
206 2611 502 2668 Heroopolitici
523 2619 627 2661 nihil
646 2633 907 2679 compertum
926 2627 1074 2679 habeo,
1097 2632 1176 2672 nisi
1201 2636 1315 2688 quod

71 2669 191 2712 affert
202 2674 439 2718 Gosselinus
452 2687 483 2720 t.
500 2682 556 2731 H,
578 2697 620 2737 p.
637 2686 689 2725 83
710 2698 720 2726 :
749 2706 766 2722 κ
787 2689 866 2728 Sur
881 2689 918 2730 la
937 2691 1028 2733 cote
1044 2695 1310 2749 occidentale,

74 2747 164 2774 vers
186 2734 223 2775 le
245 2740 318 2791 29e
334 2738 458 2794 degre
477 2751 517 2783 et
536 2743 647 2786 demi
667 2755 707 2787 et
723 2746 743 2788 ὲ
760 2749 1072 2795 l’embouchure
1094 2756 1153 2798 du
1179 2760 1313 2801 vallon

70 2796 142 2850 qui
171 2798 344 2841 conduit
352 2800 550 2858 jusqu’au
566 2808 659 2859 Nil,
686 2818 745 2851 est
763 2826 846 2853 une
864 2825 1088 2871 montagne
1109 2819 1210 2862 d’ou
1225 2833 1312 2865 sort

74 2871 129 2898 un
153 2867 311 2902 torrent
330 2862 452 2904 d’eau
480 2866 655 2920 chaude,
691 2871 827 2915 amere
850 2884 890 2917 et
912 2877 1016 2920 salee
1029 2911 1041 2930 ,
1074 2881 1179 2924 dont
1203 2887 1310 2939 Aga-

73 2919 286 2963 tharchide
302 2955 313 2974 ‚
342 2927 604 2971 Artemidore
623 2941 663 2973 et
686 2935 870 2978 Diodore
899 2949 973 2981 ont
994 2943 1106 2997 parle
1120 2977 1131 2995 ,
1166 2955 1206 2987 et
1230 2962 1311 3002 que

71 2981 107 3022 le
128 2985 174 3023 P.
207 2986 336 3027 Sicart
363 2987 600 3044 (Missions
622 2994 680 3036 du
698 3000 880 3050 Levant,
907 3011 1010 3045 tom.
1034 3007 1089 3057 V,
1123 3022 1165 3062 p.
1196 3012 1308 3065 286)

70 3058 95 3084 a
116 3051 334 3091 rencontre
358 3050 460 3093 dans
483 3069 545 3095 ses
576 3071 756 3101 courses.
797 3083 814 3098 ι»
843 3067 940 3117 Quo
962 3070 1200 3112 testimonio
1230 3074 1307 3114 im-

69 3106 214 3159 pedior
237 3125 290 3151 ne
314 3113 428 3155 sinus
447 3115 551 3158 latus
570 3120 820 3165 occidentale
842 3127 1044 3171 confundi
1060 3131 1196 3175 dicam
1212 3150 1307 3178 cum

27 3184 32 3189 ·
69 3166 191 3210 latere
211 3174 413 3217 orientali.
441 3178 504 3219 Ibi
529 3183 640 3223 enim
664 3186 975 3243 quadringentis
1001 3193 1052 3234 ab
1078 3195 1178 3238 hod.
1208 3203 1307 3240 Suez

68 3229 211 3272 >stadiis
242 3238 366 3277 maris
395 3248 455 3280 est
475 3256 656 3286 recessus
684 3246 849 3302 (Birkec
873 3255 1066 3296 Faraoun
1089 3259 1173 3300 sive
1192 3261 1305 3304 lacus

71 3291 346 3350 Pharaonis),
361 3302 427 3341 cui
442 3302 598 3358 adjacet
614 3309 741 3351 Wadi
752 3314 906 3365 Far-an,
925 3331 1016 3371 quae
1029 3320 1141 3361 vallis
1158 3338 1303 3379 rupem

73 3352 193 3395 habet
214 3355 377 3401 duobus
399 3378 422 3403 e
437 3363 708 3411 foraminibus
730 3372 873 3418 decem
894 3379 1019 3433 pedes
1039 3397 1163 3439 supra
1180 3390 1303 3429 maris

70 3430 212 3470 aequor
239 3419 352 3462 elatis
374 3425 617 3481 sulphureos
631 3434 890 3480 exhalantem
913 3456 1083 3498 vapores
1097 3478 1109 3497 ,
1131 3448 1302 3491 inferius

71 3487 207 3520 autem
232 3484 354 3525 variis
383 3502 405 3527 e
422 3488 521 3531 locis
546 3507 670 3548 aquas
686 3499 940 3544 emittentem
963 3514 1046 3548 tam
1063 3510 1212 3552 calidas
1227 3546 1238 3563 ,
1256 3524 1303 3555 ut

66 3541 199 3595 digito
211 3546 321 3598 tangi
336 3561 554 3603 nequeant.
568 3557 755 3600 Vocatur
768 3561 961 3606 balneum
977 3569 1153 3612 calidum
1169 3576 1300 3617 Ham-

70 3618 178 3644 mam
194 3608 400 3649 Faraoun.
418 3612 474 3652 V.
499 3616 644 3668 Ritter,
661 3620 759 3671 XII,
779 3637 821 3677 p.
849 3638 940 3679 170.
959 3630 1077 3682 XIV,
1095 3648 1138 3688 p.
1158 3639 1254 3689 763.
1278 3641 1294 3693 ΙΙ

68 3687 125 3695 —
147 3665 188 3705 3.
205 3664 296 3707 εἶτ’
325 3667 416 3710 ἀπὸ
453 3676 536 3725 τῆς
565 3676 750 3733 λίμνης
771 3687 1116 3742 συμὸέὸληκεν
1140 3696 1160 3736 ὃ
1190 3699 1299 3740 Νεῖ-

66 3725 124 3766 λο
138 3743 166 3774 ς.
185 3729 199 3782 ]
220 3730 455 3784 συμ6έ6ηκεν
467 3737 590 3778 codd.
609 3742 702 3791 AC;
720 3742 871 3787 deinde
887 3747 1121 3805 ἀρεωμάτων
1135 3759 1229 3801 cod.
1246 3763 1293 3804 C.

66 3788 180 3830 Nihil
202 3790 254 3832 de
277 3792 340 3832 his
366 3796 475 3850 apud
497 3799 730 3844 Diodorum
748 3814 789 3846 et
810 3809 1145 3868 Artemidorum
1168 3835 1300 3877 neque

68 3851 240 3894 Photius
255 3854 454 3910 integram
473 3864 651 3904 auctoris
669 3870 946 3913 narrationem
963 3875 1157 3931 reddidit,
1171 3898 1298 3938 quum

70 3913 204 3954 nullus
216 3915 258 3955 in
273 3925 429 3961 antece.
449 3934 699 3967 memoretur
712 3927 836 3981 lacus,
848 3941 940 3987 post
951 3949 1071 3990 quem
1079 3938 1163 3993 jam
1178 3946 1300 3988 refert

71 3976 304 4029 συμὸάλλειν
321 3979 387 4022 τὸν
404 3982 565 4026 Νεῖλον.
582 3988 755 4030 Tractus
769 3991 833 4033 his
847 3993 944 4035 locis
956 3999 1220 4053 assignandus
1238 4018 1298 4049 sat

70 4048 265 4091 angustus
285 4042 599 4101 relinqueretur,
617 4051 649 4091 si
661 4053 950 4108 Myoshormus
965 4070 1108 4115 portus
1128 4080 1176 4107 ex
1193 4071 1298 4124 Aga-

1407 1142 1664 1188 censebimus
1677 1162 1689 1197 ;
1711 1161 1759 1188 ac
1777 1149 1896 1191 initio
1911 1151 2100 1195 dextram
2129 1155 2216 1210 ejus
2235 1174 2350 1203 oram
2379 1165 2498 1208 nobis
2521 1169 2642 1211 desu-

2365 1244 2493 1278 vastas
2512 1254 2642 1296 usque

1404 1279 1646 1334 solitudines
1661 1286 1908 1332 inhabitant.

1369 1457 1372 1460 .
1400 1419 1536 1458 nentis
1562 1420 1681 1464 litora
1699 1423 1928 1479 legentibus
1947 1431 2083 1473 crebri
2107 1434 2297 1489 plurimis
2317 1440 2360 1480 in
2389 1441 2489 1484 locis
2508 1445 2640 1489 fontes

1399 1499 1421 1524 e
1439 1488 1567 1540 petris
1599 1490 1643 1530 in
1673 1506 1787 1534 mare
1812 1498 2129 1554 praecipitantes,
2154 1518 2296 1547 amaro
2319 1508 2556 1566 salsilaginis
2579 1531 2640 1558 sa-

1397 1566 1513 1607 pore,
1536 1570 1778 1602 occurrunt.

1455 1625 1523 1665 81.
1548 1627 1831 1671 Praetercursis
1849 1631 1913 1673 his
1940 1633 2123 1679 fontibus
2146 1654 2266 1683 mons
2281 1653 2396 1686 vasto
2418 1648 2637 1693 imminens

1398 1730 1544 1772 campo
1567 1728 1606 1761 et
1634 1722 1837 1766 rubricosi
1867 1727 2015 1770 coloris
2048 1732 2236 1787 offertur,
2271 1737 2387 1793 cujus
2422 1742 2635 1786 intentiori

1396 1822 1588 1862 contuitu
1603 1825 1710 1865 oculi
1728 1827 1958 1871 videntium
1977 1833 2264 1879 offenduntur.
2325 1843 2531 1886 Extremis
2550 1849 2636 1902 ejus

1394 1906 1604 1951 radicibus
1624 1922 1770 1966 portus
1790 1920 1966 1960 tortuosi
1986 1921 2206 1976 ingressus,
2229 1935 2270 1968 et
2289 1929 2464 1971 Veneris
2484 1948 2636 1988 cogno-

374 1995 2622 2061 m

81 2052 333 2103 memorarit,
358 2054 483 2097 altera
500 2072 550 2098 ex
564 2073 652 2100 uno
667 2070 765 2103 nota
779 2064 832 2105 sit
855 2068 1136 2121 Artemidoro,
1157 2088 1247 2127 quae
1261 2086 1321 2118 est
1391 2080 1616 2125 tharchidis
1647 2097 1759 2129 sente

1762 2092 1848 2132 ntia
1868 2095 2087 2147 ponendus
2121 2098 2226 2140 soret
2246 2101 2319 2142 ubi
2340 2107 2478 2159 posuit
2499 2110 2633 2151 Ptole-

1390 2157 1516 2184 maeus
1539 2146 1554 2202 (
1574 2150 1648 2202 27⁰
1667 2150 1781 2207 30').
1815 2156 1912 2207 Quo
1944 2172 2139 2200 concesso
2154 2192 2165 2211 ‚
2198 2162 2332 2205 lacum
2356 2172 2521 2221 putares
2542 2186 2628 2214 esse

1389 2208 1513 2247 marIS
1532 2223 1736 2253 recessum
1752 2214 1805 2254 ad
1819 2231 1956 2270 prom.
1974 2221 2114 2275 Seitije
2128 2225 2277 2266 Ezzeit
2297 2235 2338 2267 et
2359 2231 2445 2270 Ras
2462 2232 2502 2271 el
2514 2234 2628 2275 Gim-

1387 2267 1503 2317 sclze‚
1541 2279 1582 2311 et
1611 2273 1693 2314 Nili
1723 2276 1860 2317 rivum
1883 2279 2022 2322 videre
2043 2283 2182 2326 liceret
2202 2287 2247 2327 in
2280 2290 2408 2337 Wadi
2428 2293 2544 2336 Billi.
2570 2300 2626 2338 At

1388 2327 1442 2368 cf.
1469 2344 1561 2383 quae
1584 2332 1636 2373 de
1655 2336 1736 2376 situ
1753 2339 2011 2392 Myoshormi
2034 2344 2077 2384 in
2094 2360 2185 2400 sqq.
2209 2351 2460 2394 notavimus.

1443 2393 1554 2442 §81‚
1579 2394 1607 2435 l.
1634 2400 1673 2436 6.
1695 2398 1940 2456 βεὸηκὸς]
1965 2403 2042 2457 leg.
2068 2406 2152 2447 vid.
2176 2417 2246 2449 aut
2263 2410 2301 2451 ἐν
2333 2411 2465 2469 εὖμεγ.
2491 2432 2531 2457 π.
2562 2418 2623 2472 βε-

1387 2451 1503 2504 6ηκός
1516 2464 1587 2496 aut
1606 2456 1737 2514 εὖμεγ.
1757 2477 1797 2502 π.
1825 2461 2059 2517 &meseia-463.
2088 2469 2103 2522 {l
2122 2493 2180 2500 —
2197 2484 2261 2511 11.
2287 2473 2359 2513 Μυ
2373 2474 2419 2523 ὸς
2435 2478 2488 2533 ὅρ
2503 2494 2589 2533 μος
2607 2482 2624 2536 ]

1384 2515 1677 2570 Myoshormus
1712 2537 1737 2563 a
1763 2525 1982 2568 Ptolemaeo
2005 2529 2228 2573 collocatur
2259 2546 2332 2590 27⁰
2368 2538 2449 2580 30¹.
2479 2541 2625 2598 Nuper

1385 2585 1523 2618 autem
1542 2580 1620 2620 sub
1651 2585 1724 2637 27⁰
1746 2584 1815 2634 24¹
1831 2587 1963 2630 ruinae
1990 2591 2106 2632 urbis
2135 2594 2310 2650 alicujus
2325 2609 2497 2655 repertae
2526 2615 2623 2647 sunt

1383 2650 1514 2694 prope
1551 2645 1636 2684 Ras
1673 2646 1926 2691 Abouchaar
1966 2651 2050 2708 (V.
2082 2656 2258 2711 Rfippell
2301 2660 2418 2702 Reise
2443 2677 2487 2718 p.
2523 2679 2620 2709 211.

1383 2700 1628 2745 Wilkinson
1657 2707 1701 2748 in
1731 2712 1908 2753 Journal
1930 2713 1986 2766 of
2004 2715 2069 2756 the
2089 2732 2225 2769 geogr.
2256 2735 2340 2763 Soc.
2372 2723 2427 2777 os
2437 2728 2618 2770 London.

1382 2770 1484 2805 tom.
1518 2767 1582 2818 Π,
1612 2782 1656 2823 p.
1691 2769 1757 2812 50.
1791 2774 1944 2829 1832).
1977 2778 2121 2832 Itaque
2146 2780 2405 2835 Myoshormi
2437 2786 2509 2828 has
2537 2805 2622 2831 esse

1382 2825 1575 2881 reliquias
1599 2845 1676 2886 pro
1694 2834 1906 2888 explorato
1926 2837 2070 2880 haberi
2087 2855 2201 2882 nunc
2217 2844 2333 2886 solet.
2352 2849 2480 2902 Quod
2496 2854 2620 2894 ratio-

1381 2902 1477 2929 nem
1492 2890 1682 2935 locorum
1699 2897 1865 2950 attinet,
1884 2902 2083 2944 nonnulla
2101 2918 2124 2944 e
2141 2906 2412 2951 Wilkinsono
2430 2918 2621 2957 transcri-

1379 2950 1477 2992 bere
1492 2954 1609 2997 liceat
1628 2970 1637 2998 ε
1669 2975 1685 2996 α
1702 2960 1793 3001 The
1810 2971 1920 3017 port,
1941 2965 2012 3016 ait,
2030 2966 2063 3006 is
2079 2982 2102 3007 a
2120 2969 2235 3012 small
2253 2970 2347 3027 bay,
2366 2974 2501 3017 which
2519 2993 2618 3019 runs

1380 3013 1520 3055 inland
1549 3026 1591 3058 at
1622 3034 1735 3061 some
1766 3022 1948 3067 distance
1970 3042 2026 3068 on
2056 3029 2126 3070 the
2148 3033 2349 3075 northern
2373 3036 2460 3077 side
2488 3039 2538 3079 of
2551 3041 2618 3081 the

1379 3078 1530 3119 station
1545 3095 1556 3130 3
1575 3081 1673 3122 here
1689 3084 1757 3124 the
1781 3086 1893 3142 ships
1912 3089 2035 3130 could
2054 3091 2143 3132 ride
2157 3102 2198 3133 at
2214 3096 2384 3147 anchor,
2402 3103 2615 3153 protected

1378 3139 1486 3181 from
1501 3143 1570 3183 the
1587 3145 1768 3187 violence
1780 3148 1829 3188 of
1838 3149 1906 3189 the
1921 3166 1987 3191 sea
1998 3153 2080 3194 and
2097 3156 2219 3197 could
2235 3159 2386 3214 quietly
2402 3161 2614 3218 discharge

1377 3202 1485 3243 their
1507 3220 1687 3260 cargoeS,
1707 3210 1842 3250 which
1861 3213 1991 3265 might
2013 3216 2144 3257 either
2158 3218 2209 3258 be
2231 3219 2444 3275 deposited
2469 3227 2611 3269 within

1376 3266 1485 3307 walls
1510 3283 1558 3308 or
1593 3269 1869 3328 immediately
1902 3278 2161 3331 transported
2201 3295 2254 3320 on
2287 3285 2434 3325 camels
2464 3296 2505 3327 to
2543 3291 2612 3332 the

1374 3327 1464 3368 Nile
1484 3328 1554 3384 (v,
1580 3332 1772 3373 Strabon.
1792 3348 1835 3388 p.
1862 3337 1937 3388 781
1961 3336 1993 3392 ).
2014 3339 2104 3379 The
2126 3344 2424 3387 accumulation
2449 3350 2498 3389 of
2509 3354 2610 3394 saud

1375 3392 1626 3448 continually
1652 3394 1796 3435 driven
1816 3397 1904 3437 into
1923 3399 1993 3439 the
2012 3400 2104 3456 bay,
2134 3403 2206 3444 has
2238 3406 2442 3450 rendered
2466 3412 2497 3452 it
2517 3429 2611 3455 now

1373 3466 1419 3492 so
1454 3454 1634 3506 shallow
1666 3457 1753 3497 that
1780 3472 1836 3497 no
1873 3461 1999 3502 vessel
2032 3464 2155 3505 could
2178 3466 2281 3518 float,
2309 3470 2351 3510 in
2386 3472 2418 3512 it
2439 3488 2539 3516 even
2571 3487 2611 3518 at

1373 3513 1471 3568 high
1496 3516 1593 3557 tide.
1614 3518 1702 3558 The
1721 3533 1831 3560 same
1849 3531 1955 3562 most
1975 3523 2138 3579 happen
2159 3535 2202 3568 to
2224 3529 2294 3570 the
2311 3541 2407 3586 port
2436 3535 2486 3575 of
2509 3539 2608 3578 Cos-

1372 3578 1468 3628 seir,
1495 3593 1543 3619 or
1572 3595 1651 3635 any
1683 3582 1802 3622 other
1830 3598 1884 3623 on
1912 3585 1992 3625 this
2026 3587 2148 3630 shore
2184 3592 2202 3644 (
2223 3591 2342 3648 Pliny
2370 3609 2528 3639 assures
2562 3616 2608 3640 us

1371 3639 1486 3681 there
1504 3657 1610 3682 were
1635 3658 1737 3684 once
1759 3659 1882 3701 many
1901 3662 1955 3687 on
1978 3649 2059 3689 this
2081 3651 2168 3693 side
2187 3653 2236 3694 of
2252 3655 2321 3696 the
2340 3671 2405 3698 sea
2422 3662 2460 3711 )‚
2487 3661 2522 3700 is
2540 3663 2606 3702 the

1370 3716 1439 3743 are
1461 3704 1669 3758 neglected
1685 3722 1696 3756 ;
1717 3707 1786 3748 the
1806 3718 1929 3750 water
1949 3711 2139 3756 however
2153 3717 2197 3757 in
2212 3718 2292 3759 this
2315 3719 2393 3775 bay
2409 3723 2440 3761 is
2457 3723 2604 3777 decpcr

1370 3764 1468 3805 than
1485 3781 1563 3821 any
1583 3768 1702 3808 other
1713 3779 1806 3824 part
1822 3771 1945 3814 osthe
1965 3784 2101 3827 coast,
2120 3778 2201 3819 and
2218 3795 2271 3820 on
2288 3796 2366 3821 one
2385 3783 2470 3822 side
2491 3786 2602 3824 thero

1370 3842 1499 3868 seems
1532 3838 1575 3869 to
1603 3830 1654 3871 be
1679 3847 1702 3872 a
1731 3842 1817 3874 sort
1845 3835 1893 3875 os
1921 3836 2110 3890 channel,
2142 3842 2279 3882 where
2309 3844 2377 3882 the
2403 3846 2600 3900 principa!

1370 3899 1537 3931 current
1559 3907 1659 3933 runs
1678 3909 1732 3934 on
1759 3896 1828 3936 the
1851 3897 1930 3939 ebb
1952 3900 2032 3940 and
2054 3902 2147 3942 flow
2169 3904 2218 3943 of
2232 3904 2301 3943 the
2324 3904 2420 3944 tide.
2447 3908 2510 3946 On
2533 3909 2601 3949 the

1370 3953 1565 3993 southern
1589 3954 1676 3996 side
1695 3957 1872 4012 projects
1894 3976 1918 4001 a
1935 3963 2053 4015 point
2072 3964 2121 4003 ol'
2134 3964 2228 4003 land
2257 3965 2404 4015 which,
2436 3975 2476 4007 at
2503 3968 2599 4022 high

1369 4022 1507 4064 water,
1531 4015 1721 4059 becomes
1737 4035 1788 4060 an
1810 4021 1938 4062 island
1952 4053 1963 4073 ,
1985 4023 2065 4062 and
2085 4038 2253 4078 appears
2277 4034 2319 4065 to
2334 4026 2435 4067 have
2454 4031 2596 4073 rende-

1368 4069 1440 4116 red
1460 4077 1528 4118 the
1549 4087 1741 4122 entrance
1763 4091 1805 4123 to
1836 4084 1904 4124 the
1922 4093 2016 4139 port
2043 4086 2263 4128 circuimus
2287 4089 2304 4142 (
2316 4087 2382 4129 τὸν
2414 4089 2595 4136 εἶ’σπλουι·
