2782 4348
115 193 254 256 (³1³2.)

8 276 99 343 «not.
114 300 214 361 πρὸς
236 306 318 355 τοῖς
340 306 564 366 εἰρημένοις
597 307 656 353 ἔτι
689 311 794 368 μηδὲ
828 314 928 377 πρὸς
962 318 1015 364 τὰ
1052 322 1227 384 μέγιστα
1262 332 1344 375 τῶν

29 376 40 380 ’
111 371 210 431 παρ’
233 375 331 431 ἡμῖν
356 375 495 420 δεινῶν
515 376 659 435 ὁμοίαν
683 380 782 439 ἡμῖν
801 380 908 445 ἔχειν
933 386 1008 442 τὴν
1032 389 1202 441 ἔννοιαν.
1229 397 1340 445 Οὔτε

108 437 187 500 γὰρ
228 441 389 503 σίδηρον
423 444 518 487 κατ’
559 445 693 490 αὐτῶν
722 450 991 514 ἐπαιρόμενον
1028 460 1213 525 φεύγειν,
1245 466 1337 514 οὔτε

105 503 437 565 προπηλακισμῷ
468 504 729 566 ἐρεθίζεσθαι,
1147 524 1160 541 ’

99 772 279 833 νεύουσι,
307 781 387 824 τῶν
421 779 463 825 δὲ
498 783 735 843 εἰθισμένων
761 790 963 858 ἀνθρώπῳ

99 842 190 886 οὐδ..
209 841 285 899 τὴν
319 847 541 909 ἐλαχίστην
567 852 747 901 διδόασιν
771 857 943 911 ἔννοιαν.
1011 866 1139 916 ’Όθεν
1171 875 1184 933 (
1204 876 1326 937 φησὶν

33 927 70 957 10
92 913 412 977 ὁσυγγραφεύς)
439 917 566 982 ἔγωγε
591 925 742 983 νομίζω
770 930 874 987 μηδὲ
899 943 1144 1003 χαρακτῆρα
1169 944 1325 1006 εὔγνω-

90 998 181 1024 στον
203 981 310 1045 ἔχειν
337 987 506 1050 αὐτοὺς,
531 992 686 1057 ἐθισμῷ
710 996 752 1042 δὲ
775 1000 848 1046 καὶ
868 1003 1040 1064 νεύματι
1056 1009 1174 1073 ἤχοις
1193 1034 1236 1061 τε
1253 1019 1324 1065 καὶ

88 1056 292 1115 μιμητικῇ
319 1055 496 1110 δηλώσει
517 1060 681 1108 διοικεῖν
699 1066 837 1114 πάντα
861 1071 912 1117 τὰ
932 1076 1034 1138 πρὸς
1057 1080 1124 1125 τὸν
1151 1084 1253 1145 βίον.

994 798 1094 860 πρὸς
1118 803 1329 867 ἄνθρωπον

1054 220 1131 266 DE
1166 196 1326 270 MAm
1361 225 1724 281 ERYTHRAEO.

2038 497 2081 525 se
2113 488 2302 533 strictum
2336 497 2535 553 refugere,
2571 522 2645 550 nec

1409 531 1658 574 contumelia
1679 534 1882 590 injuriave
1900 541 2068 596 irritari,
2087 562 2165 589 nec
2186 550 2365 608 integros
2384 560 2560 607 adversis
2579 584 2644 611 ca-

1407 586 1520 628 sibus
1534 591 1777 640 affectorum
1793 601 1925 645 vicem
1943 604 2105 659 dolere;
2130 611 2201 652 sed
2217 615 2250 654 si
2269 617 2347 659 tale
2362 623 2570 679 quippiam
2593 632 2642 672 ab

1407 647 1644 706 alienigenis
1667 658 1775 701 cirea
1799 677 1870 704 eos
1895 668 2111 724 contingit,
2135 673 2303 719 intentis
2325 683 2492 736 quidem
2516 692 2642 733 oculis

1405 709 1459 751 ad
1482 711 1635 758 factum
1652 722 1893 776 respiciunt,
1909 736 1950 769 et
1971 731 2138 774 crebros
2158 734 2258 779 dant
2273 751 2399 786 nutus
2421 751 2636 806 capitibus,

1403 781 1445 814 et
1465 789 1611 819 eorum
1640 795 1732 836 quae
1762 785 1889 830 homo
1918 791 2025 834 circa
2055 794 2266 843 hominem
2291 803 2421 850 facere
2449 813 2564 865 solet,
2586 832 2638 859 ne

1401 837 1617 882 minimam
1639 845 1809 898 quidem
1828 852 2228 903 animadversionem
2257 868 2455 920 produnt.
2514 878 2636 922 Unde

1400 900 1502 942 mihi
1521 901 1682 960 (inquit
1699 914 1872 967 auctor)
1898 929 1950 956 ne
1979 918 2142 972 signum
2176 926 2343 979 quidem
2373 936 2526 978 notitiae
2546 954 2634 982 cer·

1398 969 1487 1004 tum
1513 965 1690 1020 habere,
1723 972 1796 1014 sed
1831 978 2126 1024 assuefactione
2163 995 2203 1027 et
2235 999 2339 1033 nutu
2365 998 2554 1054 sonisque
2586 1018 2633 1045 ac

1397 1031 1616 1077 imitatrice
1652 1038 1950 1092 significatione
1986 1058 2134 1092 cuncta
2163 1054 2205 1094 in
2237 1058 2319 1099 vita
2347 1062 2630 1110 administrare

1396 1096 1606 1143 videntur.

0 1189 69 1229 iod.
87 1183 390 1246 ὓπερὸάλλουσι
427 1159 2114 1252 munz—‘N-

643 1196 741 1249 ὥςτε
777 1202 834 1261 μὴ
872 1208 1020 1269 ρᾳδίως
1050 1222 1317 1276 πιστευθῆναι

82 1251 150 1296 τὸν
170 1253 306 1314 λόγον.
334 1258 482 1305 Καίτοι
501 1280 547 1322 γε
565 1266 709 1311 πολλοὶ
725 1273 806 1315 τῶν
830 1275 904 1318 ἀπ’
924 1278 1137 1339 Αἰγύπτου
1165 1289 1315 1336 πλεόν-

23 1336 60 1365 15
82 1326 161 1365 των
180 1322 334 1383 διὰτῆς
357 1326 558 1391 Ἐρυθρᾶς
581 1335 783 1395 θαλάττης
802 1339 976 1406 ἔμποροι
1004 1349 1126 1413 μέχρι
1149 1360 1220 1401 τοῦ
1243 1362 1313 1404 νῦν

78 1391 278 1443 πολλάκις
297 1399 679 1456 προσπεπλευκότες
702 1408 803 1469 πρὸς
823 1410 898 1467 τὴν
925 1417 1004 1460 τῶν
1031 1417 1044 1434 ²

123 1457 134 1473 Ι

744 1614 753 1632 Ἰ
846 1618 859 1634 Ι

73 1601 234 1654 μαῖοςό
268 1602 547 1663 φιλοτιμηθεὶς
587 1611 681 1673 περὶ
711 1632 784 1670 την
809 1621 937 1681 θηραν
960 1627 1041 1670 τῶν
1075 1631 1304 1694 ἐλεφάντων

8 1683 49 1712 20
71 1668 151 1710 τῶν
174 1668 268 1732 περὶ
291 1670 365 1727 τὴν
385 1673 526 1736 χώραν
549 1679 704 1750 ταύτην
730 1683 856 1732 ὄντων
880 1689 1104 1761 ἐξέπεμψεν
1133 1700 1203 1749 ἕνα
1221 1709 1301 1752 τῶν

68 1735 210 1796 φίλων,
242 1739 370 1801 ὄνομα
405 1746 607 1807 Σιμμίαν,
632 1758 994 1821 κατασκεψόμενον
1029 1767 1105 1824 τὴν
1137 1772 1297 1837 χώραν.

66 1798 197 1858 Οῧτος
221 1807 263 1853 δὲ
287 1810 392 1870 μετὰ
412 1816 483 1870 τῆς
513 1816 799 1880 ἁρμοττούσης
820 1833 1019 1892 χορηγίας
1052 1839 1299 1898 ἀποσταλεὶς

64 1875 268 1937 ἀκριὸῶς,
319 1879 373 1933 ὥς
406 1901 528 1945 φησιν
579 1887 971 1960 Ἀγαθαρχίδης
1015 1909 1036 1949 ὁ
1083 1910 1297 1966 Κνίδιος

62 1944 488 2015 ἱστοριογράφος,
537 1955 708 2013 ἐξήτασε
738 1965 789 2009 τὰ
833 1970 941 2014 κατὰ
973 1972 1048 2028 τὴν
1087 1982 1294 2041 παραλίαν

0 2028 7 2040 ·
61 2012 168 2069 ἔθνη.
210 2018 350 2073 Φησὶν
387 2014 455 2066 oliv
480 2024 526 2070 τὸ
549 2030 630 2073 τῶν
661 2033 830 2079 ἀπαθῶν
854 2040 1063 2089 Αἰθιόπων
1102 2047 1211 2103 ἔθνος
1246 2053 1293 2098 τὸ

59 2080 224 2130 σύνολον
250 2092 363 2151 ποτῷ
383 2091 440 2150 μὴ
465 2099 660 2156 χρῆσθαι,
681 2104 786 2161 μηδὲ
809 2105 879 2161 τὴν
898 2108 1016 2171 φύσιν
1042 2117 1174 2163 αὐτῶν
1196 2122 1288 2166 ἐπι-

57 2154 189 2207 ζητεῖν
213 2157 277 2201 διὰ
301 2159 375 2211 τὰς
405 2168 704 2226 προειρημένας
732 2174 880 2226 αἰτίας.
912 2182 1103 2230 Καθόλου
1119 2187 1153 2231 δ’
1174 2190 1288 2235 ἀπο-

55 2223 243 2282 φαίνεται
265 2227 362 2286 μήτ’
385 2232 439 2282 εἷς
462 2234 658 2298 σύλλογον
683 2239 874 2302 ἔρχεσθαι
901 2249 1002 2309 πρὸς
1029 2253 1120 2305 τοὺς
1144 2258 1286 2304 ἀλλοε-

53 2295 153 2343 θνεῖς
191 2294 296 2353 μήτε
318 2297 363 2343 τὸ
388 2298 497 2352 ξένον
519 2307 591 2359 τῆς
621 2306 750 2369 ὄψεως
773 2316 853 2358 τῶν
877 2321 1188 2378 προσπλεόντων
1215 2346 1282 2373 κι-

51 2361 130 2404 νεῖν
155 2362 247 2415 τοὺς
267 2368 511 2431 ἐγχωρίους,
536 2375 628 2419 ἀλλ’
643 2378 924 2437 ἐμὸλέποντας
945 2390 1094 2444 ἀτενῶς
1113 2398 1281 2450 ἀπαθεῖς

52 2427 160 2488 ἔχειν
184 2432 253 2475 καὶ
273 2435 488 2491 ἀκινήτους
506 2439 578 2493 τὰς
598 2446 803 2502 αἰσθήσεις
823 2455 877 2506 ὡς
894 2453 943 2500 ἂν
968 2460 1138 2517 μηδενὸς
1162 2483 1279 2528 παρ-

46 2498 171 2551 όντος.
208 2501 318 2548 Οὔτε
341 2504 420 2568 γὰρ
452 2507 561 2570 ξίφος
590 2519 857 2577 σπασαμένου
881 2525 987 2578 τινὸς
1009 2530 1080 2574 καὶ
1104 2538 1278 2597 καταφέ-

47 2584 182 2626 ροντος
200 2571 461 2636 ὑπεξέφυγον,
483 2578 565 2624 οὔθ’
585 2582 702 2646 ὕὸριν
721 2588 812 2635 οὔτε
828 2594 991 2654 πληγὰς
1011 2600 1276 2659 ὑπομένοντες

43 2637 293 2697 ἠρεθίζοντο,
337 2644 384 2689 τό
416 2665 459 2691 τε
485 2650 637 2706 πλῆθος
679 2656 723 2700 οὖ
756 2664 1055 2722 συνηγανάκτει
1078 2670 1161 2722 τοῖς
1182 2672 1275 2717 πά·-

0 2376 29 2403 30

38 2842 214 2908 ἔμφασιν
250 2852 373 2912 ὀργῆς
404 2852 430 2909 ἢ
468 2856 593 2904 πάλιν
635 2864 749 2909 ἐλέου
788 2868 976 2923 διδόντες.
1015 2877 1202 2924 Καθόλου
1227 2882 1268 2927 δὲ

35 2920 117 2966 τοῖς
140 2918 544 2979 ἐκπληκτικωτάτοις
564 2930 704 2985 δεινοῖς
738 2938 1050 2999 περιπίπτοντες
1067 2948 1265 3009 ἠρεμαῖοι

35 2982 229 3044 διέμενον,
255 2991 472 3050 βλέποντες
495 2999 569 3056 μὲν
601 3004 750 3056 ἀτενῶς
774 3009 829 3058 εἷς
854 3009 904 3053 τὰ
936 3017 1262 3081 συντελούμενα,

0 3068 9 3094 ι
31 3055 119 3104 ταῖς
138 3054 179 3100 δὲ
196 3062 394 3121 κεφαλαῖς
413 3065 512 3127 παρ’
532 3066 687 3116 ἕκαστα
714 3074 980 3133 διανεύοντες.

1003 3083 1076 3129 Διὸ
1096 3088 1168 3132 καί
1186 3108 1262 3151 φα-

33 3139 93 3164 σιν
111 3125 254 3178 αὐτοὺς
274 3129 475 3195 διαλέκτῳ
500 3135 575 3193 μὲν
600 3139 656 3198 μὴ
675 3147 872 3204 χρῆσθαι,

893 3158 1099 3216 μιμητικῇ
1121 3156 1163 3201 δὲ
1187 3160 1259 3215 δη-

29 3189 150 3235 λώσει
173 3194 239 3238 διὰ
273 3201 352 3244 τῶν
379 3207 527 3264 χειρῶν
558 3207 843 3271 διασημαίνειν
867 3216 1024 3265 ἕκαστα
1051 3227 1130 3269 τῶν
1159 3229 1258 3290 πρὸς

27 3257 100 3313 τὴν
126 3262 265 3323 χρείαν
283 3266 528 3325 ἀνηκόντων.

89 3396 109 3444 g
132 3399 201 3446 41,
222 3397 250 3438 Ι.
276 3413 316 3441 2.
350 3403 482 3447 δεινῶν
513 3408 650 3464 ὁμοίαν
676 3413 771 3471 ἡμῖν
806 3434 890 3462 om.
916 3426 1081 3479 A.11—
1115 3436 1154 3471 6.
1189 3433 1254 3472 οὗ·

24 3457 108 3509 τοι]
147 3460 209 3508 Α;
245 3460 330 3503 οὔτε
370 3480 461 3520 vgo.
489 3471 585 3524 11—
616 3490 654 3529 7.
700 3480 849 3538 πυκνὰ]
879 3492 1011 3543 πυκνῷ
1046 3505 1138 3545 vgo.
1162 3496 1254 3547 ΙΙ-

24 3519 62 3557 8.
82 3516 269 3576 ἀνθρώπῳ
287 3525 377 3579 πρὸς
397 3529 595 3585 ἄνθρωπον
611 3539 627 3592 ]
654 3538 866 3596 ἀνθρώποις
882 3549 930 3588 Β.
952 3551 1164 3596 Simmiam
1180 3572 1251 3599 ex-

20 3578 282 3634 ploratorem,
301 3586 416 3641 cujus
432 3593 640 3639 Diodorus
656 3605 858 3656 meminit,
875 3610 1054 3654 eundem
1077 3630 1163 3658 esse
1180 3633 1249 3661 su-

19 3642 164 3694 spicari
181 3643 273 3686 licet
287 3661 381 3690 cum
393 3666 456 3702 eo,
479 3670 600 3709 quem
613 3661 827 3717 Περίπλουν
848 3671 1055 3726 scripsisse
1070 3678 1126 3718 ait
1138 3681 1249 3722 Mar-

18 3703 157 3744 cianus
183 3720 226 3761 p.
254 3722 331 3750 112
350 3712 415 3753 ed.
435 3716 583 3760 Miller.
609 3724 795 3767 Fortasse
812 3730 1000 3774 Simmias
1015 3751 1099 3779 non
1119 3744 1246 3786 modo

15 3765 210 3820 Libycam
226 3785 340 3813 oram
359 3784 472 3818 extra
490 3778 624 3823 fauces
641 3786 775 3840 sitam,
795 3792 865 3832 sed
882 3796 1098 3842 Arabicam
1121 3806 1243 3848 etiam

13 3829 251 3882 exploravit.
277 3836 339 3875 Ac
355 3840 492 3880 nescio
510 3856 562 3884 an
584 3845 665 3886 huc
685 3852 915 3903 pertineant
931 3871 1020 3911 quae
1034 3864 1143 3916 apud
1165 3868 1244 3908 Pli-

12 3889 125 3931 nium
151 3894 253 3945 (IX,
276 3899 333 3951 2)
351 3897 543 3954 leguntur
564 3918 574 3946 :
599 3909 757 3951 Cadara
773 3914 843 3966 (in
857 3916 950 3958 sinu
971 3922 1148 3976 Persico,
1167 3929 1238 3971 ubi

10 3948 163 4008 Καδάρα
185 3957 283 3997 urbs
298 3967 338 4000 et
359 3961 508 4006 fluvius
524 3981 590 4023 ap.
611 3971 783 4015 Ptolem.
799 3977 873 4028 VI,
900 3993 939 4033 7,
963 3995 1005 4036 p.
1032 3987 1110 4033 ‚405
1130 3987 1143 4043 )
1161 4005 1236 4046 ap-

5 4013 185 4065 pellatur
201 4020 334 4062 Rubri
350 4025 479 4067 maris
494 4030 716 4084 peninsula
743 4036 896 4090 ingens.
924 4045 1063 4099 Hujus
1079 4050 1235 4105 objectu

1388 1234 1432 1275 in
1450 1244 1612 1282 tantum
1637 1247 1998 1298 perturbationum
2030 1256 2289 1303 immunitate
2319 1279 2512 1323 superant
2535 1276 2625 1316 uni-

1386 1321 1525 1350 versos
1558 1316 1776 1370 mortales,
1811 1329 1859 1362 ut
1887 1322 2110 1370 difficulter
2136 1335 2361 1378 narrationi
2394 1340 2491 1384 huic
2523 1346 2623 1389 fides

1383 1378 1599 1426 habeatur.
1623 1389 1752 1444 Atqui
1770 1406 1856 1434 non
1874 1398 1995 1450 pauci
2015 1414 2066 1441 ex
2087 1402 2264 1460 AEgypto
2284 1421 2529 1457 mercatores
2547 1433 2622 1473 per

1381 1452 1645 1508 Erythraeum
1667 1476 1781 1505 mare
1805 1465 1858 1507 ad
1873 1467 1981 1511 hanc
2008 1486 2139 1529 usque
2158 1484 2319 1521 aetatem
2341 1497 2620 1539 saepenumero

1379 1523 1432 1564 ad
1451 1533 1580 1570 terras
1598 1531 2006 1594 Ichthyophagorum
2024 1548 2183 1602 appulsi
2218 1552 2339 1595 nobis
2367 1551 2617 1616 adstipulan-

1378 1604 1461 1650 tur,
1479 1602 1593 1656 quod
1615 1606 1805 1652 videlicet
1826 1612 2016 1659 homines
2036 1619 2102 1661 isti
2130 1623 2242 1666 nulla
2260 1640 2303 1668 se
2320 1642 2365 1669 re
2387 1636 2543 1676 moveri
2563 1639 2615 1678 si-

1375 1680 1490 1714 nant.
1519 1676 1763 1722 Ptolemaeus
1799 1686 1969 1739 tertius,
1995 1691 2066 1746 qui
2104 1697 2312 1739 venationi
2348 1701 2611 1758 elephantum

1373 1743 1416 1785 in
1445 1746 1509 1788 his
1530 1749 1629 1792 locis
1649 1755 1833 1799 studium
1863 1760 2087 1818 impendit,
2112 1769 2343 1826 Simmiam,
2370 1791 2418 1817 ex
2442 1779 2609 1825 familia-

1369 1818 1484 1861 ribus
1510 1838 1657 1878 unum,
1677 1830 1890 1883 regionem
1913 1836 2023 1881 illam
2051 1844 2303 1897 speculatum
2334 1852 2459 1895 misit.
2511 1857 2604 1908 Hic,

1368 1889 1519 1935 idoneo
1542 1897 1766 1943 instructus
1781 1918 2030 1961 commeatu,
2067 1912 2299 1971 diligenter,
2321 1931 2367 1963 ut
2394 1929 2604 1978 Agathar-

1365 1962 1503 2006 chides
1522 1983 1542 2007 e
1566 1971 1691 2013 Cnido
1709 1974 1934 2022 historicus
1950 1983 2092 2036 refert,
2118 1991 2343 2035 maritimas
2361 1996 2446 2038 illas
2465 2010 2602 2053 gentes

1364 2037 1606 2091 exploravit.
1644 2047 1755 2089 Dicit
1779 2049 1847 2092 ille
1876 2054 2090 2112 AEthiopes
2127 2061 2204 2103 hos
2240 2069 2599 2121 perturbationum

1361 2121 1549 2165 expertes
1584 2118 1698 2160 nullo
1725 2123 1900 2166 omnino
1934 2137 2038 2182 potu
2060 2133 2122 2173 uti
2151 2149 2229 2178 nec
2261 2139 2313 2180 ad
2343 2141 2454 2185 hunc
2475 2161 2597 2203 appe-

1359 2183 1533 2227 tendum
1554 2197 1701 2233 natura
1737 2194 1905 2239 affectos
1931 2214 2042 2253 esse;
2066 2205 2194 2262 idque
2222 2211 2277 2252 ob
2310 2228 2448 2258 causas
2473 2234 2595 2276 supra

1356 2253 1500 2299 dictas.
1519 2260 1710 2305 Affirmat
1733 2276 1930 2321 praeterea
1951 2274 2065 2317 nullo
2091 2292 2187 2321 cum
2214 2287 2362 2328 exteris
2388 2290 2591 2348 colloquio

1354 2342 1424 2368 eos
1461 2331 1681 2389 conjungi,
1712 2353 1790 2381 nee
1824 2347 2043 2399 peregrino
2077 2351 2330 2399 advenarum
2369 2375 2588 2419 conspectu

1353 2406 1523 2456 moveri,
1548 2408 1619 2450 sed
1646 2410 1783 2454 defixo
1803 2415 1847 2456 in
1866 2431 1935 2458 eos
1955 2420 2102 2464 obtutu
2122 2427 2316 2473 immotos
2334 2434 2435 2477 citra
2461 2439 2586 2483 ullam

1349 2474 1608 2521 affectionem
1638 2496 1795 2537 sensus,
1820 2502 1867 2528 ac
1889 2490 1922 2530 si
1947 2505 2071 2535 nemo
2093 2497 2212 2551 adsit,
2235 2503 2412 2547 retinere
2420 2523 2432 2558 ;
2454 2510 2583 2554 immo

1347 2560 1424 2587 nec
1442 2550 1591 2592 strictis
1607 2553 1723 2610 (ait)
1746 2556 1922 2614 impetiti
1945 2563 2088 2617 gladiis
2109 2570 2483 2631 subterfugiebant,
2505 2598 2582 2626 nec

1346 2618 1506 2673 injuriae
1534 2633 1605 2666 aut
1635 2628 1853 2673 verberum
1890 2639 2153 2692 perpessione
2185 2644 2469 2694 irritabantur.
2493 2656 2580 2697 Nec

1346 2693 1490 2747 vulgus
1509 2697 1614 2738 male
1632 2706 1899 2746 tractatorum
1914 2708 2046 2751 vicem
2061 2712 2366 2771 indignabatur,
2388 2724 2459 2765 sed
2474 2740 2578 2783 saepe

1343 2766 1481 2810 liberis
1503 2771 1566 2812 vel
1601 2776 1801 2818 uxoribus
1822 2788 1917 2823 ante
1951 2784 2092 2828 oculos
2121 2793 2322 2846 mactatis,
2356 2810 2429 2838 seu
2464 2801 2576 2843 nullo

1342 2842 1450 2883 malo
1486 2844 1644 2900 affecti,
1680 2851 1867 2894 sensibus
1891 2854 2073 2900 immotis
2101 2864 2391 2920 persistebant,
2407 2868 2574 2915 ‘nullum

1338 2915 1410 2958 irae
1428 2928 1500 2961 aut
1524 2922 1818 2969 misericordiae
1849 2930 2052 2976 indicium
2083 2938 2360 2992 praeferentes.
2385 2948 2572 3004 Denique

1337 2994 1370 3033 si
1390 2995 1452 3036 vel
1467 3000 1731 3043 atrocissimis
1760 3005 2071 3062 implicarentur
2098 3015 2237 3068 malis,
2259 3020 2386 3074 quieti
2408 3037 2568 3078 perma-

1334 3070 1503 3124 nebant,
1524 3075 1667 3130 rigidis
1679 3087 1840 3123 tantum
1860 3085 1987 3127 oculis
2005 3088 2211 3133 intuentes
2227 3108 2317 3149 quae
2332 3109 2562 3152 agerentur,

1332 3156 1521 3205 nutuque
1542 3155 1723 3209 capitum
1752 3159 1909 3214 singula
1940 3176 2244 3222 persequentes.
2278 3171 2378 3214 Ideo
2398 3189 2474 3216 nec
2505 3177 2563 3218 lo-

1330 3225 1449 3278 quela
1474 3243 1544 3269 eos
1566 3231 1642 3281 uti,
1675 3233 1746 3274 sed
1784 3249 1982 3280 manuum
2005 3244 2310 3295 gesticulatione
2342 3264 2432 3304 quae
2463 3266 2559 3294 usus

1326 3304 1504 3356 postulat
1523 3306 1705 3349 indicare
1723 3312 1956 3365 perhibent.

1903 3412 2555 3436 Ἃ

1323 3454 1472 3486 vastus
1492 3447 1674 3502 efficitur
1688 3450 1819 3502 sinus,
1843 3453 2052 3499 duodecim
2066 3459 2223 3503 dierum
2241 3473 2281 3505 et
2297 3468 2477 3511 noctium
2492 3487 2552 3512 re-

1321 3507 1446 3558 migio
1460 3509 1705 3562 enavigatus
1719 3515 1935 3559 Ptolemaeo
1952 3520 2050 3572 regi,
2076 3524 2238 3578 quando
2258 3528 2412 3571 nullius
2439 3547 2551 3574 aura²

1319 3570 1467 3626 recipit
1486 3571 1693 3626 afflatum.
1713 3579 1853 3632 Hujus
1873 3580 1952 3622 loci
1964 3582 2096 3637 quiete
2106 3587 2323 3644 praecipua
2340 3592 2400 3633 ad
2413 3593 2550 3637 immo-

1319 3630 1436 3672 bilem
1449 3633 1769 3687 magnitudinem
1786 3638 1919 3682 bellua
1934 3642 2184 3689 adolescunt.
2206 3649 2285 3706 (Cf.
2297 3655 2541 3707 Agatharch.

1317 3695 1338 3744 5
1358 3695 1447 3747 47.)
1460 3696 1650 3750 Superest
1664 3706 1711 3739 ut
1720 3698 1772 3740 de
1791 3710 1909 3754 gente
1920 3714 2060 3748 nostra
2071 3721 2355 3765 comparemus
2369 3717 2543 3759 Tzetzia-

1317 3769 1369 3796 na
1385 3756 1427 3796 in
1444 3757 1548 3798 Chil.
1570 3760 1645 3811 VI,
1669 3775 1708 3802 v.
1729 3762 1808 3816 734
1828 3776 1839 3805 :

1410 3876 1482 3913 Καὶ
1500 3876 1569 3926 γὰρ
1584 3878 1667 3923 τοὺς
1687 3880 1861 3926 Αἰθίοπας
1878 3883 1962 3928 τοὺς
1978 3885 2126 3932 ἀπαθεῖς
2144 3889 2282 3939 ἀκούω,

1410 3939 1500 3985 μήτε
1518 3940 1673 3988 πληγαῖς
1696 3943 1787 3991 μήτε
1806 3951 1950 3994 τομαῖς,
1971 3950 2020 3996 μή
2043 3950 2197 3988 καύσεσι
2216 3955 2298 4001 μηδ’
2318 3955 2436 3999 ἄλλοις

1407 3999 1565 4048 ἀνιαροῖς
1582 4001 1813 4052 ἀλγύνεσθαι,
1829 4008 1944 4055 φέρειν
1965 4010 2002 4046 δὲ
2017 4009 2136 4047 πάντα
2151 4013 2267 4061 ῥᾷστα
2281 4042 2290 4058 ,

1406 4062 1454 4103 ὡς
1471 4060 1581 4100 ἄλλου
1600 4064 1694 4108 τινὸς
1712 4065 1939 4116 πάσχοντος,
1963 4070 2060 4107 δοκῶ
2075 4072 2147 4109 τισὶ
2169 4074 2382 4121 φαρμάκοις.
