2808 4342
110 183 222 244 (τις.)
891 190 1182 239 PEmPLUs
1212 194 1401 244 MAms
1432 191 1798 250 ERYTHR'AEI.
2091 224 2094 227 -
2556 243 2635 280 20,

110 284 219 330 κατὰ
235 285 414 346 πέλαγος
431 284 555 330 ἄλλαι
573 289 689 340 νῆσοι
707 287 853 349 μικραὶ
873 291 919 334 ἐκ
939 290 1078 343 δεξιῶν
1102 294 1115 352 (
1137 294 1343 356 ἀμμιναὶ)

109 352 310 409 πλείονες,
334 353 551 397 Ἄλαλαίου
576 353 821 414 λεγόμεναι,
861 358 1047 418 χελώνην
1071 359 1240 422 ἔχουσαι
1266 363 1342 419 τὴν

109 422 164 472 εἰς
185 421 231 466 τὸ
253 420 447 481 ἐμπόριον
467 421 694 483 φερομένην
715 424 794 469 ὑπὸ
811 428 892 469 τῶν
914 425 1212 490 Ἰχθυοφάγων.

167 505 203 536 5.
240 487 326 534 Καὶ
354 487 435 532 ἀπὸ
455 490 631 535 σταδίων
651 491 742 543 ὡςεὶ
763 494 1016 540 ὀκτακοσίων
1036 497 1185 551 κόλπος
1208 499 1343 563 ἔτερος

69 555 350 619 εβαθύτατος,
397 550 444 602 οἷ
477 558 584 604 κατὰ
623 559 697 616 τὴν
729 561 913 618 εἶςδολὴν
952 566 993 609 ἐν
1030 565 1169 619 δεξιοῖς
1203 569 1341 629 ἄμμος

102 625 188 672 ἐστὶ
211 624 343 681 πολλὴ
363 627 595 688 κεχυμένη,
617 630 708 674 καθ’
727 624 774 686 ἧς
792 633 833 675 ἓν
861 631 976 693 βάθει
993 637 1254 696 κεχωσμένος
1275 642 1337 683 εὖ·

103 693 284 756 ρίσκεται
310 698 331 740 ὁ
354 696 518 758 ὃψιανὸς
539 698 671 754 λίθος,
698 700 738 744 ἐν
763 700 895 762 ἐκείνῃ
921 702 1024 764 μόνῃ
1049 710 1227 758 τοπικῶς
1245 726 1340 768 γεν*

100 763 292 822 νώμενος.
361 766 579 812 Βασιλεύει
610 767 651 812 δὲ
677 772 757 813 τῶν
788 769 924 814 τόπων
955 772 1110 819 τούτων
1144 775 1226 821 ἀπὸ
1256 780 1338 822 τῶν

102 833 394 894 Μοσχοφοίγων
426 833 550 896 μέχρι
573 840 646 892 τῆς
671 836 798 894 ἄλλης
824 840 1063 903 Βαρδαρίας
1089 845 1338 904 Ζωσκοίλης,

33 914 76 949 ,10
103 901 275 963 ἇκριδὴς
305 902 378 961 μὲν
418 908 488 948 τοῦ
528 905 616 967 βίου
653 908 724 952 καὶ
749 913 818 953 τοῦ
855 910 1036 963 πλείονος
1075 913 1334 975 ἐξεχόμενος,

97 977 278 1031 γενναῖος
300 971 342 1016 δὲ
366 973 459 1035 περὶ
479 973 531 1019 τὰ
554 975 678 1021 λοιπὰ
702 977 772 1021 καὶ
792 980 1048 1039 γραμμάτων
1074 982 1334 1040 Ἑλληνικῶν

94 1038 298 1103 ἔμπειρος.

158 1127 194 1156 6.
228 1113 449 1174 Προχωρεῖ
494 1112 536 1158 δὲ
574 1116 629 1166 εἷς
666 1115 758 1167 τοὺς
803 1116 951 1170 τόπους
986 1120 1149 1173 τούτους
1186 1124 1333 1183 ἱμάτια

96 1178 332 1240 βαρδαρικὰ
350 1180 514 1242 ἄγναφα
536 1182 587 1226 τὰ
607 1185 646 1228 ἐν
665 1185 864 1248 Αἰγύπτῳ
882 1186 1096 1248 γινόμενα,
1119 1191 1157 1237 ’A
1167 1211 1327 1254 ρσινοη-

33 1268 70 1298 15
95 1247 207 1292 τικαὶ
232 1249 374 1294 στολαὶ
397 1251 468 1296 καὶ
493 1252 667 1298 ἀδόλλαι
690 1255 797 1300 νόθοι
815 1258 1076 1318 χρωμάτιναι
1095 1261 1165 1306 καὶ
1188 1262 1328 1308 λέντια

93 1315 163 1360 καὶ
186 1317 397 1378 δικρόσσια
418 1320 490 1364 καὶ
508 1321 638 1374 λιθίας
662 1326 788 1377 ὑαλῆς
807 1326 975 1371 πλείονα
995 1329 1090 1388 γένη
1111 1331 1181 1375 καὶ
1202 1331 1329 1388 ἄλλης

93 1386 308 1447 μορρίνης,
342 1392 414 1443 τῆς
449 1390 663 1449 γινομένης
687 1395 727 1437 ἓν
753 1396 990 1455 Διοςπόλει,
1027 1399 1096 1443 καὶ
1136 1401 1327 1462 ὀρείχαλ-

1412 310 1599 362 emporio
1630 312 1672 351 in
1695 313 1777 354 alto
1796 329 1820 354 a
1841 314 1999 357 dextris
2023 329 2121 360 sunt
2142 323 2228 363 aliae
2251 331 2482 384 complures
2508 339 2645 381 insulae

1411 388 1546 428 parvae
1563 407 1574 426 ‚
1611 379 1748 420 Alalaei
1771 380 1911 433 dictae,
1933 386 2181 429 testudinem
2215 392 2422 449 habentes,
2456 417 2579 455 quam
2605 408 2645 447 in

1411 444 1647 496 emporium
1665 447 1962 504 Ichthyophagi
1983 451 2217 508 deportant.

1472 508 1512 549 5.
1537 512 1670 553 Porro
1702 524 1794 568 post
1816 518 2049 571 octingenta
2076 521 2159 563 sere
2184 526 2313 569 stadia
2331 531 2433 572 alius
2456 545 2514 576 cst
2536 539 2648 580 sinus

1408 583 1782 639 profundissimus,
1813 591 1933 645 cujus
1956 595 2010 635 ad
2034 597 2251 642 introitum
2275 619 2299 644 a
2324 606 2479 649 dextris
2503 626 2648 666 magna

1407 658 1467 698 vis
1486 673 1619 701 arenae
1638 662 1726 703 fusa
1745 664 1868 718 jacet,
1896 669 1968 709 ubi
1990 671 2029 710 in
2051 674 2262 726 profundo
2286 684 2492 736 reperitur
2510 690 2647 741 opsia-

1406 749 1486 775 nus
1510 735 1611 791 lapis
1626 769 1637 788 ,
1663 739 1731 780 hic
1751 749 1911 783 tantum
1942 745 2022 786 loci
2047 751 2166 791 unice
2188 759 2448 807 proveniens,
2509 765 2646 820 Impe-

1404 819 1468 851 rat
1496 812 1559 852 his
1579 813 1678 855 locis
1712 817 1811 857 inde
1841 834 1864 859 a
1884 822 2201 881 Moschophagis
2232 845 2362 886 usque
2394 837 2446 876 ad
2478 839 2646 883 alteram

1405 887 1643 930 Barbariam
1661 893 1846 934 Zoscales
1858 927 1868 945 ,
1887 911 2034 940 avarus
2054 901 2119 942 ille
2134 905 2303 958 quidem
2322 918 2360 950 et
2375 913 2432 952 rei
2448 917 2644 968 augendae

1403 968 1526 1009 nimis
1542 970 1739 1025 intentus,
1764 984 1896 1017 cetera
1918 981 2075 1033 probus
2098 985 2161 1024 vir
2179 1000 2411 1045 gnarusque
2427 993 2642 1039 literarum

1403 1050 1659 1094 Graecarum.

1461 1134 1500 1170 6.
1523 1133 1807 1187 Importantur
1830 1138 1872 1178 in
1892 1139 1979 1181 haec
2004 1142 2091 1185 loca
2115 1156 2242 1188 vestes
2261 1150 2445 1194 barbarae
2466 1171 2490 1196 a
2519 1157 2640 1199 fullo-

1402 1199 1526 1240 nibus
1546 1216 1631 1242 non
1650 1204 1850 1258 subactae,
1874 1223 1967 1262 quae
1988 1212 2029 1252 in
2045 1214 2219 1270 AEgypto
2239 1221 2542 1275 conficiuntur,
2566 1230 2641 1268 Ar-

1401 1268 1607 1310 sinoeticae
1629 1273 1740 1313 stolae
1758 1283 1799 1315 et
1827 1276 1970 1318 abollae
1988 1280 2208 1323 adulterini
2227 1287 2377 1328 colorei
2400 1299 2439 1330 et
2457 1292 2579 1334 lintea
2601 1304 2641 1336 et

1401 1335 1598 1379 dicrossia
1621 1355 1693 1381 seu
1710 1346 1893 1386 mantilia
1912 1349 2109 1403 utrinque
2129 1352 2356 1406 fimbriata,
2382 1360 2638 1413 supellectilis

1400 1420 1422 1444 e
1462 1407 1568 1447 vitro
1606 1410 1727 1464 plura
1759 1427 1908 1465 genera
1938 1431 2014 1457 nec
2042 1433 2125 1459 non
2158 1424 2384 1466 murrhinae
2404 1426 2492 1480 ejus
2513 1444 2638 1484 quam

106 1477 2635 1531 XX*

89 1530 173 1571 quo
197 1518 281 1558 vid.
304 1521 455 1574 Peripl.
479 1525 500 1573 S
525 1522 599 1576 5),
622 1526 733 1578 quod
748 1527 954 1578 miremur,
980 1546 1104 1586 quum
1135 1534 1331 1576 ulteriora

88 1589 328 1621 mercatores
347 1591 594 1624 scrutentur.
639 1586 654 1639 ΙΙ
677 1611 734 1618 —
756 1602 793 1629 1.
827 1589 888 1644 ἀμ
902 1593 1066 1647 μιναὶ]
1106 1611 1121 1632 «
1145 1595 1330 1650 ἇμμειναὶ

87 1640 232 1691 codex,
254 1641 372 1697 eujus
388 1659 532 1685 manus
551 1648 732 1689 secunda
750 1649 845 1690 fecit
860 1653 1051 1707 spiritum
1068 1664 1108 1695 et
1124 1664 1325 1700 tenorem.

86 1703 312 1758 Interpres,
339 1714 384 1745 ut
407 1708 556 1761 potuit,
581 1723 771 1751 arenosoe.
795 1712 875 1753 Sed
894 1717 1165 1770 expungenda
1185 1733 1279 1761 vox.
1304 1741 1321 1756 ι

85 1765 371 1808 ΒΕΒΝΗΑΗΒΥ.
397 1770 500 1810 Orta
538 1770 666 1811 videri
685 1775 813 1827 possit
833 1790 882 1816 ex
914 1776 1190 1834 dittographia
1217 1784 1327 1823 vocis

63 1845 69 1852 ·
92 1825 294 1868 Ἀλαλαίου
312 1845 322 1878 ;
346 1829 493 1871 dubito
516 1840 653 1873 tamen
666 1850 676 1884 ;
694 1850 791 1876 nam
810 1852 951 1894 reapse
966 1841 1108 1882 insulae
1131 1844 1215 1884 istae
1230 1854 1326 1886 sunt

82 1902 261 1930 arenosae
289 1891 560 1948 humilesque.
592 1896 606 1949 ΙΙ
634 1920 692 1927 —-
711 1899 750 1938 3.
771 1898 889 1955 ὑπὸ]
911 1900 985 1943 ἀπὸ
1002 1904 1096 1945 cod.

139 1954 161 2003 §
197 1956 238 2001 5,
274 1952 302 1993 l.
329 1956 353 2002 4
385 1956 605 2005 εκόλπος
640 1960 965 2019 βαθύτατος],
998 1966 1098 2008 hod.
1134 1970 1327 2011 Hauakil

83 2012 196 2053 Baie.
229 2014 386 2056 Plinius
409 2017 437 2057 l.
476 2018 504 2058 l.
547 2020 684 2061 sinum
715 2023 973 2078 incognitum
1008 2037 1139 2080 vocat,
1169 2032 1323 2087 quippe

81 2087 204 2127 quem
227 2087 478 2120 mercatores
509 2082 576 2122 via
597 2085 708 2124 recta
728 2085 827 2127 hinc
855 2089 1017 2130 Arabiae
1048 2094 1233 2147 emporia
1253 2108 1323 2148 pe-

81 2142 210 2177 tentes
227 2143 640 2196 prceternavigabant.
658 2148 818 2189 Verum
835 2165 927 2204 quae
941 2153 1091 2207 Peripli
1111 2163 1255 2196 auctor
1269 2156 1321 2196 de

80 2211 129 2237 eo
142 2200 235 2240 sinu
249 2203 379 2252 novit,
394 2204 536 2246 eadem
554 2208 668 2247 novit
680 2210 985 2264 etiamLPliniuS,
1003 2216 1134 2268 quide
1149 2220 1320 2271 opsiano

78 2259 213 2315 lapide
243 2264 299 2303 ita
317 2264 441 2305 habet
461 2267 531 2307 lib.
568 2269 770 2322 XXXVI,
794 2273 846 2326 37
870 2287 878 2314 :
902 2278 955 2314 In
981 2291 1120 2326 genere
1149 2280 1256 2320 vitri
1279 2291 1319 2321 et

78 2322 254 2376 opsiana
285 2323 374 2379 (sic
402 2326 497 2368 cod.
522 2330 758 2385 Bamberg.;
790 2334 1011 2376 obsicliana
1040 2342 1149 2392 vgo)
1181 2356 1318 2382 nume-

80 2394 229 2425 rantur
249 2386 309 2425 acl
331 2388 650 2432 similitudinem
684 2394 842 2450 lapidis
869 2413 983 2451 quem
1022 2400 1063 2440 in
1099 2403 1318 2460 AEthiopia

80 2444 239 2486 invenit
266 2449 417 2490 Obsius
448 2452 538 2503 (sic
560 2454 654 2494 cod.
684 2457 848 2507 Bamb.;
874 2459 1069 2502 Obsidius
1091 2466 1226 2518 vgo),
1251 2467 1316 2507 ni-

73 2507 243 2559 gerrimi
279 2511 440 2562 coloris,
480 2514 706 2570 aliquando
738 2528 777 2558 et
810 2522 1082 2573 translucidi,
1118 2528 1317 2569 crassiore

75 2569 186 2618 visu,
210 2580 332 2626 atque
352 2572 394 2613 in
417 2577 596 2630 speculis
610 2579 823 2633 parietum
847 2597 928 2638 pro
953 2584 1128 2637 imagine
1150 2591 1315 2632 umbras

75 2631 316 2682 reddentem,
357 2644 435 2675 etc.
463 2637 528 2678 Cf.
555 2641 689 2694 Orph.
730 2644 839 2684 Lith.
879 2647 958 2686 282
996 2656 1036 2687 et
1067 2651 1312 2706 Anonymus

72 2694 236 2734 Λιθικῶν
259 2697 437 2751 scriptor
458 2713 524 2754 ap.
553 2701 721 2743 Salmas.
746 2705 798 2745 ad
821 2706 950 2748 Solin.
976 2723 1019 2763 p.
1048 2714 1116 2759 64.
1138 2713 1312 2757 Obsium

71 2756 209 2796 inveni
241 2758 402 2799 nullum
432 2770 580 2815 praeter
613 2767 675 2805 M.
712 2767 880 2808 Obsium
893 2780 1082 2825 praetura
1094 2773 1307 2827 sunctum,

73 2818 308 2860 Germanici
339 2823 534 2875 amicum,
562 2825 680 2880 cujus
700 2831 889 2871 meminit
909 2834 1076 2874 Tacitus
1095 2838 1206 2878 Ann.
1231 2842 1307 2891 IV,

74 2880 140 2920 68.
166 2895 214 2934 71
245 2881 323 2937 (ad
344 2898 412 2924 an.
446 2887 498 2926 28
528 2900 570 2941 p.
595 2888 695 2930 Chr.
715 2892 748 2943 ).
777 2894 818 2931 Is
849 2893 1017 2936 fortasse
1046 2897 1208 2953 AEgypti
1243 2902 1312 2942 ali-

73 2942 270 2994 quamdiu
285 2944 500 2999 praefectus
520 2947 670 3000 suerat,
697 2952 759 2992 vel
777 2954 994 3011 AEthiopiae
1017 2972 1131 2999 oram
1158 2961 1310 3016 legerat

22 3034 24 3039 .
71 3003 215 3045 eodem
238 3014 423 3062 tempore
451 3024 534 3063 quo
555 3013 827 3056 Germanicus
846 3017 973 3059 totam
997 3021 1217 3076 AEgyptum
1241 3040 1308 3066 us-

72 3077 152 3118 que
171 3066 222 3106 ad
251 3068 469 3124 AEthiopiae
488 3073 667 3114 confinia
698 3075 885 3118 lustravit
904 3079 916 3134 (
939 3094 986 3134 19
1008 3096 1050 3136 p.
1078 3084 1182 3125 Chr.
1204 3088 1304 3129 vid.

70 3127 199 3168 Tacit.
232 3131 343 3171 Ann.
368 3134 423 3172 11.
448 3137 499 3175 60
519 3150 580 3189 sq.
603 3139 635 3190 ).
667 3140 865 3194 Lapidem
890 3146 1111 3198 opsianum
1141 3150 1192 3190 ad
1210 3167 1306 3194 eum

73 3188 210 3230 sinum
229 3192 271 3231 in
290 3192 390 3234 locis
415 3209 505 3249 quae
524 3208 619 3239 sunt
651 3201 702 3241 ab
721 3205 862 3245 Arena
889 3208 978 3247 vico
1008 3224 1147 3251 versus
1167 3215 1305 3258 sinum

72 3248 342 3303 Aduliticum,
365 3255 502 3298 denuo
520 3263 675 3315 reperit
694 3265 840 3306 Saltius
870 3269 886 3321 (
906 3272 951 3309 V
947 3285 1006 3324 oy.
1032 3286 1074 3327 p.
1105 3279 1229 3330 192).
1254 3281 1302 3319 In

72 3323 210 3363 geogr.
233 3315 416 3358 Ravenn.
450 3322 507 3369 II,
530 3337 553 3374 7
577 3333 670 3377 post
691 3326 847 3368 Ot'elam
881 3332 1063 3383 (Adulin
1082 3338 1098 3389 )
1119 3341 1305 3392 sequitur

71 3374 239 3412 Parana
257 3375 383 3418 locus.
400 3381 440 3419 Is
458 3395 560 3421 num
582 3384 680 3425 hod.
710 3390 850 3430 Arena
872 3394 1014 3434 vicus?
1038 3398 1052 3450 Η
1081 3423 1136 3430 —
1152 3417 1191 3454 9.
1217 3407 1274 3455 τῆ
1288 3422 1304 3452 ς

71 3432 192 3484 ἄλλη
208 3451 224 3481 ς
249 3437 324 3491 Β.]
350 3439 412 3480 Cf.
438 3451 526 3483 not.
553 3445 605 3485 ad
628 3449 650 3498 5
674 3462 711 3489 1.
735 3451 885 3494 Nostra
904 3458 1185 3512 antiquissima
1207 3475 1302 3507 sunt

54 3509 214 3536 ⁴eorum
235 3511 324 3551 quae
339 3499 390 3540 de
405 3504 723 3550 Auxumitarum
743 3526 871 3566 regno
886 3517 1036 3560 tradita
1050 3526 1229 3579 accepim
1236 3542 1298 3569 us.

75 3556 91 3609 fl
112 3580 169 3587 —
192 3571 256 3599 10.
291 3564 376 3600 τοῦ
400 3563 664 3624 πλείονος]
691 3576 765 3613 τῶν
789 3575 968 3626 πλειόνος
1000 3583 1212 3636 (πλείονος
1239 3605 1296 3632 m.

68 3632 149 3659 sec.
169 3621 184 3671 )
212 3620 367 3672 codcx;
391 3638 471 3666 em.
499 3629 774 3688 Bernhardy.;
794 3641 870 3677 τῶν
888 3639 1078 3684 πλειόνων
1095 3661 1174 3689 scr.
1209 3652 1300 3692 Stu-

68 3680 199 3730 ckius,
223 3691 384 3724 vertens
413 3700 628 3742 perperam
651 3706 661 3733 ι
682 3706 879 3750 spectatae
905 3704 1168 3762 probatavque
1200 3712 1300 3753 vitoe

67 3742 196 3791 homo,
220 3745 362 3785 ceteris
392 3749 581 3792 omnibus
598 3758 849 3800 antecellens.
882 3764 1029 3806 Latina
1059 3769 1231 3823 studui,
1252 3784 1298 3816 ut

67 3804 182 3854 solet,
204 3806 496 3862 interpretatur
514 3814 756 3860 Vincentus.

55 3890 62 3897 .-
122 3868 220 3918 §6²
247 3867 274 3908 l.
303 3869 368 3910 15.
405 3870 630 3917 ἀδόλλαι
668 3881 814 3924 νόθοι
836 3889 946 3943 χρ.]
971 3890 1108 3934 ἄδολοι
1134 3909 1169 3937 ν.
1194 3913 1297 3953 χρω-

42 3955 43 3958 ¹
67 3928 218 3982 μάτινοι
249 3930 404 3983 codex,
440 3936 511 3976 sed
544 3939 757 3994 infra(Cf.
783 3948 805 3998 5
829 3949 909 4004 28)
936 3950 1134 3998 ἀδόλλαι..
1158 3958 1291 4003 ἁπλοῖ.

34 4026 37 4032 ,
64 3989 281 4044 Vulgatam
320 3997 425 4036 tueri
450 4002 622 4042 tentavit
659 4005 876 4050 Salmasius
900 4012 953 4053 ad
987 4015 1098 4059 Flav.
1122 4021 1291 4075 Vopisc.

1383 1553 1445 1592 ·p.
1471 1540 1550 1593 398
1572 1554 1580 1580 :
1610 1559 1625 1579 «
1651 1543 1788 1584 ἄδολοι
1810 1561 1897 1600 χρ.,
1921 1549 2076 1603 inquit,
2098 1562 2195 1593 sunt
2215 1555 2364 1597 colorei
2386 1561 2633 1613 singillones.

1382 1601 1480 1640 >Vir
1501 1601 1646 1644 doctus
1670 1608 1740 1660 qui
1769 1606 1939 1658 ἀδόλλας
1966 1614 2112 1663 vertit,
2139 1616 2354 1668 ignorabat
2375 1622 2475 1674 quid
2503 1637 2637 1667 essent

1402 1661 1554 1705 ἄδολοι.
1590 1667 1690 1707 Aliis
1721 1670 1888 1723 quidem
1921 1673 2019 1714 locis
2052 1675 2237 1729 ejusdem
2274 1684 2458 1736 opusculi
2481 1686 2636 1727 abolla-

1361 1725 1366 1729 ’
1401 1739 1490 1766 rum
1527 1731 1717 1770 meminit
1747 1734 1971 1785 Arrianus,
2010 1738 2082 1778 sed
2119 1738 2289 1790 ἀδόλλας
2333 1747 2544 1798 nominat,
2587 1759 2634 1790 ut

1398 1788 1537 1840 paullo
1568 1800 1676 1844 post.
1714 1792 1870 1834 ’Άδολοι
1902 1806 2039 1839 autem
2073 1801 2184 1841 aliud
2219 1813 2330 1845 sunt.
2357 1808 2489 1848 Graeci
2522 1812 2633 1852 enim

1400 1847 1564 1898 ἀδόλους
1592 1858 1759 1906 χιτῶνας
1780 1866 1927 1898 vocant
1949 1874 2040 1913 quae
2059 1862 2138 1902 alio
2162 1866 2330 1907 nomine
2361 1868 2540 1918 ἁπλοίδες
2570 1871 2632 1912 di-

1374 1920 1565 1963 ·cuntur,
1598 1922 1645 1954 ut
1679 1916 1856 1966 διδόλους
1885 1920 2010 1961 iidem
2040 1922 2184 1966 dicunt
2214 1941 2306 1981 quae
2338 1929 2454 1971 aliter
2485 1933 2633 1974 διπλοί-

1398 1973 1471 2021 δες.
1506 1995 1523 2010 »
1570 1977 1663 2017 Noli
1702 1980 1883 2023 credere.
1920 1984 2064 2038 Neque
2095 1986 2207 2028 vides
2244 1992 2456 2044 quomodo
2495 1995 2631 2038 ἄδολοι

1396 2039 1550 2091 opponi
1580 2041 1737 2093 possint
1760 2043 1948 2096 διδόλοις,
1975 2061 2108 2101 neque
2131 2064 2178 2090 ea
2196 2060 2255 2091 est
2277 2053 2432 2094 codicis
2458 2071 2629 2114 corrup-

1372 2114 1376 2116 ·
1395 2097 1540 2139 tissimi
1563 2104 1797 2154 auctoritas,
1815 2114 1862 2145 ut
1881 2121 1929 2146 ex
1947 2117 2089 2149 nostro
2115 2111 2206 2151 loco
2228 2128 2381 2155 novum
2401 2119 2627 2162 vestimenti

1394 2173 1547 2201 nomen
1566 2164 1808 2206 excudatur.
1828 2169 2054 2223 Distinguit
2071 2183 2215 2214 auctor
2230 2177 2338 2216 inter
2354 2178 2504 2220 abollas
2515 2182 2627 2223 adul-

1393 2223 1543 2262 terinas
1557 2255 1568 2273 ,
1603 2240 1693 2279 quae
1728 2228 1770 2266 in
1804 2229 1934 2283 plebis
1972 2246 2094 2274 usum
2131 2237 2469 2292 conficiebantur,
2505 2253 2627 2298 atque

1392 2283 1543 2325 abollas
1571 2288 1774 2342 simplices
1807 2292 1890 2332 sive
1924 2294 2122 2345 sinceras,
2149 2298 2239 2339 lana
2260 2314 2363 2354 pura
2393 2311 2520 2344 textas
2544 2308 2623 2346 tin-

1392 2354 1588 2402 cturaque
1605 2359 1841 2404 praestantes
1856 2385 1866 2403 ,
1885 2356 2003 2395 sicuti
2023 2358 2118 2398 alibi
2139 2359 2405 2415 distinguitur
2420 2365 2624 2423 ἱματισμὸς

1391 2409 1501 2456 νόθος
1516 2419 1555 2450 et
1570 2411 1628 2465 ἱμ.
1648 2412 1804 2461 ἁπλοῦς.
1825 2417 2016 2457 Ceterum
2031 2419 2181 2460 ἀδόλλα
2205 2424 2300 2477 (pro
2318 2423 2514 2479 ἀμδόλλα,
2534 2431 2563 2471 i.
2581 2446 2618 2472 e.

1367 2493 1371 2497 -
1391 2469 1602 2525 ἀμφιδολὴ,
1626 2483 1671 2514 ut
1688 2479 1859 2530 putant)
1879 2487 1965 2519 erat
1981 2481 2134 2523 chlaena
2156 2483 2270 2525 lanea
2291 2501 2419 2542 eaque
2436 2491 2618 2544 spissior,

1362 2548 1364 2550 ·
1389 2533 1504 2586 cujus
1527 2538 1681 2576 mentio
1704 2539 1814 2592 apud
1837 2542 2044 2583 Romanos
2067 2546 2285 2600 scriptores
2319 2551 2471 2603 passim
2500 2553 2621 2597 obvia

1391 2594 1566 2650 (Virgil.
1591 2599 1685 2638 AEn.
1712 2601 1767 2649 V,
1794 2603 1870 2649 421
1898 2602 1999 2657 ibiq.
2022 2606 2213 2658 Servius;
2236 2610 2415 2651 Martial.
2437 2614 2514 2663 IV,
2537 2617 2616 2668 43;

1360 2671 1361 2674 ’
1386 2659 1574 2699 Juvenal.
1599 2662 1682 2711 III,
1727 2661 1801 2712 15;
1834 2664 2002 2706 Sueton.
2030 2667 2157 2723 Calig.
2196 2684 2232 2709 c.
2271 2671 2371 2724 35),
2398 2676 2534 2715 nescio
2567 2692 2620 2718 an

1386 2720 1497 2774 apud
1535 2721 1662 2762 alium
1701 2732 1909 2766 auctorem
1951 2742 2128 2780 graecum
2169 2742 2372 2774 occurrat.
2419 2738 2616 2788 Arsinoe,

1360 2807 1362 2811 ψ
1385 2780 1612 2822 abollarum
1635 2783 1810 2836 fabrica,
1836 2787 2004 2829 fortasse
2027 2791 2126 2831 urbs
2144 2792 2196 2832 ad
2215 2795 2351 2834 sinum
2373 2797 2618 2854 Heroopoli-

1384 2844 1529 2895 ticum,
1552 2845 1719 2887 fortasse
1734 2849 1833 2889 urbs
1854 2853 1968 2891 nomi
1987 2856 2260 2906 cognominis.
2289 2858 2303 2911 {l
2327 2883 2383 2889 —
2397 2859 2422 2898 λ
2433 2862 2449 2901 ε’
2462 2876 2480 2901 ν
2491 2877 2512 2902 τ
2525 2878 2568 2902 ια
2580 2867 2613 2919 ],

1357 2930 1361 2933 -
1385 2904 1511 2947 latina
1539 2922 1619 2948 vox
1643 2909 1783 2950 lintea.
1813 2914 1863 2951 In
1899 2916 2038 2966 graecis
2061 2918 2329 2971 scriptoribus
2350 2922 2423 2962 aevi
2454 2925 2616 2966 serioris

1354 2967 1436 3008 ·de
1467 2970 1639 3023 cingulis
1671 2973 1932 3027 potissimum
1965 2976 2100 3018 linteis
2124 2990 2360 3035 usurpatur.
2383 2985 2438 3024 V.
2473 2987 2611 3041 Steph.

1350 3045 1357 3050 ·
1381 3031 1506 3072 Thes.
1531 3047 1564 3072 s.
1589 3048 1628 3073 v,
1667 3034 1681 3087 Η
1711 3058 1767 3065 --
1789 3040 1853 3076 16.
1881 3038 2180 3096 ὃικρόσσια]
2196 3073 2206 3090 ,
2226 3044 2406 3084 mantilia
2421 3048 2614 3102 utrinque

1381 3092 1602 3135 fimbriata.
1639 3097 1888 3139 Substantivi
1926 3101 1988 3140 vel
2024 3102 2212 3156 adjectivi
2253 3106 2466 3160 δικρόσσιον
2503 3110 2613 3151 aliud

1353 3181 1358 3185 -
1382 3157 1616 3211 exemplum
1631 3158 1836 3200 desidero.
1862 3164 2053 3203 Attamen
2071 3179 2109 3204 v.
2132 3166 2301 3220 simplex
2316 3170 2491 3222 κροσσίον
2507 3185 2610 3224 prae-

1351 3245 1354 3248 -
1381 3216 1449 3257 bet
1481 3219 1707 3261 Herodian.
1740 3224 1877 3277 Epim.
1910 3239 1952 3279 p.
1988 3239 2039 3279 72
2072 3240 2080 3266 :
2121 3229 2300 3281 κροσσὸς,
2326 3230 2370 3270 τὸ
2404 3234 2606 3286 κροσσίον·

1380 3279 1467 3320 ὅθεν
1491 3283 1708 3335 κροσσωτὸν
1733 3284 1901 3338 ἱμάτιον.
1920 3287 2074 3327 Notum
2107 3298 2167 3329 est
2192 3290 2436 3344 adjectivum
2459 3295 2611 3350 δίκροσ-

1347 3362 1349 3365 -
1380 3357 1444 3389 σος
1466 3358 1516 3384 ex
1538 3345 1694 3386 Polluc.
1719 3348 1821 3397 VII,
1849 3361 1930 3402 72:
1957 3350 2157 3404 δίκροσσον
2188 3354 2450 3407 περιδόλαιον,
2477 3359 2606 3401 schol.

1379 3407 1505 3447 Arist.
1543 3407 1650 3448 Plut.
1690 3422 1768 3462 729
1820 3423 1828 3450 τ
1870 3411 2070 3467 δίκροσσον
2110 3416 2337 3468 φακιώλιον,
2387 3420 2605 3476 σουδάριον,

1378 3469 1554 3523 Hesych.
1586 3483 1595 3509 ε
1620 3470 1664 3510 τὸ
1687 3470 1935 3527 ἣμιτύμδιον,
1969 3475 2100 3516 λινοῦν
2127 3476 2270 3533 ἔνδυμα
2291 3480 2314 3531 ἢ
2340 3482 2528 3523 σινδόνιον
2551 3485 2605 3524 δί-

1372 3546 1549 3585 κροσσον.
1576 3532 1639 3573 Cf.
1658 3534 1798 3588 Steph.
1815 3536 1940 3577 Thes.
1973 3553 2012 3578 v.
2038 3540 2220 3594 κρωσσός.
2240 3543 2254 3596 ΙΙ
2271 3567 2328 3573 -
2353 3548 2418 3585 16.
2433 3545 2607 3595 λιθίας

1370 3592 1390 3632 ι’)
1405 3594 1541 3647 αλῆς]
1557 3593 1665 3634 λίθον
1681 3594 1890 3650 Αἰγυπτίαν
1906 3598 2007 3640 dicit
2025 3602 2166 3656 Scylax
2179 3618 2222 3657 p.
2241 3607 2310 3658 94.
2333 3606 2348 3659 ΙΙ
2367 3631 2424 3637 -
2441 3621 2504 3661 17.
2529 3608 2602 3647 ἄλ-

1370 3654 1455 3706 λης
1489 3656 1753 3712 μορρίνης]
1793 3659 1851 3699 sic
1870 3660 2023 3712 codex,
2048 3678 2132 3704 non
2157 3665 2194 3706 ἄ.
2224 3667 2421 3722 μυρρίνης,
2448 3678 2492 3709 ut
2510 3679 2603 3710 ante

1369 3717 1579 3757 Stuckium
1614 3718 1834 3772 legebatur.
1857 3722 2073 3766 Salmasius
2095 3726 2147 3766 ad
2171 3729 2300 3769 Solin.
2326 3744 2369 3784 p.
2399 3733 2491 3778 144.
2519 3736 2598 3785 769

1368 3792 1444 3832 pro
1487 3778 1608 3830 ἄλλης
1643 3781 1772 3822 voluit
1808 3783 1929 3837 ὓάλης
1967 3786 2117 3842 (ὓάλου
2132 3791 2164 3843 ),
2203 3800 2350 3845 praeter
2385 3795 2598 3834 necessita-

1368 3847 1448 3878 tem
1466 3855 1475 3888 ;
1497 3840 1618 3892 ἄλλης
1635 3851 1694 3882 est
1710 3843 1832 3897 ἄλλης
1850 3846 1974 3896 λιθίας
1991 3851 2184 3905 μορρίνης.
2204 3852 2265 3892 Cf.
2287 3855 2308 3904 §
2329 3856 2379 3905 &9
2403 3866 2411 3892 :
2438 3853 2595 3907 όνυχίνη

1367 3900 1471 3941 λιθία
1494 3902 1557 3942 καὶ
1584 3905 1740 3958 μυρρίνη
1764 3908 1879 3964 (sic)
1904 3919 1945 3950 et
1966 3913 2184 3953 Pausanias
2218 3916 2344 3963 VIII,
2386 3917 2448 3963 18,
2477 3916 2514 3955 5.
2541 3919 2596 3958 At

1366 3974 1473 4003 recte
1501 3965 1719 4007 Salmasius
1758 3983 1767 4009 :
1817 3991 1833 4005 «
1866 3974 2055 4014 Meminit
2095 3976 2292 4015 Arrianus
2320 3979 2385 4026 τῆς
2417 3978 2594 4031 μορρίνης

1365 4040 1455 4079 quae
1482 4027 1522 4066 in
1563 4029 1748 4083 Diospoli
1785 4032 1920 4074 fiebat.
1952 4036 2058 4075 Cave
2098 4045 2214 4090 putes
2245 4038 2411 4091 intelligi
2445 4039 2496 4079 de
2531 4041 2591 4082 illa
