2808 4342
499 32 548 85 Ο
809 80 817 82 ⁷.

716 117 758 160 C

163 196 252 237 404

226 283 360 343 Οὗτος
377 293 400 336 ὁ
420 261 604 349 netega<
619 288 666 331 ἐκ
686 286 758 339 τῆς
776 279 877 343 ὑπὲρ
895 280 1043 327 Θυνῶν
1062 294 1107 322 τε
1119 274 1192 321 καὶ
1209 274 1401 339 Φρυγίας

166 364 382 423 φερόμενος
401 358 531 414 ἐξίησι
546 355 612 401 διὰ
634 357 707 408 τῆς
726 350 944 400 Θυνιάδος.

226 446 264 476 a.
299 426 399 474 Ἀπὸ
420 427 462 472 δὲ
487 421 724 485 Σαγγαρίου
747 420 936 476 ποταμοῦ
962 417 1018 468 εἷς
1032 411 1190 462 ’Υπιον
1213 412 1399 475 ποταμὸν

166 497 313 544 στάδια
334 497 417 558 ρπ’,
443 494 560 554 μίλια
583 489 659 536 κδ’.

123 598 143 626 2,
228 558 360 616 Οὗτος
374 565 396 609 ὁ
414 559 598 619 ποταμὸς
617 557 702 619 ἔχει
722 555 785 618 ἐφ’
798 555 912 618 αὑτῷ
929 551 1111 614 μεσηγὺς
1128 551 1247 598 πόλιν
1261 554 1399 615 Πρου.

165 634 289 681 σιᾶδα
311 631 551 692 λεγομένην.

227 718 265 749 ο.
303 699 403 746 Ἀπὸ
435 699 477 742 δὲ
501 694 651 742 Ὑπίου
674 696 864 755 ποταμοῦ
899 693 956 745 εἰς
990 690 1095 739 Δίαν
1128 691 1272 747 πόλιν,
1296 691 1337 736 ἔν
1373 683 1403 752 ᾖ

164 771 286 832 ὅρμος
305 766 424 813 ναυσὶ
455 770 645 828 μικραῖς,
684 763 833 810 στάδια
869 761 930 823 ξ’,’
955 761 1072 822 μίλια
1106 759 1164 818 η’.
1228 758 1328 807 Ἀπὸ
1360 757 1403 804 δὲ

163 839 262 890 Δίας
279 837 436 888 πόλεως
468 837 524 886 εἷς
544 832 692 881 Λιλεὸν
729 831 925 895 ἐμπόριον
949 830 1098 877 στάδια
1123 829 1185 890 μ’,
1209 829 1328 890 μίλια
1353 827 1400 876 ε’.

104 939 142 970 ,0
166 906 267 955 Ἀπὸ
290 904 332 950 δὲ
355 907 426 950 τοῦ
451 904 602 951 Διλεοῦ
634 904 691 954 εἷς
709 901 885 950 Ἐλαιον
908 899 1106 962 ἐμπόριον
1122 897 1193 944 καὶ
1214 896 1403 958 ποταμὸν

166 975 315 1021 στάδια
337 973 388 1030 ξ’,
415 972 534 1033 μίλια
559 972 617 1028 η’.
690 970 823 1033 [Ἀπὸ
845 971 889 1016 δὲ
908 969 1079 1017 Ἐλαίου
1103 970 1160 1020 εἰς
1195 967 1372 1024 Κάλητα
1387 1002 1401 1023 ,

163 1045 359 1107 ἐμπόριον
383 1043 453 1089 καὶ
478 1042 683 1103 ποταμὸν,
708 1040 858 1087 στάδια
882 1039 963 1104 ρκ’,
987 1038 1105 1100 μίλια
1127 1035 1227 1102 test]
1244 1036 1344 1084 Ἀπὸ
1361 1037 1405 1083 δὲ

164 1115 356 1170 Κάλητος
378 1117 569 1173 ποταμοῦ
607 1114 663 1165 εἷς
687 1111 822 1158 Λύκον
845 1109 1032 1171 ποταμὸν
1065 1108 1213 1154 στάδια
1238 1106 1282 1152 π’
1297 1143 1311 1169 ,
1336 1106 1404 1167 μί-

162 1187 231 1231 λια
265 1183 308 1245 ι’,
331 1184 376 1228 ι’
396 1184 452 1237 ς’.
479 1182 580 1230 Ἀπὸ
603 1182 645 1228 δὲ
670 1181 809 1228 Λύκου
831 1184 1023 1241 ποταμοῦ
1047 1180 1103 1231 εἰς
1126 1175 1374 1241 Ἡράκλειαν
1388 1213 1402 1234 ,

106 1286 143 1315 15
163 1254 280 1301 πόλιν
313 1252 540 1309 Ἑλληνίδα
581 1251 791 1315 Δωρικὴν,
820 1249 1047 1314 Μεγαρέων
1081 1248 1271 1309 ἄποικον,
1302 1246 1405 1292 στοί-

99 1630 142 1658 :o

102 1978 146 2008 2³

163 1326 229 1370 δια
274 1323 345 1379 ιο’,
370 1323 487 1382 μίλια
510 1323 567 1385 β’,
587 1322 632 1367 ι’
651 1322 708 1374 ς’.

228 1411 283 1441 ιο.
319 1393 551 1455 Ἡράκλεια
578 1395 770 1438 Βοιωτῶν
793 1390 923 1444 κτίσις
942 1389 1013 1436 καὶ
1033 1387 1272 1450 Μεγαρέων·
1294 1386 1403 1438 ἐντὸς

163 1464 206 1510 δὲ
228 1462 383 1518 ταύτην
405 1462 600 1511 Κυανέων
624 1462 826 1516 κτίζουσιν
843 1458 1087 1524 ὁρμηθέντες
1107 1457 1190 1503 ἀπὸ
1208 1460 1279 1513 τῆς
1303 1455 1405 1504 Ἑλ-

162 1532 285 1584 λάδος
307 1531 398 1578 καθ’
420 1530 489 1584 οὓς
513 1532 683 1594 χρόνους
705 1530 907 1594 ἐκράτησε
937 1532 1071 1591 Κῦρος
1095 1526 1276 1583 Μηδίας.

227 1616 283 1649 11.
310 1601 444 1661 Ὁμοῦ
480 1600 562 1646 ἀπὸ
593 1604 666 1646 τοῦ
698 1599 826 1663 Ἱεροῦ
853 1599 927 1650 ἕως
965 1595 1218 1661 Ἡρακλείας
1257 1594 1405 1641 στάδια

164 1671 296 1734 ,αφν’,
321 1672 437 1731 μίλια
464 1669 551 1727 σεῖ’,
574 1670 608 1717 ,1‘
631 1670 684 1725 ς’·
708 1671 775 1715 ἐπ’
800 1669 955 1720 εὐθείας
989 1667 1031 1713 δὲ
1059 1665 1226 1713 πλέοντι
1255 1666 1404 1712 στάδια

234 1739 245 1757 Ι
333 1741 344 1757 Ι
483 1740 494 1757 1
582 1740 594 1757 2
661 1740 671 1754 ἱ
702 1739 735 1756 R!
760 1738 772 1755 C
953 1738 963 1754 Ι
1127 1736 1140 1754 2
1344 1734 1354 1751 Ι

166 1759 233 1802 ,ασ
262 1777 274 1799 ,
296 1742 412 1799 μιλια
436 1740 481 1803 ρξ
501 1778 511 1787 .
591 1745 681 1787 Areo
698 1758 740 1786 οε
776 1740 1012 1802 Ηρακλειας
1043 1739 1098 1789 εἰς
1137 1737 1404 1782 Απολλωνιαν

164 1809 239 1866 τὴν
275 1812 316 1856 ἐν
343 1808 524 1872 Εὐρώπῃ
557 1812 599 1854 ἐν
626 1813 684 1871 τῷ
711 1808 887 1872 Θρᾳκίῳ
917 1807 1021 1853 ἔθνει
1053 1804 1125 1851 καὶ
1157 1803 1405 1867 καταντικρὺ

164 1881 357 1941 κειμένην
378 1879 481 1939 (τὴν
501 1883 570 1924 νῦν
602 1878 828 1939 λεγομένην
851 1876 1091 1932 Σωζόπολιν
1110 1878 1140 1938 ),
1164 1874 1312 1921 στάδια
1349 1893 1403 1936 ,α’

165 1948 345 2011 γίνονται
365 1949 483 2010 μίλια
503 1948 610 2012 ρλγ’,
629 1949 668 1991 ,ε’
687 1949 744 2001 ς’.

230 2036 283 2068 12.
318 2018 419 2067 Ἀπὸ
443 2018 484 2065 δὲ
507 2018 757 2082 Ἡρακλείας
775 2019 933 2070 πόλεως
952 2016 1019 2063 ἐπὶ
1037 2016 1084 2061 τὸ
1102 2017 1308 2078 Μητρῷον
1328 2034 1406 2060 κα·

163 2089 387 2150 λούμενον,
410 2087 456 2134 τὸ
478 2092 549 2134 νῦν
580 2087 801 2148 λεγόμενον
838 2086 996 2144 Αὗλία,
1019 2086 1166 2132 στάδια
1199 2084 1263 2144 π’,
1289 2083 1407 2144 μίλια

166 2158 212 2219 ι’,
234 2159 269 2206 ι’
296 2159 354 2212 ς’.
423 2158 525 2205 Ἀπὸ
540 2155 582 2203 δὲ
600 2162 671 2204 τοῦ
695 2156 905 2221 Μητρῴου
921 2158 977 2208 εἷς
1000 2156 1251 2210 Ποσείδειον,
1275 2153 1323 2199 τὸ
1337 2157 1406 2198 νῦν

165 2227 385 2289 λεγόμενον
403 2227 455 2273 τὰ
474 2226 702 2286 Ποτίστεα,
722 2227 868 2271 στάδια
894 2225 955 2285 μ’,
981 2223 1138 2285 μίλιιιιήι
1159 2258 1171 2271 .
1241 2221 1341 2269 Ἀπὸ
1365 2222 1406 2268 δὲ

165 2302 237 2343 τοῦ
261 2298 499 2344 Ποσειδείου
519 2299 574 2349 εἷς
593 2296 851 2359 Τυνδαρίδας
865 2332 878 2355 ,
898 2293 944 2340 τὸ
959 2298 1028 2340 νῦν
1044 2292 1266 2355 λεγόμενον
1290 2294 1404 2355 Κυρ-

165 2365 312 2424 σαιτὰ,
347 2367 495 2413 στάδια
521 2366 605 2426 με’,
640 2365 758 2425 μίλια
800 2365 856 2417 ς’.
931 2363 1031 2410 Ἀπὸ
1064 2362 1107 2409 δὲ
1138 2362 1403 2422 Τυνδαριδῶν

166 2436 241 2489 ἕως
262 2442 331 2483 τοῦ
356 2436 578 2499 Νυμφαίου
603 2436 749 2481 στάδια
773 2434 860 2495 με’,
878 2434 999 2494 μίλια
1020 2432 1078 2486 ς’.
1147 2431 1247 2478 Ἀπὸ
1269 2430 1311 2477 δὲ
1334 2434 1404 2477 τοῦ

167 2508 385 2572 Νυμφαίου
409 2510 464 2560 εἰς
482 2509 550 2553 τὸν
570 2505 740 2559 Ὀξίναν
763 2505 950 2565 ποταμὸν
970 2504 1117 2550 στάδια
1141 2501 1193 2559 λ’,
1214 2501 1334 2561 μίλια
1355 2499 1404 2546 δ’.

167 2669 383 2718 Marciani,
395 2682 479 2708 non
492 2668 618 2709 habet
630 2668 832 2710 Arrianus
847 2683 857 2717 ;
875 2674 917 2707 at
936 2665 1130 2706 distantia
1144 2662 1249 2704 stad.
1272 2661 1333 2718 ρκ’
1349 2671 1410 2703 est

169 2731 350 2779 Arriani,
369 2744 453 2770 non
475 2743 572 2770 vero
583 2729 783 2784 Menippi.
810 2729 828 2782 ss
844 2741 949 2768 —2.
971 2726 1149 2779 ἐξίησι]
1169 2724 1280 2773 ἔξεισι
1292 2722 1406 2774 cod.;

169 2805 250 2832 em.
286 2790 476 2832 Mcincke
508 2790 558 2831 ad
584 2792 809 2845 Scymnum
846 2793 952 2844 976,
984 2789 1107 2829 ctiam
1127 2787 1204 2829 alia
1219 2784 1406 2842 quaedam

169 2852 222 2895 ad
245 2852 507 2907 refingendos
530 2867 670 2893 versus
687 2860 865 2901 mutans,
895 2865 986 2907 quae
1017 2852 1097 2892 hoc
1126 2850 1218 2892 loco
1239 2863 1322 2890 non
1348 2855 1409 2889 est

169 2929 245 2957 cur
264 2923 510 2971 repetamus.

226 2979 307 3031 58,
329 2977 356 3019 l.
384 2978 424 3019 5.
455 2976 775 3032 Προυσιάδα]
802 2974 1023 3017 Ptolcmaeo
1042 2975 1097 3024 V,
1128 2987 1143 3014 1
1172 2988 1213 3028 p.
1239 2974 1335 3022 313,
1356 2972 1407 3012 25

171 3047 342 3081 vocatur
363 3038 521 3094 Προῦσα
541 3037 634 3094 πρὸς
655 3035 780 3092 ’Υπίῳ
798 3040 984 3092 ποταμῷ;
1006 3035 1195 3090 Προυσιάς
1214 3049 1280 3090 ap.
1312 3035 1408 3074 Ilie-

160 3099 375 3157 ‘roclemp.
394 3102 633 3155 6945anten
648 3098 794 3155 Κιερός.
815 3099 871 3139 V.
890 3099 1089 3139 Memnon
1109 3111 1144 3137 c.
1162 3109 1231 3149 29,
1251 3098 1318 3144 42.
1339 3098 1406 3148 49.

170 3163 292 3205 Plura
310 3177 352 3206 v.
375 3177 445 3220 ap.
468 3163 663 3204 Mannert
677 3162 755 3212 VI,
781 3161 822 3211 3,
847 3175 890 3217 p.
911 3160 1004 3202 566.

225 3229 248 3280 S
266 3230 309 3277 9,
326 3225 356 3268 l.
376 3241 418 3282 9.
437 3224 640 3281 Διλεὸν]
666 3222 828 3282 Διλεοῦν
843 3221 972 3264 codex
990 3221 1145 3272 ςΛίλιον
1162 3220 1377 3274 (Λίλαιον.)
1394 3221 1409 3272 )

171 3289 336 3332 Λιτίιιιι.
361 3291 386 3343 S
404 3290 477 3340 18,
503 3287 574 3329 ubi
608 3287 716 3328 vide.
739 3287 756 3341 ΙΙ
775 3308 833 3319 —
865 3298 929 3328 ιο.
957 3283 1198 3339 Ἐλαιον]
1227 3281 1410 3323 Ἰἰλαιοῦν

171 3351 285 3405 cod.;
300 3365 383 3393 em.
401 3365 452 3392 ex
468 3351 647 3393 Arriano
668 3358 709 3391 et
726 3349 927 3404 Menippo
949 3346 1167 3397 Marciani,
1189 3358 1239 3387 ex
1259 3345 1411 3401 quibus

172 3414 367 3470 deinceps
375 3413 563 3470 suppleta
577 3420 674 3453 sunt
685 3426 778 3468 quae
792 3411 956 3453 uncinis
970 3409 1298 3464 distinguuntur.
1314 3409 1332 3463 11
1356 3431 1412 3439 -

179 3481 245 3517 ι6.
272 3491 360 3518 στα
372 3478 409 3518 ὃ.
442 3475 506 3527 ιο’,
529 3475 613 3532 μίλ.
636 3473 688 3530 β’,
711 3473 803 3531 ι’γ’
824 3473 979 3525 eedex;
1003 3473 1204 3517 Arrianus
1227 3470 1332 3512 stad.
1356 3470 1408 3522 κ’,

173 3537 345 3579 totidem
369 3539 410 3579 in
427 3541 566 3580 Anon.
589 3538 839 3593 flagitantur,
865 3545 912 3579 ut
926 3550 1088 3578 summa
1109 3534 1324 3591 colligatur
1334 3541 1412 3576 sta·

173 3597 340 3641 diorum
363 3601 480 3651 1550,
502 3615 625 3656 quam
647 3610 792 3642 auctor
806 3598 1002 3642 subducit
1023 3602 1046 3654 S
1072 3612 1138 3641 ιι.
1160 3601 1221 3642 Ac
1241 3597 1413 3640 omnino

174 3660 352 3704 offendit
366 3661 466 3703 illud
484 3662 549 3713 20¹,
566 3677 694 3718 quum
716 3664 880 3705 nonnisi
900 3661 1216 3704 rotundioribus
1231 3660 1414 3703 numeris

174 3724 402 3776 Arrianus,
427 3727 673 3780 Anonymus
701 3733 742 3766 ct
764 3726 995 3766 Marcianus
1015 3725 1073 3766 uti
1098 3723 1269 3766 soleant.
1298 3723 1414 3766 Gete-

175 3799 270 3828 rum
289 3785 463 3828 millium
481 3788 644 3828 numeri
667 3787 841 3827 multum
854 3787 969 3829 abest
986 3796 1034 3829 ut
1056 3785 1268 3842 ubiquead
1279 3798 1415 3827 mnus·

177 3850 253 3891 sim
272 3849 404 3891 exacti
423 3849 529 3900 sint;
549 3847 602 3890 de
619 3862 703 3904 qua
731 3863 776 3890 re
793 3849 915 3890 semel
938 3850 1146 3891 monuisse
1167 3847 1357 3890 sufficiat.

233 3913 257 3965 S
292 3916 359 3962 10,
396 3910 423 3952 l.
469 3913 535 3953 18.
563 3910 746 3964 ταύτην
783 3911 1038 3969 Κυανέων]
1079 3912 1217 3964 ταύτης
1247 3910 1415 3953 Κυανίον

180 3971 334 4022 codex;
358 3987 440 4015 cm.
458 3972 715 4015 Holstenius.

236 4036 259 4087 S
281 4038 346 4077 n.
366 4038 470 4088 Quae
489 4035 532 4076 in
545 4035 625 4078 hoc
646 4036 828 4088 seemine
849 4036 1056 4093 leguntur,
1077 4037 1201 4080 habet
1220 4051 1286 4094 ap.
1303 4038 1416 4079 Mar·

1290 172 1574 220 ANONYMI

2589 173 2702 235 (³‚⁴-)

1493 331 1502 340 ι
1526 275 1607 317 Hie
1624 275 1777 319 fluvius
1806 290 1830 318 e
1858 277 2028 331 regione
2058 291 2183 334 super
2202 277 2375 334 Thynos
2406 276 2707 333 Phrygiamque

1469 330 1757 441 ῗιαῼξὲίιςαριςε
1787 332 1873 373 exit
1908 345 1985 387 per
2009 328 2271 389 Thynindem
2303 334 2375 387 (E
2392 331 2552 389 perieg.
2578 331 2704 374 iamb.

1528 443 1570 483 8.
1599 443 1636 483 A
1654 401 1850 495 gangano
1869 441 1997 483 ssuvio
2014 440 2068 483 ad
2082 431 2265 498 Hypium
2280 443 2452 486 fluvium
2466 442 2595 486 stadia
2614 445 2708 493 180,
2760 461 2775 473 >·
2804 468 2808 471 -

1474 497 1586 539 milia
1600 499 1652 547 24
1674 498 1690 550 (
1711 499 1750 539 Ε
1768 497 2018 560 Menippo).

1528 553 1608 594 Hie
1642 552 1794 595 fluvius
1831 551 2086 609 adjacentem
2119 552 2199 595 sibi
2234 551 2374 595 medio
2404 553 2549 596 urbem
2587 554 2710 596 habet
2757 586 2767 597 .
2798 567 2808 582 ’-

1472 622 1712 666 Prusiadem
1734 638 1858 681 quam
1879 632 2026 666 vocant
2051 626 2067 679 (
2085 627 2123 666 E
2132 623 2286 682 μνέες.
2314 624 2440 665 iamb.
2464 639 2508 666 v.
2534 639 2615 680 779
2633 627 2667 679 ).

1529 708 1571 747 9.
1604 692 1671 735 Ab
1693 693 1831 750 Hypio
1854 693 1981 734 ssuvio
1999 691 2051 735 ad
2081 693 2202 734 Diam
2227 692 2399 742 urbem,
2420 690 2472 733 ad
2492 706 2618 747 quam
2641 707 2712 736 na·

1473 768 1617 810 viculis
1645 770 1767 811 statio
1795 777 1871 820 est,
1895 768 2026 811 stadia
2050 773 2120 820 60,
2145 769 2255 810 milia
2277 771 2316 810 8.
2381 770 2415 809 A
2438 768 2517 809 Dia
2535 766 2639 810 urbe
2658 768 2711 811 nd

1474 844 1634 888 Lileum
1659 846 1893 902 emporium
1926 845 2056 888 stadia
2088 849 2167 896 40,
2189 844 2333 887 milia5
2363 834 2476 894 (3·).A
2503 844 2619 886 Lileo
2659 843 2713 887 ad

1473 921 1630 963 Elaeum
1652 923 1887 978 emporium
1907 922 2162 978 fluviumque
2182 921 2312 963 stedia
2328 926 2396 971 60,
2416 921 2525 962 milia
2549 923 2588 963 8.
2615 921 2629 976 [
2646 921 2715 963 Ab

1475 998 1588 1040 Eloeo
1614 998 1674 1039 ad
1705 998 1876 1041 caleam
1897 997 2119 1055 emporium
2145 997 2404 1055 fluviumque
2435 997 2578 1041 stadia
2612 1011 2711 1047 120,

1475 1075 1595 1117 milia
1622 1079 1688 1117 16.
1705 1076 1720 1131 ]
1736 1077 1770 1118 A
1787 1074 1924 1117 Calete
1937 1074 2066 1116 fluvio
2081 1073 2134 1116 ad
2151 1075 2309 1130 Lycum
2318 1074 2492 1116 fluvium
2501 1074 2631 1117 stadia
2643 1077 2712 1125 80,

1476 1152 1587 1194 milia
1633 1166 1684 1195 10
1714 1153 1747 1193 3.
1809 1154 1846 1195 A
1884 1154 1997 1208 Lyco
2028 1151 2155 1192 ssuvio
2187 1149 2241 1191 ad
2274 1149 2539 1201 Heracleam,
2567 1151 2711 1193 urbem

1475 1243 1651 1283 graecam
1686 1242 1861 1285 eamque
1897 1229 2109 1277 Doricam,
2140 1226 2443 1280 Megarensium
2482 1225 2712 1277 coloniam,

1475 1305 1606 1347 stadia
1629 1319 1677 1360 19
1693 1305 1800 1362 (⁴20),
1819 1305 1931 1346 milia
1947 1318 1972 1345 2
1994 1308 2009 1355 ξ
2028 1303 2042 1361 (
2061 1303 2304 1360 EMem'ppo
2321 1312 2360 1343 ce
2376 1301 2596 1356 ArrianoS
2616 1304 2664 1345 18
2680 1305 2716 1358 ).

1540 1400 1605 1429 ιο.
1636 1386 1831 1428 Heraclea
1845 1417 1855 1437 ,
1881 1387 2120 1427 Boeotorum
2143 1384 2305 1426 colonia
2325 1391 2366 1425 et
2386 1384 2688 1439 Megarensium
2701 1414 2714 1435 ,

1477 1468 1602 1510 quam
1640 1455 1748 1496 intra
1780 1454 1961 1510 Cyaneas
1990 1451 2177 1494 condunt
2195 1467 2219 1493 e
2238 1453 2396 1494 Graecia
2422 1451 2594 1507 profecti
2631 1465 2716 1508 quo

1476 1534 1663 1581 tempore
1682 1525 1814 1581 Cyrus
1834 1524 2050 1580 imperavit
2068 1522 2215 1564 Mediae
2246 1523 2263 1576 (
2278 1524 2318 1563 E
2328 1521 2483 1579 perieg.
2510 1535 2590 1576 972
2603 1523 2637 1576 ).

1538 1609 1604 1636 ιι.
1634 1596 1684 1636 In
1713 1608 1875 1635 summa
1900 1609 1924 1635 a
1954 1594 2081 1635 Hiero
2100 1606 2230 1647 usque
2251 1590 2304 1632 ad
2326 1590 2563 1632 Heracleam
2586 1589 2716 1632 stadia

1482 1663 1602 1714 1550,
1628 1662 1739 1704 milia
1768 1666 1849 1704 206
1880 1665 1921 1714 -ζ,
1946 1661 2009 1702 sin
2038 1662 2148 1702 recta
2175 1659 2398 1714 navigaris,
2422 1658 2550 1700 stadia
2594 1672 2714 1711 1200,

1478 1731 1589 1775 milia
1613 1734 1704 1773 160.
1764 1730 1831 1772 Ab
1861 1728 2057 1771 Heraclea
2076 1727 2127 1769 ad
2148 1727 2425 1783 Apolloniam,
2462 1726 2608 1768 urbem
2631 1727 2715 1769 Eu-

1477 1814 1588 1855 ropae
1627 1800 1669 1841 in
1709 1799 1910 1850 Thracia,
1953 1813 2003 1839 ex
2047 1796 2220 1839 adverso
2267 1795 2472 1838 Heracleae
2510 1793 2716 1849 jacentem

1476 1874 1493 1927 (
1509 1887 1621 1914 nunc
1641 1871 1850 1929 Sozopolis
1870 1879 2039 1913 vocatur
2058 1870 2092 1927 ),
2110 1868 2239 1911 stadia
2262 1882 2367 1910 ιοοο
2391 1869 2407 1922 (
2424 1866 2515 1909 deb.
2540 1881 2651 1911 2000
2668 1870 2684 1922 )
2701 1899 2713 1917 ,

1477 1944 1603 1987 millia
1630 1945 1705 1987 133
1732 1949 1742 1963 '
1765 1946 1782 1998 (
1803 1947 1841 1986 E
1862 1942 2108 2000 Menippo).

1539 2031 1603 2060 ια.
1636 2016 1701 2060 Ab
1732 2015 1834 2058 urbe
1862 2014 2058 2058 Heraclea
2079 2013 2132 2056 ad
2158 2016 2366 2056 Meti-oum
2389 2011 2548 2054 dictum
2565 2043 2576 2063 ,
2602 2011 2716 2069 quod

1477 2114 1588 2140 nunc
1608 2098 1728 2141 Aulia
1746 2096 1989 2154 appellatur,
2024 2094 2155 2137 stadia
2175 2097 2245 2145 80,
2265 2094 2378 2136 milia
2416 2107 2466 2137 ιο
2487 2101 2519 2146 g.
2580 2098 2615 2136 A
2630 2094 2719 2135 Me·

1478 2187 1571 2220 troo
1600 2177 1654 2219 ad
1684 2176 1898 2220 Posidium
1914 2207 1925 2227 ,
1947 2189 2063 2218 nunc
2090 2176 2270 2217 Potistea
2288 2174 2464 2226 dictum,
2486 2172 2617 2216 stadia
2649 2177 2717 2223 60,

1479 2258 1591 2300 milia
1610 2258 1654 2298 8.
1714 2259 1750 2298 A
1770 2253 1937 2297 Posidio
1955 2254 2008 2296 ad
2024 2252 2285 2311 Tyndaridas
2298 2284 2310 2305 ,
2330 2267 2443 2295 nunc
2461 2254 2641 2310 Cyrsaeta
2653 2268 2723 2311 ap·

1475 2337 1663 2394 peilatus,
1689 2335 1819 2378 stadia
1836 2339 1909 2388 45,
1937 2335 2049 2377 milia
2066 2339 2107 2377 6.
2168 2338 2203 2377 A
2232 2332 2485 2391 Tyndaridis
2505 2332 2559 2376 ed
2589 2333 2720 2390 Nym-

1476 2418 1642 2474 phaeum
1663 2415 1794 2458 stadia
1823 2418 1892 2467 45,
1913 2415 2026 2457 milia
2058 2419 2100 2457 6.
2162 2417 2197 2458 A
2216 2414 2447 2471 Nympbaeo
2468 2412 2521 2455 ad
2541 2414 2719 2456 Oxinam

1478 2500 1651 2540 fluvium
1672 2498 1803 2540 stadia
1823 2499 1891 2551 30,
1909 2497 2022 2539 milia
2045 2500 2068 2547 4
2090 2498 2193 2552 (Ex
2215 2496 2401 2538 Arriano
2422 2498 2445 2551 S
2473 2509 2523 2551 19
2540 2497 2575 2551 ).

1481 2662 1645 2702 cianum
1681 2660 1902 2715 Menippus
1937 2658 2093 2714 (quem
2115 2656 2299 2704 διάπλους
2317 2655 2536 2710 diligenter
2559 2662 2720 2697 notasse

1478 2724 1630 2764 scimus
1646 2724 1685 2776 );
1708 2736 1792 2762 non
1819 2720 1943 2762 habet
1957 2720 2173 2762 Arrianus.
2189 2722 2382 2760 Attamen
2402 2717 2445 2758 in
2460 2730 2622 2758 summa
2640 2725 2719 2759 sta-

1478 2784 1645 2825 diorum
1670 2783 1775 2825 1550
1792 2783 1941 2823 Noster
1966 2779 2124 2823 recedit
2138 2795 2162 2822 a
2184 2780 2382 2836 Menippo
2401 2778 2599 2821 Marciani
2615 2811 2627 2830 ,
2646 2781 2719 2836 qui

1479 2847 1646 2889 nonnisi
1678 2846 1783 2888 1530
1823 2852 1994 2901 exputat
2018 2843 2071 2886 ab
2093 2845 2220 2886 Hiero
2250 2842 2303 2885 ad
2339 2841 2592 2885 Heracleum.
2619 2843 2635 2895 ΙΙ
2664 2866 2721 2875 -

1480 2912 1549 2951 23.
1575 2907 1657 2961 τὴν
1682 2907 1998 2963 Σωζόπολιν]
2028 2909 2096 2959 τῆς
2118 2909 2185 2948 νῦν
2216 2906 2431 2963 λεγομένης
2460 2904 2722 2955 Σωζοπόλιως

1479 2972 1608 3014 codex
1618 2980 1657 3013 et
1673 2970 1789 3013 editt.
1802 2970 2107 3026 Inl'rajquoque,
2122 2969 2192 3011 ubi
2208 2968 2259 3011 ad
2271 2968 2529 3025 Apolloniam
2542 2969 2722 3011 narratio

1480 3036 1660 3086 devenit,
1684 3035 1831 3090 legitur
1857 3047 1867 3075 ε
1890 3032 1964 3075 ἀπὸ
1994 3031 2251 3081 Ἀπολλωνίας
2275 3030 2423 3084 τῆςκαὶ
2442 3030 2717 3081 Σωζοπόλεως.

1479 3102 1737 3141 Memoratur
1770 3099 1849 3140 hoc
1883 3098 2051 3139 nomino
2080 3095 2178 3137 urbs
2211 3096 2253 3136 in
2276 3093 2463 3136 Concilio
2485 3093 2718 3149 Epheeino,

1481 3162 1545 3202 cui
1564 3163 1758 3202 intererat
1777 3160 2024 3203 Athanasius
2042 3158 2243 3206 ἐπίσκοπος
2259 3159 2325 3210 τῆς
2341 3155 2438 3198 κατὰ
2448 3154 2639 3198 Δουελτὸν
2657 3157 2723 3198 καὶ
2804 3168 2808 3179 ··

1481 3224 1706 3272 Σωζόπολιν
1722 3239 1732 3274 ;
1751 3222 1875 3265 hodie
1886 3222 2076 3279 Sizepoli.
2100 3223 2117 3276 11
2136 3245 2192 3253 —
2206 3224 2275 3270 24.
2293 3220 2428 3261 σταδ.
2444 3219 2500 3277 1⁸]
2517 3232 2604 3261 esse
2621 3217 2719 3261 deb.
2803 3240 2808 3243 -

1482 3288 1590 3329 σταδ.
1615 3287 1679 3344 ,βς
1711 3285 1781 3327 scd
1811 3285 2080 3341 depravatum
2108 3297 2328 3326 numerum
2360 3283 2497 3338 ipsum
2522 3282 2723 3338 reperisse
2795 3283 2798 3287 ’

1484 3353 1751 3405 Anonymum
1774 3363 1797 3389 c
1818 3348 1975 3389 milium
1999 3361 2175 3389 numero
2200 3346 2422 3400 colligitur.
2442 3342 2560 3386 Idem
2577 3345 2722 3388 vitium
2787 3341 2790 3346 ’

1482 3421 1543 3454 cst
1567 3413 1608 3453 in
1627 3412 1825 3467 Menippo
1843 3411 2055 3453 Marciani.

1538 3478 1561 3529 S
1583 3480 1646 3518 12.
1667 3476 1715 3516 In
1739 3474 1818 3516 hoc
1837 3476 1860 3528 S
1889 3473 2044 3529 ubique
2063 3487 2159 3515 cum
2191 3473 2370 3515 Arriano
2392 3469 2407 3527 (
2429 3484 2454 3512 a
2474 3483 2561 3526 quo
2582 3467 2723 3511 differt

1482 3539 1715 3579 Marcianus
1737 3540 1766 3592 )v
1795 3536 2015 3587 consentit,
2058 3536 2134 3577 nisi
2173 3534 2287 3591 quod
2325 3549 2350 3576 a
2381 3529 2633 3589 Tyndaridis
2668 3528 2723 3573 ad

1483 3600 1758 3656 Nympharum
1782 3614 1865 3641 non
1895 3598 1941 3640 15
1963 3597 2124 3653 stadia(
2147 3606 2193 3639 ut
2210 3597 2456 3651 Arrianus),
2478 3592 2551 3636 sed
2570 3593 2622 3643 45
2644 3601 2723 3635 stn-
2775 3643 2780 3646 Ι

1484 3661 1552 3703 dia
1567 3663 1683 3719 ponit
1695 3694 1706 3712 ,
1730 3662 1898 3704 sortasse
1919 3662 2066 3703 vitioso
2083 3660 2248 3704 Arriani
2266 3658 2409 3701 codice
2423 3669 2536 3699 usus.
2550 3656 2655 3698 Nam
2671 3669 2724 3697 ne

1485 3725 1753 3779 corrigamus,
1775 3738 1825 3765 co
1849 3722 2118 3779 impedimur,
2139 3721 2253 3778 quod
2277 3736 2329 3763 ne
2356 3719 2525 3762 servatis
2552 3716 2723 3773 quidem

1486 3787 1571 3827 istis
1598 3786 1739 3828 stadiis
1764 3786 1839 3837 45,
1864 3800 2026 3827 summa
2046 3784 2276 3827 stadiorum
2302 3798 2400 3839 700,
2421 3795 2546 3837 quam
2578 3787 2724 3821 auctor
2768 3834 2769 3838 Ἰ

1485 3849 1537 3890 ab
1561 3849 1753 3891 Heraclea
1786 3847 1838 3890 ad
1880 3849 2089 3891 Amastrin
2110 3862 2197 3890 esse
2219 3846 2343 3898 dicit,
2370 3844 2591 3899 colligitur.
2627 3843 2644 3896 ΙΙ
2666 3861 2775 3875 -·-

1486 3925 1556 3967 27.
1579 3911 1765 3968 Λύλία]
1798 3910 1944 3952 Λῦλαία
1966 3909 2077 3966 conj.
2093 3909 2267 3953 Gailius.
2289 3909 2307 3964 ss
2329 3930 2387 3940 —
2404 3907 2473 3949 3ι.
2497 3905 2722 3960 Τυνδαριο

1486 3974 1601 4030 δῶν]
1627 3974 1897 4029 Τυνδαριόίνης
1919 3972 2034 4022 cod.;
2055 3987 2138 4015 em.
2157 3971 2330 4015 Gailius.
2351 3971 2544 4012 Ceterum
2572 3965 2720 4009 deotoe
2804 4024 2808 4026 -

1489 4036 1594 4092 gulis
1611 4035 1702 4077 vide
1722 4048 1810 4077 not.
1833 4034 1883 4077 ad
1915 4034 2080 4078 Arrian.
2796 4037 2802 4044 ’
