2782 4348
63 198 218 258 (πω.)

0 291 178 351 οῐ.ἑ’νεκα
199 300 246 347 τὸ
275 303 347 357 ζῆν
381 297 709 361 ὖπερτείναντες,
731 295 1074 358 προσπταίσμασι
1103 301 1176 342 τοῦ
1201 297 1290 359 βίου

61 373 254 431 μετροῦσι
271 368 346 425 τὴν
366 367 515 422 λύπην·
539 363 646 410 ἀλλὰ
676 368 831 426 μικρῶν
863 365 1045 423 δεόμενοι
1069 365 1197 427 μικρὰ
1218 365 1290 410 καὶ

59 443 270 495 πενθοῦσι,
301 437 347 482 τὸ
366 435 441 495 μὲν
460 436 608 495 ἀρκοῦν
632 432 856 493 κτώμενοι,
880 434 925 478 τὸ
947 433 990 478 δὲ
1008 433 1132 479 πλέον
1151 436 1196 480 οὔ
1216 437 1287 491 ζη-

57 510 232 558 τοῦντες.
300 504 493 565 Ἐνοχλεῒ
513 501 548 547 δ’
580 499 750 547 ἕκαστον
772 504 817 547 οὔ
840 501 887 547 τὸ
923 501 1219 562 ἀγνοούμενον,
1253 505 1288 548 εἷ

23 594 42 623 5
61 574 119 635 μὴ
142 574 366 637 πάρεστιν,
401 569 509 616 ἀλλὰ
544 568 591 615 τὸ
616 569 837 632 βουλητὸν,
872 568 970 616 ὅταν
1007 571 1194 633 ὑστερίζῃ
1216 576 1287 617 τοῦ

55 647 200 705 καιροῦ
235 645 308 696 τῆς
340 637 557 699 ἐπιθυμίας
597 638 866 696 σπευδούσης.
932 640 1097 686 Οὐκοῦν
1138 641 1286 692 ἐκεῖνος

55 710 177 757 πάντ’
203 708 309 771 ἔχων
343 708 369 754 ἃ
392 707 522 765 θέλει,
558 708 774 771 εὖτυχήσει
796 708 905 754 κατὰ
937 707 1007 753 τὸν
1030 712 1104 765 τῆς
1131 706 1288 771 φύσεως

54 778 272 837 λογισμὸν,
296 780 340 823 οὔ
364 776 472 823 κατὰ
493 776 561 822 τὸν
599 781 670 833 τῆς
694 777 827 834 δόξης.
898 777 1053 838 Νόμοις
1085 776 1127 823 δὲ
1149 779 1194 824 οὗ
1217 779 1288 823 δι-

53 852 277 894 καιοῦνται·
295 847 336 892 τί
353 846 433 909 γὰρ
456 847 518 892 δεῖ
541 847 832 908 προστάγματι
849 845 1050 894 δουλεύειν
1069 846 1138 893 τὸν
1159 848 1287 912 χωρὶς

50 916 296 979 γράμματος
318 917 588 976 εὐγνωμονεῖν
612 916 860 977 δυνάμενον;

113 1002 170 1034 50.
191 983 292 1032 “On
316 985 421 1054 μετὰ
439 984 532 1037 τοὺς
551 984 844 1050 Ἰχθυοφάγους
859 985 974 1049 παρὰ
987 985 1054 1032 τὸν
1074 985 1285 1034 Ἀσταὸά«

52 1073 125 1118 ραν
143 1053 331 1115 ποταμὸν
345 1090 357 1111 ,
385 1053 426 1106 ὃς
449 1054 615 1118 φέρεται
638 1055 712 1115 μὲν
736 1055 801 1100 διὰ
817 1060 887 1112 τῆς
900 1054 1112 1108 Αἰθιοπίας
1129 1054 1200 1101 καὶ
1214 1058 1285 1111 τῆς

50 1123 210 1180 Λιὸύης
225 1159 238 1184 ,
259 1123 347 1169 ἔστι
363 1125 405 1169 δὲ
424 1129 494 1169 τοῦ
519 1124 668 1171 Νείλου
684 1126 825 1186 πολλῷ
847 1124 1129 1188 ταπεινότερος
1144 1162 1157 1182 ,
1183 1143 1284 1184 συμ-

50 1194 213 1240 ὅάλλων
235 1193 277 1239 δὲ
296 1193 368 1250 τὴν
386 1194 539 1240 οἰκείαν
561 1193 691 1258 ὁρμὴν
715 1197 774 1257 τῷ
799 1194 951 1254 μείζονι
976 1194 1136 1258 ῥείθρῳ,
1160 1198 1282 1250 νῆσον

0 1281 28 1328 {⁵
49 1270 158 1309 ποιεῖ
179 1267 230 1325 τῇ
254 1263 490 1327 περιρρύσει
513 1262 587 1318 τὴν
611 1263 803 1325 Μερόην,
827 1263 941 1325 παρὰ
960 1267 1056 1324 γοῦν
1077 1264 1145 1309 τὸν
1166 1265 1283 1325 εἰρη-

48 1333 169 1393 μένον
196 1332 382 1392 ποταμὸν
407 1332 471 1378 ἐπ’
500 1333 744 1395 ἀμφοτέροις
774 1333 959 1378 κατοικεῖ
988 1334 1071 1384 τοῖς
1101 1333 1279 1394 χείλεσιν

25 1504 35 1515 .
50 1451 155 1529 ρίδος
173 1464 314 1527 καιρὸν
339 1463 505 1524 ἀνοίγει,
530 1465 794 1509 παλισσυτῶν
812 1462 854 1508 δὲ
874 1462 983 1508 κατὰ
998 1462 1072 1518 τὴν
1090 1462 1281 1524 ἄμπωτιν

48 1533 274 1580 ἀποκλείει.
343 1532 496 1595 Διόπερ
535 1532 753 1592 συμὸαίνει
780 1532 871 1577 καθ’
905 1531 1083 1588 ἑκάστην
1124 1532 1283 1594 ἡμέραν

45 1602 376 1665 πλημμυρούσης
399 1601 473 1662 μὲν
497 1604 569 1657 τῆς
593 1601 801 1658 θαλάττης
832 1603 878 1647 ἐκ
904 1605 1028 1663 βυθοῦ
1046 1601 1139 1653 τοὺς
1169 1603 1283 1663 ἰχθῦς

47 1670 411 1734 συνεκφερομένους
428 1669 495 1715 διὰ
516 1674 597 1716 τῶν
617 1673 747 1732 θυρῶν
766 1671 1101 1734 παρεισπίπτειν,
1124 1673 1284 1732 ἀναχω-

43 1740 193 1804 ρούσης
216 1739 257 1786 δὲ
282 1739 340 1800 μὴ
363 1739 558 1786 δύνασθαι
586 1742 669 1792 τοῖς
691 1741 825 1804 ὑγροῖς
847 1743 1101 1803 συνδιαρρεῖν
1123 1739 1190 1785 διὰ
1210 1745 1283 1796 τῆς

43 1813 124 1855 τῶν
149 1808 353 1870 καλάμων
388 1810 560 1864 πλοκῆς.
630 1808 704 1855 Διὸ
733 1810 804 1855 καὶ
823 1810 940 1873 παρὰ
978 1810 1047 1855 τὸν
1072 1809 1277 1855 Ὠκεανὸν

46 1878 173 1930 ἐνίοτε
208 1878 378 1942 σωροὺς,
398 1878 549 1941 ἰχθύων
585 1879 844 1942 σπαιρόντων
868 1883 966 1942 ὁρᾶν
996 1879 1082 1925 ἔστι
1109 1878 1283 1940 γινομέ-

44 1967 156 2008 νους,
194 1948 261 2002 οὓς
300 1948 595 2009 ἀναλεγόμενοι
619 1953 798 2010 συνεχῶς
828 1952 864 1995 οἱ
897 1949 998 2012 πρὸς
1029 1947 1187 2000 τούτοις
1207 1968 1280 1994 τε-

43 2016 238 2079 ταγμένοι
281 2019 464 2079 δαψιλεῖς
507 2019 756 2071 ἀπολαύσεις
798 2019 940 2081 ἔχουσι
977 2018 1048 2065 καὶ
1098 2018 1281 2080 μεγάλας

41 2085 275 2149 προσόδους.
341 2085 474 2134 Ἔνιοι
496 2088 537 2133 δὲ
557 2091 638 2134 τῶν
655 2089 749 2151 περὶ
763 2088 854 2140 τοὺς
873 2087 1021 2140 τόπους
1045 2087 1281 2151 διοιτριὸόν-->

41 2175 138 2214 των,
161 2156 351 2208 πεδιάδος
372 2175 415 2202 τε
435 2156 507 2202 καὶ
525 2161 721 2213 ταπεινῆς
741 2161 814 2213 τῆς
833 2159 975 2221 χώρας
998 2157 1279 2219 ὑπαρχούσης,

41 2225 218 2287 τάφρους
239 2226 474 2287 ὀρύττουσιν
499 2226 579 2271 ἀπὸ
606 2226 811 2281 θαλάττης
835 2225 991 2287 εὐρείας
1016 2225 1084 2270 ἐπὶ
1106 2226 1280 2277 πολλοὺς

44 2292 230 2345 σταδίους
248 2293 467 2355 μέχριτῶν
491 2294 603 2339 ἰδίων
629 2294 864 2338 ἐπαύλεων·
898 2292 1111 2356 ῥαὸδωτὰς
1133 2291 1175 2338 δὲ
1200 2293 1278 2339 θύ-

46 2381 117 2425 ρας
140 2364 205 2407 ἐπ’
226 2362 359 2425 ἄκρας
377 2361 501 2414 αὐτὰς
520 2362 838 2419 ἐπιστήσαντες,
875 2360 1175 2426 ἀναδαινούσης
1202 2363 1276 2421 μὲν

42 2436 115 2488 τῆς
137 2431 426 2493 πλημμυρίδος
446 2431 692 2492 ἀνοίγουσιν,
712 2433 767 2483 εἰς
786 2433 828 2476 δὲ
851 2431 1082 2476 τούναντίον
1102 2449 1276 2490 μεταπι-

41 2500 226 2556 πτούσης
244 2501 459 2546 κλείουσιν·
484 2494 572 2546 εἶτα
595 2504 669 2556 τῆς
692 2500 766 2560 μὲν
787 2500 990 2556 θαλάττης
1009 2499 1076 2545 διὰ
1098 2503 1178 2545 τῶν
1198 2503 1274 2556 τῆς

43 2570 165 2633 θύρας
192 2569 471 2631 ἀραιωμάτων
494 2569 788 2632 ἀπορρεούσης,
814 2573 895 2614 τῶν
919 2571 952 2614 δ’
986 2569 1137 2631 ἰχθύων
1172 2574 1277 2615 ἀπο-

41 2638 274 2702 ληφθέντων
299 2642 339 2685 ἐν
361 2643 452 2691 ταῖς
478 2639 673 2703 τάφροις,
708 2637 974 2698 ταμιεύονται
1004 2639 1076 2683 καὶ
1103 2638 1275 2698 λαμὸά-

41 2728 176 2756 νουσιν
210 2708 327 2760 ὅσους
354 2708 402 2753 ἂν
438 2711 717 2772 προαιρῶνται
748 2710 819 2754 καὶ
854 2712 945 2754 καθ’
969 2707 1012 2753 ὃν
1043 2707 1091 2752 ἂν
1128 2709 1274 2770 χρόνον

43 2779 286 2841 βούλωνται.
311 2779 329 2840 ]

98 2865 156 2896 50.
201 2847 492 2903 Διεληλυθότες
531 2845 574 2892 δὲ
614 2847 708 2910 περὶ
744 2850 824 2893 τῶν
856 2848 1161 2910 παροικούντων
1194 2847 1270 2904 τὴν

48 2917 120 2962 ’πὸ
142 2921 214 2974 τῆς
236 2916 505 2969 Βαὸυλωνίας
538 2917 741 2979 παράλιον
771 2916 844 2969 ἕως
872 2917 1063 2980 Ἀραδίου
1091 2916 1271 2973 κόλπου,

74 2987 134 3050 ερὶ
155 2990 235 3032 τῶν
259 2987 349 3043 ἑξῆς
368 2986 523 3039 τούτοις
542 2989 663 3033 ἐθνῶν
685 2986 877 3046 διέξιμεν.
948 2987 1071 3034 Κατὰ
1098 2986 1177 3049 γὰρ
1197 2986 1272 3043 τὴν

47 3058 257 3103 Αἰθιοπίαν
285 3056 358 3111 τὴν
384 3056 486 3119 ὑπὲρ
521 3056 731 3117 Αἰγύπτου
761 3057 875 3118 παρὰ
915 3056 981 3102 τὸν
1013 3057 1271 3119 Ἀσταὸάραν

67 3124 286 3186 αλούμενον
301 3125 487 3185 ποταμὸν
507 3127 699 3188 παροικεῖ
712 3126 758 3171 τὸ
774 3130 855 3171 τῶν
872 3125 1131 3188 εΡιζοφάγων
1147 3125 1271 3177 ἔθνος.

57 3196 120 3240 Εκ
150 3195 230 3257 γὰρ
262 3198 342 3241 τῶν
382 3194 681 3258 πλησιοχώρων
714 3195 787 3248 τὰς
819 3196 930 3260 ῥίζας
958 3198 1039 3240 τῶν
1072 3194 1273 3255 καλάμων

0 3274 4 3317 J
66 3263 270 3325 ρύττοντες
287 3266 322 3309 οἱ
341 3264 542 3328 βάρὸαροι
562 3264 758 3310 πλύνουσι
778 3267 1013 3328 φιλοτίμως·
1029 3265 1273 3321 ποιήσαντες

72 3427 79 3435 .
106 3411 128 3434 κ
141 3394 241 3449 ατὰ]
255 3395 319 3435 καὶ
332 3396 430 3437 κατὰ
443 3412 536 3451 vgo.
556 3401 659 3451 Quae
673 3399 783 3454 apud
798 3400 1031 3441 Diodorum
1046 3408 1276 3454 sequuntur

81 3460 133 3510 49
150 3471 187 3506 a,
218 3458 275 3497 ita
306 3467 402 3498 sunt
424 3469 674 3515 comparata,
696 3469 743 3501 ut
771 3461 935 3502 dubites
954 3477 1057 3503 num
1085 3477 1136 3503 ex
1168 3465 1274 3516 Aga-

57 3517 254 3558 harchide
271 3518 464 3560 fluxerint
484 3535 537 3561 an
564 3521 730 3562 aliunde
744 3522 826 3563 sint
847 3524 1101 3578 interposita.

93 3583 200 3632 §50.
225 3580 252 3620 l.
278 3593 295 3620 1
306 3593 343 3620 1.
378 3579 415 3620 ‘A
427 3596 479 3622 στ
491 3582 544 3622 αὖ
558 3583 581 3622 ά
593 3584 702 3638 ραν]
723 3584 847 3638 Apud
863 3585 1096 3626 Diodorum
1111 3586 1273 3628 codices

61 3650 230 3697 orrupte
251 3641 364 3682 ’Άσαν
379 3673 391 3692 ,
412 3643 524 3697 quod
540 3646 716 3685 correxi.
738 3647 931 3687 Ceterum
954 3662 1084 3702 quum
1103 3648 1271 3703 reliquis

0 3719 10 3769 γ
68 3706 187 3745 uvius
212 3704 279 3744 hic
305 3703 449 3759 (nunc
463 3706 628 3746 Atbara
648 3715 688 3747 et
713 3710 919 3762 Tacasse)
952 3708 1178 3765 Ἀσταὸόρας
1207 3711 1270 3751 di-

3 3809 6 3814 ,
62 3774 169 3815 atur,
190 3765 233 3805 id
245 3773 387 3806 nostro
403 3779 568 3821 quoque
583 3767 675 3808 loco
689 3770 978 3822 reposuissem,
1000 3772 1078 3812 nisi
1096 3787 1267 3828 scrupu-

82 3841 125 3866 m
146 3825 332 3880 injiceret
354 3826 536 3868 AElianus
550 3829 603 3868 N.
625 3831 708 3870 An.
726 3830 863 3880 XVII,
881 3835 948 3881 40,
971 3833 1041 3886 qui
1059 3834 1075 3886 (
1093 3848 1143 3874 ex
1162 3837 1267 3889 Aga-

85 3888 251 3930 archide
274 3889 442 3945 nostro)
466 3903 475 3930 :
506 3889 573 3931 Ἐν
600 3889 737 3939 Ἰνδοῖς
769 3893 881 3945 (hoc
907 3895 1055 3935 AEliani
1074 3899 1164 3951 est)
1190 3897 1271 3939 ἐστὶ

68 3953 148 4007 ώρα
162 3951 248 4006 περὶ
268 3951 334 3993 τὸν
359 3951 493 3994 Ἀστα
505 3953 526 3994 6
538 3954 589 4009 άρ
605 3969 655 3994 αν
683 3955 856 4010 ποταμὸν
875 3956 912 3998 ἐν
928 3959 1009 4005 τοῖς
1024 3958 1272 4015 καλουμένοις

95 4015 299 4070 ιζοφάγοις.
324 4014 429 4056 Κατὰ
450 4013 520 4067 τὴν
536 4019 603 4057 τοῦ
619 4017 766 4072 Σειρίου
786 4019 912 4060 τοίνυν
940 4019 1120 4072 ἐπιτολὴν
1144 4026 1272 4064 κωνώ-

951 197 1031 242 ΒΕ
1063 197 1222 243 MARI
1251 198 1612 247 ERYTHRAEO.

2497 230 2573 267 141

1358 307 1511 359 hostili,
1545 308 1780 350 domesticis
1815 309 2051 354 infortuniis
2082 312 2335 371 affliguntur,
2366 338 2441 367 nec
2472 336 2585 374 navi-

1359 362 1493 415 gando
1522 364 1624 405 lucri
1649 365 1776 419 gratia
1797 366 1922 406 vitam
1945 367 2200 410 intendentes
2231 373 2408 419 advers1s
2425 386 2584 428 casibus

1357 418 1642 470 aegritudinem
1678 421 1919 471 metiuntur,
1957 421 2029 462 sed
2063 421 2165 464 dum
2198 428 2352 481 exiguis
2384 434 2566 491 indigent

1357 473 1503 526 exigua
1512 475 1633 515 etiam
1648 474 1810 525 dolent;
1824 475 1937 530 quod
1953 477 2064 517 enim
2079 479 2174 519 satis
2188 487 2412 537 esttenent,
2423 499 2462 530 ct
2473 475 2583 547 quod

1355 527 1449 581 plus
1476 537 1537 568 est
1558 544 1642 569 non
1669 531 1899 584 inquirunt.
1959 533 2308 591 Unumquemque
2337 551 2472 585 autem
2544 565 2584 590 r-

1357 582 1498 623 turbat
1515 598 1599 624 non
1618 583 1661 624 id
1678 585 1791 638 quod
1815 586 1990 640 ignorat,
2015 588 2048 628 si
2071 588 2190 639 absit,
2219 592 2290 634 sed
2320 598 2433 650 quod
2458 562 2587 646 liffim

1355 637 1564 678 voluntate
1577 641 1745 693 appetit,
1757 641 1789 681 si
1806 650 2052 696 properante
2070 645 2292 699 cupiditate
2307 650 2359 691 ab
2376 658 2586 700 occasione

1355 691 1519 733 fruendi
1534 693 1794 736 destituatur.
1855 698 2060 748 Quocirca
2075 699 2139 740 ille
2161 712 2307 745 cuncta
2326 706 2478 752 habens
2496 727 2586 768 quae

1353 748 1466 799 velit,
1480 748 1623 789 beatus
1640 750 1718 803 erit
1735 749 1788 790 ad
1800 759 1955 792 naturae
1968 754 2186 806 rationem,
2208 772 2291 800 non
2311 762 2365 804 ad
2378 766 2584 819 opinionis

1348 802 1571 858 judicium.
1630 805 1716 845 Nec
1754 805 1909 859 legibus
1933 805 2001 860 jus
2033 808 2274 865 disceptant.
2334 820 2446 871 Quid
2474 826 2585 867 enim

1355 873 1459 915 opus
1480 868 1541 900 est
1557 859 1693 901 edicto
1722 861 1952 902 subservire
1978 877 2073 904 eum
2096 867 2166 919 qui
2193 870 2279 910 sine
2297 872 2411 916 litera
2432 888 2583 922 rectam

1353 915 1520 966 habere,
1549 924 1590 956 et
1607 915 1723 957 factis
1740 916 1934 958 exhibere
1956 927 2136 961 mentem
2158 928 2316 977 potest?

1411 990 1479 1032 50.
1496 993 1594 1032 Post
1607 983 2063 1047 Ichthyophagosjuxta
2076 996 2231 1039 flumen
2242 1002 2494 1059 Astabaram,
2513 1013 2584 1065 qui

1351 1072 1427 1113 per
1446 1058 1698 1114 AEthiopiam
1716 1068 1757 1100 et
1778 1060 1951 1116 Libyam
1973 1060 2157 1105 defertur
2170 1065 2288 1122 longe
2305 1072 2398 1114 Nilo
2412 1076 2586 1119 submis-

1351 1127 1450 1177 sior,
1468 1126 1710 1182 alveumque
1733 1142 1852 1168 suum
1870 1143 1966 1169 cum
1988 1130 2142 1185 majore
2157 1135 2405 1193 conjungens
2427 1145 2585 1188 ambitu

1352 1209 1428 1236 suo
1442 1197 1615 1237 Meroen
1640 1197 1817 1238 insulam
1839 1197 1964 1239 efficit
1991 1213 2000 1241 :
2025 1200 2148 1255 hujus
2172 1205 2296 1258 igitur
2316 1213 2447 1253 amnis
2464 1213 2582 1269 juxta

1353 1265 1463 1320 ripas
1486 1274 1682 1320 utrasque
1711 1267 1833 1308 turba
1862 1267 2050 1322 quaedam
2072 1270 2288 1315 hominum
2312 1278 2468 1322 habitat
2498 1299 2586 1325 non

1351 1346 1589 1384 numerosa,
1611 1334 1680 1375 tali
1705 1335 1796 1375 vitae
1821 1336 1996 1378 ratione.
2057 1340 2121 1379 Ex
2141 1341 2274 1383 vicina
2294 1346 2442 1399 palude
2464 1364 2586 1391 arun..

1353 1479 1520 1512 vocatus
1553 1473 1704 1513 iterum
1737 1473 1905 1516 claudit.
1965 1478 2075 1519 Hinc
2110 1479 2157 1520 fit
2197 1490 2244 1522 ut
2276 1485 2460 1538 quotidie
2491 1502 2585 1529 cum

1351 1558 1476 1597 maris
1493 1556 1649 1597 effluxu
1666 1558 1797 1613 pisces
1822 1574 1871 1600 ex
1894 1562 2104 1616 profundo
2127 1565 2285 1607 advecti
2310 1583 2383 1624 per
2405 1573 2508 1613 ostia
2532 1575 2587 1614 ir-

1351 1651 1561 1698 rumpant,
1583 1658 1715 1699 eoque
1734 1654 1986 1698 revertente,
2009 1648 2110 1689 dum
2139 1664 2221 1692 una
2241 1666 2335 1694 cum
2364 1657 2480 1710 aquis
2512 1671 2588 1712 per

1351 1728 1574 1770 arundines
1617 1739 1827 1772 contextas
1872 1732 1975 1774 elabi
2023 1745 2236 1791 nequeunt
2253 1769 2265 1789 ‚
2305 1738 2580 1782 detineantur.

1350 1814 1512 1856 Idcirco
1543 1815 1663 1870 juxta
1698 1819 1912 1859 Oceanum
1957 1833 2260 1876 nonnunquam
2296 1823 2583 1879 palpitantium

1349 1916 1516 1943 acervos
1534 1903 1710 1958 piscium
1728 1903 1867 1944 videre
1882 1912 1957 1956 est,
1979 1920 2083 1960 quos
2101 1907 2200 1948 huic
2217 1910 2382 1962 negotio
2403 1911 2580 1965 praefecti

1350 1984 1548 2025 continuo
1564 1986 1796 2040 colligentes
1815 1997 1858 2030 et
1874 1990 2028 2045 largam
2042 1992 2139 2034 inde
2154 1995 2286 2035 victus
2301 1996 2462 2051 copiam
2480 2011 2583 2037 nan-

1349 2070 1560 2111 ciscuntur
1577 2079 1618 2111 et
1639 2073 1808 2126 vectigal
1826 2088 1912 2114 non
1930 2076 2140 2129 exiguum.
2201 2077 2384 2131 Quidam
2402 2080 2581 2120 recessus

1348 2156 1454 2198 illius
1472 2158 1634 2208 accolae,
1654 2173 1785 2213 quum
1802 2158 1898 2199 litus
1916 2160 1968 2200 sit
1993 2169 2219 2216 campestre
2239 2177 2286 2203 ac
2315 2163 2552 2219 depressum
2566 2197 2577 2216 ,

1347 2242 1446 2283 latas
1479 2257 1503 2282 a
1527 2244 1627 2283 mari
1660 2243 1713 2283 ad
1742 2245 1905 2298 tuguria
1926 2260 1998 2286 sua
2029 2246 2154 2287 fossas
2191 2263 2266 2303 per
2295 2251 2423 2291 multa
2451 2252 2580 2293 stadia

1347 2329 1587 2380 deducunt;
1619 2329 1672 2370 ad
1692 2344 1868 2384 quarum
1890 2333 2164 2391 extremitates
2187 2334 2289 2374 ostia
2313 2349 2334 2374 c
2357 2335 2579 2376 viminibus

1346 2427 1537 2459 contexta
1551 2427 1749 2469 statuunt,
1760 2434 1850 2474 quae
1865 2420 2108 2461 ascendente
2119 2422 2242 2461 maris
2258 2430 2358 2462 aestu
2371 2423 2575 2477 pandunt,

1345 2505 1619 2546 retrolabente
1649 2505 1860 2546 claudunt.
1919 2507 2028 2546 Tum
2057 2519 2130 2560 per
2159 2507 2359 2547 ostiorum
2391 2509 2578 2551 raritates

1346 2591 1539 2633 effluente
1563 2590 1677 2631 unda
1693 2592 1824 2646 pisces
1844 2591 2009 2631 vivariis
2032 2591 2278 2646 interceptos
2293 2602 2515 2644 asservant,
2536 2603 2576 2635 et

1346 2687 1548 2734 quantum
1577 2678 1675 2718 libet
1696 2691 1959 2732 quocumque
1977 2685 2162 2732 tempore
2185 2678 2227 2718 in
2250 2692 2345 2719 suos
2366 2678 2463 2719 inde
2478 2693 2579 2720 usus

1345 2767 1643 2823 depromunt.]

1401 2849 1454 2891 50
1477 2849 1492 2906 (
1512 2853 1609 2905 Cap:
1628 2849 1679 2889 23
1698 2847 1730 2904 ).
1751 2849 1960 2889 Pei-cursis
1978 2847 2181 2901 gentibus,
2200 2861 2291 2903 quae
2310 2862 2334 2888 a
2353 2847 2577 2903 Babylonia

1344 2918 1571 2960 Arabicum
1595 2932 1725 2972 usque
1757 2918 1895 2957 sinum
1916 2917 2122 2957 maritima
2154 2925 2295 2957 tenent
2309 2948 2320 2967 ,
2352 2915 2404 2957 ad
2427 2924 2578 2957 ceteras

1344 2988 1539 3043 deinceps
1566 2996 1704 3041 gentes
1737 2986 2016 3027 narrationem
2037 2994 2336 3026 convertemus.
2395 2986 2500 3026 Nam
2532 2986 2575 3025 in

1342 3057 1552 3112 AEthiopia
1570 3070 1693 3111 supra
1707 3055 1927 3110 AEgyptum
1944 3053 1996 3094 ad
2011 3054 2183 3094 fluvium
2198 3068 2320 3108 quem
2335 3052 2576 3094 Astabaram

1348 3126 1492 3182 (Asan
1527 3124 1675 3181 codd.)
1712 3132 1873 3174 vocant,
1912 3123 2224 3178 Rhizophagtim
2258 3121 2479 3176 (radiculis
2509 3136 2574 3161 ve-

1345 3193 1579 3250 scentium)
1605 3194 1718 3233 natio
1745 3190 1944 3232 considet.
2004 3192 2057 3231 Hi
2091 3190 2247 3231 radices
2279 3189 2529 3230 arundinum
2550 3203 2573 3228 e

1343 3263 1562 3320 paludibus
1595 3263 1739 3303 vicinis
1771 3261 1936 3309 effossas
1973 3267 2158 3300 accurate
2189 3259 2371 3314 primum
2409 3257 2568 3307 lavant,

1345 3414 1427 3440 πων
1449 3398 1539 3452 νέφη
1558 3396 1643 3437 τινὰ
1663 3393 1911 3447 ἐκπληκτικὰ,
1935 3393 1998 3434 καὶ
2020 3391 2083 3432 οἷά
2098 3407 2182 3432 τινα
2198 3391 2263 3432 τὸν
2285 3391 2374 3445 ἀέρα
2402 3390 2571 3431 καταλα-

1345 3462 1427 3502 ὅεῖν
1449 3460 1686 3515 ἐπιφανέντα,
1717 3455 1803 3498 εἶτα
1826 3457 1956 3515 μέντοι
1977 3454 2140 3506 ἐλύπησέ
2155 3468 2242 3493 τινα
2262 3452 2404 3493 πολλά.
2422 3453 2572 3493 Narra-

1343 3525 1499 3564 tionem
1525 3522 1577 3563 de
1599 3519 1871 3575 Rhizophagis
1903 3518 2066 3558 brevius
2094 3531 2145 3556 ex
2165 3516 2316 3556 Nostro
2336 3513 2461 3555 refert
2493 3517 2572 3556 Ar-

1344 3585 1571 3627 temidorus
1590 3599 1655 3638 ap.
1681 3582 1870 3624 Strabon.
1888 3595 1932 3636 p.
1953 3581 2030 3635 773
2052 3592 2061 3619 :
2080 3578 2175 3633 Περὶ
2190 3577 2230 3618 δὲ
2244 3575 2314 3628 τὴν
2330 3577 2484 3631 Μερόην
2507 3578 2572 3617 καὶ

1343 3649 1366 3700 ἣ
1385 3645 1558 3703 συμῧολὴ
1575 3649 1643 3687 τοῦ
1658 3661 1699 3686 τε
1726 3644 1953 3698 Ἀσταῧόρου
1972 3642 2119 3683 καὶτοῦ
2142 3640 2323 3682 Ἀστάὸου
2346 3639 2410 3680 καὶ
2426 3638 2482 3680 ἔτι
2503 3643 2570 3679 τοῦ

1347 3710 1558 3766 Ἀσταγάὸα
1569 3708 1660 3764 πρὸς
1678 3707 1744 3748 τὸν
1768 3706 1933 3748 Νεῖλον.
1948 3706 2181 3760 Παροικοῦσι
2198 3703 2239 3744 δὲ
2256 3703 2403 3750 τούτοις
2423 3702 2459 3742 οἱ
2492 3701 2569 3742 Ῥι-

1340 3775 1502 3829 ζοφάγοι
1534 3772 1599 3813 καὶ
1635 3770 1786 3811 Ἕλειοι
1815 3767 2188 3824 προσαγορευόμενοι
2217 3765 2303 3806 κτλ.
2337 3767 2386 3805 In
2423 3762 2567 3803 eodem

1339 3846 1474 3878 tractu
1511 3834 1870 3889 Rhizophagorum
1913 3839 2076 3885 gentem
2110 3836 2292 3870 recenset
2328 3825 2567 3868 Ptolemaeus

1339 3902 1415 3950 IV,
1438 3914 1478 3954 7,
1505 3912 1547 3953 p.
1575 3898 1671 3946 304,
1701 3909 1765 3936 11.
1784 3919 1841 3926 —
1859 3897 1922 3936 De
1944 3892 2154 3934 hodiernis
2179 3890 2386 3933 Astaborae
2403 3886 2563 3935 accolis,

1341 3975 1567 4015 corumque
1590 3959 1727 4000 indole
1753 3958 2035 4011 moribusque,
2053 3970 2155 4010 quos
2172 3954 2407 3994 immutatos
2426 3947 2522 3989 inde
2543 3962 2566 3988 a

1340 4026 1512 4081 pristina
1534 4023 1776 4078 antiquitate
1800 4028 2027 4070 servarunt,
2050 4032 2090 4058 v.
2115 4018 2273 4058 Heeren
2296 4012 2417 4055 Ideen
2448 4012 2504 4061 ΙΙ,
2527 4023 2566 4061 1,
