2756 4354
56 194 104 252 (³)
807 161 811 165 ’
1165 179 1477 229 PERIPLUS.
2556 201 2578 238 7

54 293 179 339 πάλιν
208 294 309 355 πρὸς
330 292 444 348 ἥλιον
478 287 700 349 ἀνίσχοντα
726 283 884 347 ἡμέρας
915 283 1082 346 δρόμον.
1151 279 1286 329 ’Ένθα

57 362 226 424 εὕρομεν
261 363 302 406 ἐν
325 360 446 420 μυχῷ
467 374 573 419 τινος
601 353 757 399 κόλπου
791 356 914 406 ν’ῆσον
936 351 1086 414 μικρὰν
1103 386 1114 408 ,
1136 350 1284 396 κύκλον

57 429 232 492 ἔχουσαν
256 427 432 473 σταδίων
451 424 584 469 πέντε
604 422 665 478 ἣν·
678 421 992 483 κατῳκίσαμεν,
1017 419 1177 481 Κέρνην
1198 422 1288 465 ὄνο-

60 498 274 555 μάσαντες,
342 491 710 554 Ἔτεκμαιρόμεθα
733 490 767 535 δ’
786 488 911 545 αὐτὴν
936 491 982 534 ἐκ
997 494 1066 534 τοῦ
1092 487 1292 551 περίπλου

58 568 150 612 κατ’
185 562 475 609 εὖθὺκεῒσθαι
511 559 803 623 Καρχηδόνος·
841 558 960 620 ἐῴκει
999 558 1078 620 γὰρ
1114 561 1135 602 ὃ
1169 559 1295 609 πλοῦς

56 711 141 739 esse
163 709 324 736 censeo.
363 693 588 735 Emendari
619 706 718 732 vero
748 699 884 747 potest
911 705 1040 731 manu
1068 691 1292 731 lenissima.

56 759 222 801 Etenim
246 773 270 798 a
286 761 405 798 Draa
420 757 548 796 fluvio
577 769 708 810 usque
734 754 784 794 ad
809 769 888 810 cap
909 754 1037 794 Blanc
1066 753 1198 794 stadia
1214 752 1297 793 sere

56 829 152 862 sunt
173 820 279 874 5700
307 833 487 874 quorum
506 819 539 858 si
563 817 643 859 500
662 818 706 857 in
728 816 840 858 diem
863 831 1070 867 numeres,
1093 816 1299 869 navigatio

56 883 234 923 efficitur
263 881 426 922 dierum
459 880 656 921 undecim
689 879 752 920 vel
785 879 1023 920 duodecim.
1059 880 1190 933 Igitur
1222 892 1300 932 pro

60 945 96 999 β’
110 944 250 1000 ἡμέρας
265 943 532 984 scribendum
555 941 858 997 051ι6’ἣμε’ρας.
883 944 944 982 De
965 942 1133 981 nomine
1159 940 1301 980 insulae

55 1007 306 1048 Bocchartus
327 1020 335 1047 :
362 1027 378 1041 «
398 1007 546 1055 Cerne,
558 1006 628 1055 ait,
643 1005 907 1046 Phoenicibus
924 1012 1010 1044 erat
1024 1017 1173 1053 ,πω-,Π
1189 1004 1302 1043 Cher-

58 1084 155 1118 naa,
176 1077 438 1124 postremum
459 1067 741 1117 habitationis,
767 1065 811 1106 id
839 1074 899 1106 cst
917 1066 1061 1105 ultima
1084 1064 1298 1104 habitatio.

58 1132 182 1172 Plene
212 1132 460 1172 scriberetur
488 1142 677 1180 nsum-115⁴
708 1130 910 1169 achernaa
932 1128 983 1168 ab
1011 1127 1175 1167 arabico
1205 1138 1301 1175 'ms

59 1195 179 1235 acher
186 1194 249 1235 vel
260 1193 390 1242 achir,
410 1193 523 1248 quod
537 1191 759 1248 respondet
773 1192 937 1232 hebraeo
953 1201 1090 1260 ῙῚἾΠζχ·
1107 1189 1300 1230 acharon.

59 1256 139 1297 Sed
167 1258 302 1312 prima
321 1255 510 1309 radicalis
540 1270 646 1309 saepe
675 1253 880 1294 excidit...
904 1254 1062 1307 Nempe
1086 1252 1302 1292 Phoenices

61 1320 170 1360 ultra
199 1321 362 1360 Cernen
384 1319 539 1358 nullam
566 1317 774 1358 deduxere
800 1317 1018 1357 coloniam.
1055 1335 1072 1350 »
1100 1317 1188 1368 Ego
1207 1330 1303 1355 con-

62 1382 150 1422 sero
180 1382 348 1436 Κάρνην,
373 1381 629 1435 phoenicium
647 1378 848 1420 Antaradi
877 1393 1045 1428 nomen,
1071 1377 1123 1417 de
1154 1392 1238 1431 quo
1260 1392 1300 1418 v.

60 1443 338 1497 conjecturam
348 1443 543 1483 Moversii
555 1442 583 1482 l.
596 1442 624 1482 l.
635 1456 677 1497 p.
692 1446 760 1496 67.
773 1444 897 1482 Fama
908 1440 1096 1496 quaedam
1109 1440 1160 1480 de
1172 1441 1304 1481 Cerne

59 1507 138 1546 ins.
175 1514 217 1546 et
247 1505 299 1546 de
335 1505 739 1558 Carthaginiensibus
768 1505 814 1544 in
848 1504 927 1544 hac
960 1504 1128 1557 regione
1155 1516 1304 1542 aurum

60 1582 195 1609 merce
218 1568 569 1608 commutantibus
579 1566 667 1621 jam
685 1567 730 1607 in
747 1566 952 1607 Herodoti
976 1565 1084 1622 (IV,
1107 1565 1183 1619 195
1208 1564 1301 1620 sq.)

60 1632 250 1671 notitiam
281 1639 525 1685 pervenerat
558 1628 641 1685 (V.
679 1629 912 1683 Prolegom.
933 1628 965 1684 ).
995 1628 1221 1683 Complura
1253 1628 1305 1668 de

62 1694 409 1734 commerciorum
433 1693 593 1733 ratione
622 1692 790 1733 exhibet
817 1692 933 1733 locus
955 1691 1235 1732 memorabilis
1261 1692 1305 1731 in

61 1749 235 1811 Scylacis
260 1756 465 1810 Periplo§
492 1768 584 1796 112.
617 1756 774 1795 Hausta
792 1763 890 1795 sunt
921 1768 971 1795 ex
998 1754 1306 1794 narrationibus

61 1827 282 1859 nautarum
304 1819 367 1859 vel
388 1827 684 1868 mercatorum,
710 1819 782 1872 qui
799 1818 970 1858 latentes
999 1817 1057 1856 ibi
1083 1818 1173 1857 auri
1200 1817 1306 1857 divi-

62 1883 138 1922 tias
170 1881 365 1937 prudenti
395 1890 635 1937 presserunt
669 1881 847 1921 silentio.
887 1881 1031 1934 Neque
1066 1879 1231 1920 aliunde
1257 1895 1307 1920 ex

62 1953 160 1984 vett.
194 1945 354 1999 scriptis
376 1944 429 1985 de
464 1945 542 1986 hac
566 1959 612 1985 re
642 1943 798 1998 aliquid
830 1943 884 1984 ad
916 1957 992 1984 nos
1018 1944 1304 1997 transpiravit,

62 2007 140 2046 nisi
152 2006 266 2061 quod
276 2006 532 2060 Palaephatus
546 2005 711 2047 Incred.
729 2021 765 2046 c.
786 2006 836 2046 33
852 2007 1042 2046 Cernaeos
1055 2006 1199 2059 σφόδρα
1213 2021 1307 2059 χρυ-

65 2072 151 2116 σοῦς
173 2069 361 2123 appellat.
386 2071 539 2110 Praeter
556 2069 632 2110 hos
652 2069 803 2109 Cernes
819 2069 898 2108 ins.
921 2068 1201 2107 meminerunt
1225 2070 1307 2108 Eu-

65 2131 197 2171 doxus
222 2132 285 2172 vel
312 2132 569 2180 Clitarchus,
612 2132 820 2185 Ephorus,
856 2131 1123 2184 Lycophron,
1164 2132 1309 2170 Erato-

67 2193 244 2242 sthenes,
280 2193 490 2247 Polybius,
524 2193 754 2242 Cornelius,
788 2192 1015 2240 Diodorus,
1045 2193 1206 2241 Strabo,
1229 2193 1309 2233 Pli-

66 2255 176 2304 nius,
215 2255 458 2295 Ptolemaeus
474 2286 484 2304 ,
529 2255 753 2308 Dionysius
795 2253 964 2307 ejusque
1009 2255 1305 2308 paraphrastae,

67 2317 243 2356 Nonnus
263 2325 304 2357 et
321 2317 574 2357 Eustathius.
600 2317 756 2358 Plinius
771 2318 848 2366 VI,
873 2315 923 2356 35
952 2315 964 2371 (
982 2330 1032 2356 ex
1051 2316 1230 2357 Eudoxo
1247 2318 1308 2357 vel

69 2378 290 2429 Clitarcho,
326 2393 430 2432 quos
452 2380 497 2418 in
533 2387 689 2418 antece.
721 2377 932 2432 laudavit)
968 2390 976 2416 :
1006 2380 1153 2417 Contra
1172 2378 1309 2418 sinum.

69 2441 279 2481 Persicum
305 2443 420 2481 Cerne
449 2440 686 2480 nominatur
709 2440 846 2480 insula
866 2439 1042 2479 adversa
1062 2439 1305 2496 AEthiopiae,

70 2505 187 2557 citjns
204 2518 327 2559 neque
355 2502 596 2555 magnitudo
616 2517 739 2558 neque
759 2502 1022 2542 intervallum
1038 2516 1064 2540 a
1082 2502 1311 2543 continente

70 2574 246 2613 constat,
284 2565 500 2620 AEthiopes
523 2573 695 2609 ,tantam
721 2561 899 2620 populos
933 2564 1078 2603 habere
1109 2563 1307 2605 traditur.

70 2627 262 2682 Ephorus
287 2636 434 2667 auctor
453 2636 514 2667 est
547 2641 574 2666 a
592 2627 729 2668 Rabro
760 2625 867 2666 mari
884 2625 1130 2677 navigantes
1161 2626 1203 2666 in
1224 2642 1311 2668 eam

70 2703 148 2729 non
171 2703 294 2745 posse
323 2698 498 2744 propter
526 2688 692 2729 ardores
725 2689 836 2728 altra
868 2688 1068 2743 quasdam
1102 2689 1312 2730 columnas

74 2751 87 2807 (
107 2752 169 2792 ita
190 2752 456 2807 appellantur
467 2766 616 2807 parvae
640 2751 784 2791 insaloe
804 2751 816 2807 )
833 2750 1024 2806 provehi.
1051 2751 1248 2804 Polybius
1271 2752 1312 2792 in

72 2824 252 2855 extrema
273 2813 539 2856 Mauritania
554 2823 697 2854 contra
717 2823 891 2853 montem
923 2813 1139 2854 Atlantem
1160 2828 1187 2852 a
1204 2823 1312 2854 terra

73 2880 214 2920 stadia
245 2890 333 2921 octo
354 2881 492 2920 abesse
503 2879 652 2936 prodit
687 2883 845 2920 Cernere.
872 2882 1011 2935 Nepos
1038 2878 1242 2919 Cornelias
1263 2894 1313 2919 ex

74 2943 244 2984 adverso
262 2943 440 2984 maxime
461 2942 724 2995 Carthaginis
739 2957 766 2982 a
780 2942 1008 2982 continente
1013 2946 1168 2998 passas
1184 2941 1308 2991 mille,

75 3021 153 3045 non
173 3006 411 3062 ampliorem
430 3005 610 3046 circuita
638 3005 796 3046 duobus
819 3004 1019 3045 millibus.
1043 3004 1160 3044 Idem
1178 3005 1234 3056 X,
1254 3020 1278 3057 9
1300 3018 1309 3045 ;

76 3071 129 3107 In
161 3068 296 3117 insula
324 3068 484 3121 Africoe
519 3071 637 3109 Cerne
672 3068 715 3108 in
745 3070 902 3108 Oceano
933 3066 1154 3122 accipitres
1184 3067 1314 3107 totins

77 3131 287 3184 ,Massylae
315 3131 431 3171 hami
442 3130 670 3186 foetificccnt
690 3147 704 3171 :
735 3145 805 3170 nec
833 3130 939 3170 alibi
961 3139 1199 3177 nascantur,
1228 3129 1314 3170 illis

77 3192 239 3233 adsueti
258 3194 461 3244 gentibus.
487 3194 631 3249 Scylax
649 3194 677 3234 l.
699 3193 727 3234 l.
752 3195 915 3234 Cernen
933 3192 1109 3232 insulam
1132 3192 1183 3232 ad
1213 3193 1314 3232 Xio-

79 3268 175 3293 nem
202 3256 284 3295 sive
320 3257 471 3297 Lixum
507 3257 681 3296 fluvium
709 3257 842 3311 ponit.
882 3255 1125 3297 Ptolcmaeus
1160 3257 1236 3305 IV,
1270 3259 1310 3305 6,

80 3331 123 3371 p.
146 3319 225 3369 298
249 3317 314 3358 ed.
346 3319 574 3373 Wilberg„
595 3319 770 3360 eandem
794 3321 838 3360 in
868 3319 949 3359 alto
972 3320 1076 3359 mari
1099 3319 1270 3359 collocat
1292 3333 1314 3358 e

82 3378 247 3431 regione
268 3377 350 3419 sere
372 3380 547 3421 Atlantis
570 3381 737 3435 majoris
759 3382 844 3422 sive
873 3396 952 3436 cap
972 3384 1084 3421 Geer.
1108 3381 1255 3421 Strabo
1276 3383 1310 3430 I,

83 3453 126 3493 p.
149 3442 217 3492 47,
245 3438 296 3479 de
311 3442 579 3483 Eratosthene
607 3443 779 3498 loquens
802 3458 811 3484 :
830 3444 1061 3484 Πεπίστευκε
1080 3442 1120 3483 δὲ
1146 3443 1210 3483 καὶ
1232 3443 1316 3497 περὶ

84 3505 160 3540 τῶν
182 3500 252 3547 ἔξω
269 3502 418 3552 στηλῶν
441 3503 677 3558 Ἡρακλείων
698 3506 861 3553 πολλοῖς
884 3507 1089 3561 μυθώδεσι,
1111 3506 1254 3560 Κέρνην
1274 3521 1315 3545 τε

86 3565 203 3613 νῆσον
227 3563 291 3602 καὶ
323 3564 464 3612 ἄλλους
491 3568 628 3615 τόπους
661 3568 865 3623 ὀνομάζων
900 3569 987 3616 τοὺς
1019 3570 1199 3623 μηδαμοῦ
1233 3568 1316 3608 νυνὶ

87 3626 361 3679 δείκνυμένῡυς-
386 3629 631 3682 Lycophron
660 3632 771 3672 Cass.
798 3636 852 3672 16
878 3646 887 3671 z
910 3631 1080 3672 Τιθωνὸν
1106 3632 1144 3672 ἐν
1167 3632 1317 3687 κοίτῃσι

88 3690 155 3739 τῆς
171 3687 310 3742 Κέρνης
323 3688 438 3735 πέλας
448 3690 630 3731 Attonsae.
651 3693 824 3733 Nonnus
839 3695 1012 3749 Dionys.
1027 3695 1187 3744 XXIII,
1210 3708 1288 3747 190
1304 3707 1313 3733 ε

93 3748 204 3804 Ἀμφὶ
229 3750 269 3790 δὲ
300 3750 418 3807 Κέρνῃ
449 3752 645 3800 κυκλώσας
665 3755 783 3808 πτερὰ
813 3759 934 3810 κοῦφα
965 3756 1100 3810 βολαῖς
1130 3756 1319 3803 ἀντώπιος

93 3810 210 3860 Ἠοῦς
226 3813 364 3854 ἵπτατο
384 3815 575 3868 μειδιόων.
608 3817 772 3857 Tzetzes
787 3818 840 3858 ad
858 3821 956 3873 Lyc.
976 3819 1003 3859 l.
1026 3820 1052 3859 1.
1076 3833 1084 3859 :
1109 3820 1287 3874 Κέρνην
1305 3822 1319 3872 ]

88 3875 171 3926 ἥτις
193 3876 272 3917 ἐστὶ
288 3879 402 3928 νῆσος
416 3877 627 3925 ὠκεανῖτις.
650 3880 871 3934 Dionysius
882 3883 1038 3935 Perieg.
1058 3896 1140 3937 219
1160 3897 1170 3923 ι
1191 3882 1258 3923 Ἔν
1275 3882 1316 3923 δὲ

91 3939 251 3992 μυχοῖσι
268 3939 447 3980 Βόσκοντ’
466 3938 637 3995 ἠπείροιο
655 3942 885 3982 πανύστατοι
911 3943 1111 3996 ΛίΟιοπῆες
1134 3945 1241 4001 Αὐτῷ
1258 3946 1315 3987 ἐπ’

93 3994 267 4057 Ὠκεανῷ
293 4003 466 4057 πυμάτης
487 4003 587 4058 παρὰ
612 4005 756 4059 τέμπεα
787 4004 936 4059 Κέρνης.
965 4007 1027 4047 Cf.
1050 4009 1238 4048 Eustath.
1264 4007 1316 4049 ad

1357 290 1496 331 denuo
1517 291 1719 332 orientem
1750 303 1890 345 versus
1906 290 2029 329 unius
2048 289 2129 330 diei
2145 305 2283 333 cursu.
2343 296 2405 335 Ibi
2421 302 2463 337 in
2482 301 2593 342 sinus

1359 358 1573 412 cujusdam
1606 372 1770 400 recessu
1800 358 2168 412 insulamparvam
2191 363 2417 414 reperimus
2448 368 2596 411 stadio·

1360 442 1456 468 rum
1482 427 1504 468 5
1539 427 1659 484 (153³)
1699 427 1884 476 ambitu;
1926 441 2052 482 quam
2095 428 2252 468 colonis
2295 430 2596 486 frequentantes

1364 498 1526 537 Cernen
1551 499 1872 539 nominavimus.
1938 497 2268 551 Conjieiebamus
2287 515 2309 540 c
2331 504 2489 556 periplo
2511 521 2598 547 eam

1366 579 1416 605 ex
1445 564 1618 605 adverso
1638 566 1758 606 sitam
1789 580 1877 606 esse
1902 566 2161 619 Carthaginis
2185 579 2194 606 ε
2220 582 2316 608 nam
2343 570 2485 611 similis
2518 583 2603 614 erat

1365 691 1410 731 h.
1432 690 1461 731 l.
1476 698 1518 730 et
1533 690 1680 740 schol.‚
1697 689 1804 731 nihil
1816 691 1912 730 novi
1921 690 2150 731 afferentes.
2169 693 2422 748 Palaephatus
2439 700 2601 741 Incred.

1368 768 1405 793 c.
1433 754 1483 793 33
1507 766 1517 793 z
1540 753 1691 808 Φόρκυς
1710 748 1756 804 ἦν
1781 751 1877 808 ἀνὴρ
1895 753 2088 807 Κερναῖός·
2110 754 2147 793 οἱ
2170 754 2210 795 δὲ
2233 756 2410 810 Κερναῖοι
2425 761 2522 801 κατὰ
2540 765 2604 817 γέ-

1370 829 1433 862 νος
1462 815 1528 870 μέν
1549 814 1642 855 εἰσιν
1666 806 1856 865 Αἰθίοπες,
1886 813 2033 854 οἰκοῦσι
2062 815 2102 856 δὲ
2122 819 2237 868 νῆσον
2262 817 2331 869 τὴν
2360 821 2502 876 Κέρνην
2535 824 2605 873 ἔξω

1370 872 1488 917 οὖσαν
1509 881 1584 917 τῶν
1611 875 1850 932 Ἡρακλείων
1871 876 2040 928 στηλῶν,
2061 876 2194 932 ἀροῦσι
2212 879 2251 919 δὲ
2274 882 2413 934 Λιὸύην
2437 885 2521 939 περὶ
2538 886 2604 927 τὸν

1372 938 1544 979 Ἄννωνα
1563 939 1768 995 (Ἄννονα,
1786 938 1947 979 Αὔνωνα
1964 953 2048 979 var.
2065 939 2175 988 lect.‚
2194 942 2355 983 Λάδωνα
2373 946 2480 1001 conj.
2496 950 2606 990 Voel-

1372 1001 1484 1042 cker.
1505 1002 1518 1058 )
1540 1002 1716 1058 ποταμὸν
1735 1001 1833 1043 κατὰ
1853 1002 2099 1056 Καρχηδόνα·
2121 1002 2194 1042 εἰσὶ
2223 1004 2262 1044 δὲ
2282 1006 2426 1061 σφόδρα
2448 1014 2602 1064 χρυσοῖ,

1373 1065 1583 1106 Diodorus
1598 1068 1676 1116 ΠΙ,
1704 1066 1752 1106 51
1778 1066 1994 1119 Gorgones
2010 1065 2067 1105 ait
2091 1064 2128 1106 ἐν
2151 1068 2232 1114 τοῖς
2248 1069 2378 1122 πέρασι
2400 1074 2465 1122 τῆς
2484 1073 2606 1114 οἴκου-

1376 1128 1489 1182 μένης
1522 1128 1696 1168 insulam
1725 1128 1966 1182 Hesperiam
1998 1127 2052 1167 ad
2087 1128 2293 1170 Atlantem
2329 1131 2528 1186 habitare,
2568 1147 2608 1179 et

1372 1190 1519 1243 proelio
1535 1191 1682 1231 vixisse
1705 1190 1909 1231 Atlantios
1927 1189 2014 1237 τοὺς
2029 1187 2098 1241 τὴν
2122 1190 2265 1246 Κέρνην
2297 1194 2536 1250 καλουμένην
2554 1200 2608 1240 οῖ.

1375 1255 1549 1300 κοῦντας.
1573 1252 1636 1294 Cf.
1655 1255 1733 1303 III,
1760 1255 1829 1303 68,
1855 1266 1893 1303 1,
1915 1252 1989 1293 ubi
2010 1252 2197 1307 Κεραύνια
2222 1253 2278 1309 (l.
2298 1255 2488 1310 Κερναῖαέ)
2506 1260 2518 1316 )
2538 1262 2606 1316 ὄρη

1375 1324 1675 1356 memorantur.
1705 1318 1804 1356 Haee
1840 1316 1930 1356 loca
1965 1317 2106 1371 paucis
2140 1315 2341 1358 indicasse
2370 1334 2482 1361 nunc
2514 1326 2609 1365 satis

1374 1377 1523 1428 habeo,
1545 1378 1675 1419 fusius
1706 1378 1760 1419 de
1787 1379 1836 1419 iis
1865 1378 2053 1418 dicturus
2078 1379 2122 1418 in
2155 1379 2476 1434 prolegomenis.
2498 1386 2611 1428 Nihil

1375 1439 1460 1481 fere
1475 1441 1525 1481 iis
1542 1442 1648 1481 inest
1661 1440 1775 1496 quod
1790 1440 1955 1495 Periplo
1971 1449 2114 1481 nostro
2126 1442 2385 1497 explanando
2401 1445 2607 1499 inserviat,

1375 1504 1455 1544 nisi
1471 1504 1576 1545 forte
1594 1506 1718 1546 etiam
1736 1504 2169 1546 ePseudocallisthene
2185 1508 2408 1548 Arrianum
2420 1509 2611 1553 illustrari

1374 1581 1495 1621 posse
1515 1577 1650 1623 putes.
1676 1569 1818 1609 Causae
1838 1582 1936 1608 vero
1964 1582 2056 1622 quae
2081 1569 2223 1609 turbas
2253 1570 2347 1610 istas
2367 1576 2608 1626 creaverint,

1375 1631 1525 1685 partim
1552 1630 1784 1685 quaerendae
1814 1631 1970 1670 suntin
2002 1630 2168 1672 licentia
2195 1640 2411 1686 poctarum
2443 1649 2524 1689 qua
2542 1651 2611 1678 ex-

1375 1701 1518 1736 tremae
1537 1695 1718 1734 Orientis
1733 1701 1773 1734 et
1787 1692 2024 1734 Occidentis
2041 1694 2168 1748 plagae
2180 1695 2340 1735 misceri
2354 1697 2498 1748 solent,
2520 1713 2612 1754 par-

1376 1757 1453 1797 tim
1484 1758 1527 1796 in
1560 1757 1854 1812 praeoccupatis
1886 1758 2128 1798 Graecorum
2157 1756 2209 1797 dc
2243 1758 2383 1813 Libyae
2415 1760 2547 1803 forma
2573 1773 2612 1804 et

1377 1819 1662 1873 magnitudine
1688 1819 1970 1874 opinionibus,
1991 1823 2143 1874 partim
2169 1820 2213 1859 in
2237 1820 2382 1861 studiis
2412 1825 2612 1878 mytholo—

1378 1894 1546 1934 gorum3
1568 1882 1719 1936 partim
1743 1881 1925 1935 denique
1947 1881 2045 1922 inde
2075 1882 2299 1932 fluxerunt,
2326 1883 2439 1937 quod
2465 1885 2612 1927 Africae

1378 1943 1642 1985 occidentalis
1662 1945 1842 1997 cognitio
1865 1958 1932 1998 ap.
1959 1945 2125 1985 Graecos
2153 1953 2193 1985 et
2223 1947 2431 1986 Romanos
2454 1962 2606 2003 semper

1377 2007 1600 2060 perexigua
1616 2015 1837 2047 nautarum
1857 2015 2218 2062 mercatorumque
2238 2009 2490 2049 Punicorum
2520 2026 2612 2051 nar-

1377 2070 1618 2109 ratiunculis
1633 2069 1685 2109 de
1700 2069 1902 2110 industria
1914 2070 2131 2110 obscurata
2142 2078 2217 2118 est,
2236 2085 2312 2110 nec
2326 2079 2372 2110 ut
2387 2072 2609 2125 plurimum

1377 2131 1484 2171 ultra
1520 2130 1728 2172 desertum
1762 2132 1975 2186 processit.
2018 2133 2083 2172 Sic
2116 2132 2227 2186 apud
2269 2133 2475 2187 Scylacem
2508 2136 2609 2176 ultra

1380 2194 1530 2233 Lixum
1563 2194 1738 2234 fluvium
1759 2209 1873 2234 mare
1910 2194 2007 2247 algis
2041 2194 2300 2234 obstructum
2330 2210 2414 2235 non
2439 2198 2612 2251 amplius

1379 2264 1439 2295 est
1458 2256 1699 2310 navigabile,
1720 2265 1768 2296 ut
1784 2257 2012 2296 necessario
2024 2255 2076 2295 ad
2092 2256 2204 2296 hunc
2220 2257 2414 2310 ponenda
2431 2268 2532 2298 esset
2555 2260 2612 2299 ul-

1378 2318 1480 2358 tima
1502 2318 1568 2358 issa
1590 2320 1736 2368 Cerne,
1762 2318 1948 2372 quamvis
1971 2317 2083 2357 nulla
2104 2318 2161 2357 ibi
2200 2318 2332 2358 insula
2365 2321 2607 2374 reperiatur.

1379 2379 1495 2420 Idem
1532 2380 1636 2420 valet
1654 2380 1706 2419 de
1741 2380 1864 2419 simili
1896 2380 2092 2433 opinione
2116 2379 2293 2433 Polybii„
2313 2388 2353 2419 et
2384 2382 2606 2424 Ptolemaei.

1381 2444 1517 2494 Quam
1539 2443 1611 2497 qui
1630 2447 1782 2482 temere
1798 2442 1974 2496 amplexi
2003 2449 2120 2491 sunt,
2154 2442 2315 2482 Cernen
2345 2442 2519 2484 insulam
2549 2446 2609 2486 vel

1379 2504 1595 2544 Macleram
1612 2504 1676 2544 vel
1698 2507 1823 2544 Porto
1840 2507 1965 2544 Santo
1982 2504 2046 2544 vel
2074 2518 2201 2544 unam
2220 2519 2271 2544 ex
2298 2504 2481 2545 Canariis
2501 2507 2612 2547 insu·

1380 2565 1443 2615 lis,
1468 2566 1650 2620 plurium
1673 2565 1834 2606 dierum
1853 2566 2112 2619 navigatione
2127 2580 2150 2606 a
2166 2567 2403 2606 continente
2425 2570 2608 2619 remotis,

1381 2627 1547 2681 intelligi
1571 2627 1805 2678 voluerunt,
1826 2636 1910 2678 aut,
1936 2629 1969 2668 si
1988 2628 2068 2668 hoe
2086 2628 2272 2682 ineptum
2292 2641 2377 2667 esse
2397 2643 2612 2684 perspexe-

1381 2698 1495 2740 runt,
1530 2689 1582 2730 ad
1611 2698 1729 2730 terrae
1758 2699 1895 2730 motus
1921 2698 1961 2730 et
1995 2688 2286 2730 inundationes
2320 2689 2609 2743 confugerunt,

1383 2753 1454 2805 qui
1491 2766 1514 2791 e
1546 2761 1770 2807 conspectu
1802 2752 1979 2792 insulam
2012 2752 2302 2802 absum'serint,
2343 2761 2414 2792 aut
2435 2752 2613 2809 denique

1382 2814 1537 2853 nullam
1559 2829 1742 2868 unquam
1761 2815 1959 2854 exstitisse
1974 2815 2134 2855 Cernen
2145 2822 2359 2869 putarunt,
2384 2829 2474 2869 quae
2495 2815 2546 2857 de
2568 2831 2614 2858 ea

1382 2874 1603 2916 traduntur
1621 2875 1768 2916 fabulis
1787 2885 2044 2917 accensentes
2058 2876 2242 2916 Milesiis.
2259 2877 2443 2930 Singulas
2455 2888 2614 2920 senten-

1382 2938 1458 2977 tias
1476 2938 1684 2979 diductius
1706 2953 1928 2994 exponere,
1951 2953 2081 2993 quum
2099 2938 2269 2991 longum
2302 2947 2342 2979 et
2373 2940 2515 2981 inutile
2545 2942 2610 2991 sit,

1384 3001 1645 3055 supersedeo.
1666 3005 1680 3057 Η
1704 3018 1794 3042 -κ
1807 3017 1933 3057 ατῳκ
1949 3002 2111 3056 ίσαμεν
2129 3002 2142 3052 ]
2160 3000 2435 3056 κατῳκήσαμεν
2457 3001 2610 3052 codex3

1384 3078 1465 3104 em.
1488 3066 1679 3106 Gessner.
1708 3085 1724 3101 «ε
1754 3067 1922 3107 Graecus
1944 3065 2144 3118 interpres
2163 3065 2314 3103 iterum
2342 3064 2469 3104 verbo
2488 3080 2613 3104 κατοι-

1385 3127 1502 3174 κίζειν
1523 3130 1654 3168 utitur
1672 3128 1724 3169 ad
1743 3127 2013 3168 indicandum
2040 3132 2083 3167 in
2111 3127 2187 3167 hac
2216 3126 2347 3166 insula
2364 3141 2449 3166 non
2467 3127 2613 3167 urbem

1385 3205 1471 3231 esse
1490 3191 1713 3241 conditam,
1732 3190 1804 3231 sed
1823 3191 2038 3231 stationem
2055 3198 2215 3229 tantum
2237 3188 2391 3228 colonis
2418 3189 2501 3228 suis
2517 3204 2613 3229 con-

1385 3255 1583 3294 stitutam.
1610 3274 1626 3289 »
1644 3255 1814 3294 KLUGE.
1838 3256 1853 3309 ΙΙ
1872 3278 1929 3283 —-
1947 3252 2056 3293 κατ’
2088 3251 2192 3291 εὐθὺ
2214 3251 2409 3291 κεῖσθαι
2430 3251 2613 3305 Καρχη-

1386 3318 1406 3356 ὃ
1418 3318 1438 3357 ό
1451 3333 1468 3357 ν
1479 3333 1499 3357 0
1513 3334 1528 3364 ς
1546 3319 1560 3370 ]
1580 3317 1697 3357 Idem
1713 3316 1911 3371 expressit
1922 3315 2134 3356 Cornelius
2151 3329 2217 3369 ap.
2236 3314 2341 3354 Plin.
2356 3315 2431 3362 VI,
2451 3314 2502 3354 35
2522 3328 2613 3354 ver·

1384 3380 1447 3420 bis
1471 3394 1479 3420 :
1502 3395 1552 3421 ex
1569 3380 1741 3420 adverso
1759 3378 1936 3419 maxime
1954 3376 2229 3429 Carthaginis.
2249 3375 2314 3417 Ad
2329 3375 2501 3416 eandem
2526 3391 2613 3417 rem

1386 3444 1487 3484 alius
1509 3444 1686 3497 pertinet
1711 3442 1832 3483 Plinii
1846 3441 1964 3482 locus
1987 3439 2000 3496 (
2020 3441 2075 3490 V,
2105 3454 2142 3489 1,
2173 3453 2190 3479 1
2215 3438 2247 3495 ),
2272 3438 2345 3495 ubi
2363 3439 2450 3478 haec
2474 3452 2482 3478 :
2506 3442 2615 3479 Proe-

1385 3505 1574 3547 validam
1599 3506 1704 3545 hanc
1721 3505 1858 3545 urbem
1894 3503 1984 3559 (sc.
2013 3503 2180 3551 Lixum,
2214 3501 2458 3541 hodiernam
2489 3504 2615 3540 Lara-

1387 3569 1455 3608 che
1472 3568 1484 3624 )
1531 3570 1797 3623 majoremque
1838 3564 2092 3617 Carthagine,
2119 3573 2320 3620 praeterea
2358 3578 2408 3603 ex
2447 3562 2615 3612 adverso

1387 3623 1474 3685 ejas
1495 3630 1622 3671 sitam
1640 3639 1680 3670 et
1694 3644 1824 3686 prope
1849 3628 2038 3669 immenso
2058 3636 2195 3667 tracta
2213 3627 2266 3667 ab
2291 3625 2427 3677 Tingi,
2454 3638 2615 3679 qzaeqac

1387 3693 1479 3733 alia·
1510 3692 1713 3734 Cornelias
1744 3695 1882 3747 Nepos
1910 3689 2154 3747 avidissime
2176 3688 2366 3729 credidit.
2395 3690 2508 3727 Patet
2536 3685 2612 3725 Pli-

1387 3756 1503 3795 nium
1519 3755 1779 3795 festinantem
1802 3753 1963 3794 diversa
1981 3751 2214 3794 confudisse
2233 3764 2242 3791 :
2261 3764 2356 3790 nam
2373 3750 2498 3789 Lixus
2518 3745 2611 3785 urbs

1387 3833 1410 3858 a
1427 3819 1550 3872 Tingi
1583 3817 1707 3858 distat
1723 3817 1805 3857 diei
1827 3816 1910 3857 sere
1934 3817 2094 3865 itinere,
2121 3829 2205 3854 non
2227 3820 2362 3853 tracta
2384 3823 2512 3864 prope
2540 3807 2612 3847 im·
2662 3858 2664 3860 v

1386 3896 1519 3921 menso
1532 3899 1546 3929 ;
1561 3895 1696 3935 neque
1710 3880 1853 3920 dehac
1869 3880 1971 3920 urbe
1986 3877 2198 3919 Cornelius
2217 3874 2335 3923 dixit,
2353 3871 2422 3912 sed
2439 3870 2489 3909 de
2509 3870 2612 3909 Lixo

1386 3945 1514 3985 ssuvio
1544 3943 1800 3984 meridionali
1822 3952 1861 3983 et
1884 3942 1935 3982 de
1964 3943 2096 3982 Cerne
2126 3938 2270 3985 insula,
2292 3948 2415 3989 quam
2435 3932 2496 3972 vel
2518 3945 2612 3972 cum

1387 4003 1593 4049 Hannone
1626 4015 1767 4047 nostro
1796 4006 1929 4046 statim
1963 3999 2056 4058 post
2080 4002 2229 4042 Lixum
2262 3994 2611 4044 commemoravit,
