2782 4348
110 338 1378 480 ArAeApxiAor'

169 529 469 616 HEPITHE
539 563 836 614 ΕΡΥΘΡΑΣ
877 564 1233 616 ΘΑΛΑΣΣΗΣ

558 694 858 736 EKAorAL
982 681 984 683 ’

89 915 380 963 Ἀνεγνώσθησαν
405 914 665 963 Ἀγαθαρχίδου
688 913 790 961 λόγοι
807 914 885 961 δύο,
913 916 932 951 ὁ
953 918 1096 963 πρῶτος
1108 915 1171 953 καὶ
1197 915 1216 952 ὁ
1231 911 1323 963 πέμ-

134 984 238 1016 πτος,
263 971 341 1019 περὶ
366 975 430 1015 τῆς
451 971 625 1018 Ἐρυθρᾶς
645 970 830 1015 θαλάσσης
854 971 917 1007 καὶ
949 970 1078 1023 ἑτέρων
1109 970 1321 1019 παραδόξων

137 1025 251 1075 ἔργων
276 1026 312 1064 ἐν
329 1025 517 1075 κεφαλαίῳ
534 1024 853 1074 διαλαμβάνοντες.

221 1137 368 1183 ΠΕΡΙ
401 1138 522 1183 ΤΗΣ
557 1137 836 1182 ΕΡΥΘΡΑΣ
871 1134 1196 1183 ΘΑΛΑΣΣΗΣ

320 1233 398 1278 ΕΚ
432 1233 553 1278 ΤΟΥ
587 1232 834 1277 ΠΡΩΤΟΥ
868 1233 1077 1277 ΛΟΓΟΥ.

148 1356 179 1387 1.
199 1339 301 1386 ‘'O'tt
328 1339 586 1399 Πτολεμαῖόν
616 1358 716 1402 φησι
737 1339 805 1385 τὸν
825 1340 931 1400 μετὰ
951 1339 1017 1384 τὸν
1043 1339 1183 1400 Λάγου
1202 1343 1319 1402 πρῶ-

87 1425 154 1454 τον
179 1407 410 1470 ἐλεφάντων
442 1407 569 1469 θήραν
591 1408 889 1465 συστήσασθαι,
916 1409 1023 1455 ἀλλὰ
1047 1407 1126 1471 γὰρ
1146 1408 1318 1454 καὶτῶν

78 1476 372 1538 ὁμοιοτρόπων,
394 1476 464 1522 καὶ
483 1476 535 1521 τὰ
557 1480 609 1540 τῇ
632 1477 750 1540 φύσει
772 1478 1059 1540 κεχωρισμένα
1078 1481 1128 1539 τῇ
1149 1478 1318 1542 προνοίᾳ

14 1542 19 1545 ’
79 1551 324 1605 συναγαγεῖν
350 1544 429 1590 ὑπὸ
458 1544 556 1605 μίαν
578 1545 753 1601 οἴκησιν.
824 1546 1033 1592 Σκεπτέον
1069 1546 1111 1592 δὲ
1135 1547 1176 1593 τί
1195 1566 1316 1609 φησιν

33 1627 52 1657 5
79 1615 250 1659 ἐνταῦθα
284 1617 304 1659 ὁ
337 1614 552 1676 ἱστορικός.
621 1615 706 1662 Καὶ
725 1615 806 1677 γὰρ
832 1615 903 1661 καὶ
934 1616 1014 1678 πρὸ
1036 1619 1116 1662 τῶν
1151 1618 1317 1663 Πτολε-

80 1684 212 1742 μαίων
233 1684 400 1746 ἐλέφασι
420 1685 563 1731 πολλοὶ
574 1685 810 1747 Δχειροήθεσι
833 1685 902 1731 καὶ
915 1688 955 1732 ἐν
975 1685 1145 1749 πολέμῳ
1168 1688 1316 1748 ἐχρῶν-

78 1771 145 1808 το,
170 1754 223 1805 ὡς
258 1753 403 1815 Πῶρός
435 1773 479 1800 τε
516 1757 537 1800 ὃ
557 1755 683 1808 Ἰνδὸς
714 1757 734 1799 ὃ
766 1754 867 1818 πρὸς
886 1754 1146 1818 Ἀλέξανδρον
1190 1758 1315 1801 πολε-

78 1821 213 1880 μήσας
247 1822 317 1868 καὶ
349 1823 465 1868 ἄλλοι
492 1826 564 1870 οὐκ
584 1824 730 1887 ὀλίγοι·
757 1823 784 1880 ἢ
820 1823 882 1870 ὅτι
916 1826 1177 1885 Πτολεμαῖος
1201 1819 1316 1878 οὗτος

75 1890 201 1943 πολὺς
226 1894 385 1953 πρῶτος
408 1892 501 1955 περὶ
519 1893 672 1950 ταύτην
694 1892 811 1956 ὤφθη
830 1893 904 1949 τὴν
920 1894 1130 1951 σπουδὴν,
1147 1893 1174 1949 ἢ
1198 1897 1314 1955 πρῶ-

13 1974 51 2005 10
75 1977 140 2011 τος
161 1962 241 2004 τῶν
273 1959 377 2020 μετὰ
402 1961 663 2025 Ἀλέξανδρον
678 1996 691 2019 ,
717 1962 844 2017 ἢτῶν
871 1962 1084 2024 Αἰγύπτου
1112 1962 1314 2024 βασιλέων

71 2031 245 2090 πρῶτος.

136 2115 171 2146 2.
209 2097 310 2145 ιὈτι
334 2099 410 2155 τὴν
435 2099 635 2162 Ἐρυθρὰν
661 2100 868 2146 θάλατταν
903 2101 949 2146 τὸ
977 2101 1107 2160 ὄνομα
1142 2101 1313 2146 ἑλκύσαι

74 2167 193 2228 φησὶν
216 2168 307 2213 οὔτε
331 2169 392 2213 ὅτι
412 2174 483 2214 τοῦ
502 2169 694 2230 Ἀραὸίου
713 2170 964 2230 καλουμένου
986 2171 1141 2215 κόλπου
1165 2170 1216 2215 τὰ
1239 2170 1312 2229 μὲν

0 2285 4 2292 ,
72 2235 172 2297 πρὸς
197 2237 372 2299 ἑσπέραν
398 2238 490 2299 ὄρη,
520 2238 703 2300 δριμείας
727 2238 797 2283 καὶ
819 2238 1019 2301 διαπύρου
1042 2243 1115 2294 τῆς
1137 2242 1312 2295 ἡλιακῆς

15 2325 52 2354 15
73 2307 230 2357 ἀκτῖνος
250 2306 496 2366 βαλλούσης,
525 2307 724 2368 ἄνθρακος
741 2307 968 2369 φαντασίαν
986 2308 1232 2365 ἀποδίδωσι,
1259 2306 1311 2352 τὰ

72 2373 114 2418 δὲ
134 2374 232 2436 πρὸς
260 2374 461 2426 ἀνατολὰς
484 2378 586 2426 θῖνες
607 2375 748 2435 ἅμμου
776 2375 938 2436 γεώδεις
955 2376 1173 2438 ὑπέρυθροι
1194 2376 1308 2438 παρὰ

125 2516 286 2569 Eclogae
301 2531 350 2556 ex
371 2516 686 2570 Agatharchidis
700 2519 761 2557 De
776 2519 878 2558 mari
894 2520 1109 2573 Erythraeo
1127 2519 1240 2559 libris
1252 2519 1307 2559 le-

72 2579 276 2630 gunturin
285 2579 419 2620 Photii
429 2579 625 2619 Biblioth.
638 2578 733 2620 cod.
748 2579 844 2630 250,
858 2594 900 2634 p.
916 2594 994 2634 717
1004 2579 1070 2620 ed.
1083 2580 1305 2633 Hoeschel.‚

70 2653 112 2693 p.
135 2640 235 2680 1321
259 2639 325 2680 ed.
345 2641 609 2695 Rothomag.‚
631 2656 675 2696 p.
695 2644 772 2690 441
792 2641 859 2682 ed.
877 2641 1051 2682 Bekker.
1071 2642 1308 2684 Verborum

69 2703 252 2743 recensio
278 2701 491 2744 codicibus
511 2704 657 2744 nititur
674 2703 829 2754 tribus,
862 2718 1041 2759 quorum
1060 2706 1219 2759 primus
1249 2713 1309 2745 est

69 2765 252 2804 Venetus
271 2766 312 2806 S.
333 2767 462 2806 Marci
483 2765 565 2815 450
587 2765 706 2822 (cod.
726 2768 804 2820 A),
830 2781 954 2821 quem
967 2767 1140 2807 contulit
1154 2766 1310 2808 Bekke-

69 2840 154 2867 rus.
171 2826 289 2868 Idem
311 2827 501 2869 adhibuit
520 2828 703 2869 codicem
726 2830 959 2870 Parisinum
983 2834 1087 2871 1266
1113 2829 1218 2887 (cod.
1236 2830 1304 2886 B),

71 2901 194 2942 quem
223 2888 362 2930 denuo
391 2891 669 2940 excussimu53
695 2899 892 2946 praeterea
914 2892 1163 2932 contulimus
1193 2891 1308 2932 eodi-

71 2962 157 2989 cem
194 2952 427 2992 Paris'inum
455 2956 560 2993 1226
584 2952 705 3005 (cod.
740 2954 773 2994 C
793 2956 809 3007 )
825 2985 836 3005 ‚
865 2969 989 3009 quem
1021 2954 1231 2996 Bekkerus
1266 2956 1308 2994 in

71 3012 332 3053 recensendis
347 3014 661 3068 Agatharchidis
674 3015 823 3070 eclogis
839 3031 923 3057 non
940 3018 1132 3073 inspexit.
1148 3018 1309 3058 Lectio-

72 3087 143 3113 nes
166 3074 396 3117 editionum
410 3077 640 3132 priscarum
655 3077 825 3132 vulgatae
840 3079 1009 3120 nomine
1025 3079 1257 3120 citabimus.

133 3133 548 3191 Ἀνεγνώσθησαν
657 3140 1030 3197 διαλαὸόντες]
1064 3143 1122 3183 sic
1152 3143 1199 3192 C,
1235 3142 1304 3182 sol.

72 3199 151 3249 294
177 3212 271 3249 vso3
296 3198 519 3255 ἀνεγνώσθη
545 3201 586 3243 ἐκ
605 3205 673 3243 τοῦ
697 3204 848 3258 πρώτου
881 3204 1003 3259 λόγου
1032 3203 1309 3260 Ἀγαθαρχίδου

73 3262 147 3297 τῶν
168 3260 252 3313 περὶ
278 3264 343 3313 τῆς
369 3261 552 3318 Ἐρυθρᾶς
571 3265 779 3318 θαλάσσης.
810 3266 901 3308 (Ότι
924 3267 1187 3323 Πτολεμαῖον,
1218 3266 1304 3308 κτλ.

73 3319 167 3359 cod.
186 3322 232 3371 B,
258 3336 300 3377 p.
318 3324 399 3366 230
421 3325 617 3384 itemque,
641 3336 689 3368 ut
709 3328 887 3380 videtur,
906 3328 1038 3371 codex
1066 3332 1119 3372 A.

52 3398 54 3401 ’
130 3384 151 3433 §
178 3387 215 3433 1,
239 3383 268 3423 l.
292 3397 328 3424 1.
346 3386 377 3425 A
392 3387 513 3441 άγου
529 3387 543 3443 ]
561 3388 766 3444 λαγὼνᾌ,
781 3390 918 3447 ’λάγων
934 3394 982 3443 Β,
1000 3392 1141 3447 λάγου,
1164 3407 1307 3448 supra-

74 3444 226 3498 scripto
241 3444 391 3500 λαγὼν,
410 3449 457 3489 C.
480 3451 542 3490 De
559 3465 604 3492 re
623 3465 663 3492 v.
683 3452 860 3495 Diodor.
880 3456 916 3506 I,
935 3455 1003 3509 37,
1024 3454 1063 3495 5.
1080 3456 1157 3505 III,
1178 3455 1246 3505 36,
1266 3455 1305 3505 3;

74 3505 327 3548 Artemidor.
358 3523 423 3564 ap.
460 3511 651 3554 Strabon.
675 3515 793 3564 XVI,
818 3530 860 3571 p.
894 3520 991 3571 769.
1019 3530 1121 3572 770;
1151 3517 1308 3558 Plinius

73 3568 148 3617 VI,
187 3582 222 3608 c.
257 3581 332 3622 293
370 3572 631 3615 Monument.
664 3575 877 3619 Adulitan.
909 3579 954 3619 in
994 3579 1143 3621 cosma
1179 3579 1307 3621 Indo-

72 3628 220 3682 pleust.
242 3632 297 3681 II,
322 3645 365 3686 p.
388 3635 461 3681 141
576 3635 792 3691 ἐλεφάντων
814 3639 1142 3695 Τρωγλοδυτικῶν
1168 3641 1306 3682 καὶΑἰ-

75 3691 270 3741 θιοπικῶν,
290 3693 354 3740 οὓς
370 3693 391 3734 ὅ
406 3709 446 3734 τε
466 3694 588 3751 πατὴρ
605 3696 720 3738 αὖτοῦ
735 3699 799 3739 καὶ
814 3699 925 3749 αὐτὸς
939 3702 955 3755 (
969 3701 1211 3744 Ptolemaeus
1226 3705 1306 3757 III)

73 3757 216 3806 πρῶτοι
235 3753 274 3794 ἐκ
298 3755 530 3810 τῶν’χωρῶν
550 3757 696 3799 τούτων
714 3758 919 3815 ἐθήρευσαν
942 3761 1008 3803 καὶ
1021 3764 1308 3819 καταγαγόντες

75 3811 125 3859 εἰς
146 3811 339 3868 Αἴγυπτον
366 3819 644 3860 κατεσκεύασαν
664 3820 878 3877 πολεμικὴν
905 3824 1053 3879 χρείαν.
1082 3825 1099 3880 1}
1122 3849 1177 3857 —
1196 3827 1237 3868 3.
1257 3831 1306 3883 τῇ

74 3878 263 3933 προνοίᾳ]
298 3880 436 3921 omisit
457 3883 504 3921 B.
534 3883 550 3936 Η
584 3907 639 3914 -
670 3883 708 3925 5.
741 3885 806 3926 καὶ
823 3895 915 3941 post
947 3886 1023 3944 γὰρ
1056 3897 1097 3929 et
1125 3888 1197 3929 lin.
1232 3905 1255 3944 7
1285 3890 1306 3930 ὁ

73 3947 165 3992 post
191 3938 309 3988 Ἰνδὸς
326 3943 465 3984 omisit
486 3944 615 3985 codex
640 3947 686 3986 C.

1951 246 2071 311 EX

1458 390 2562 513 AGATHARCHIDIS

1523 573 1613 622 DE
1656 571 1822 624 MARI
1858 577 2250 628 ERYTHRAEO
2287 582 2500 633 LIBRIS

1851 705 2150 747 EXCERPTA
2160 739 2169 747 .

1394 918 1490 953 Lecti
1504 920 1587 952 sunt
1599 917 1866 960 Agatharchidis
1881 918 1963 952 libri
1983 912 2068 960 duo,
2083 920 2219 963 primus
2234 925 2270 957 et
2285 924 2439 967 quintus,
2460 926 2503 961 de
2534 930 2621 962 mari

1432 971 1629 1061 {gaggis
1642 972 1787 1016 aliisque
1813 972 1919 1007 rebus
1940 973 2158 1009 mirabilibus
2184 984 2319 1012 summa
2334 979 2446 1022 capita
2464 989 2625 1027 comprea

1624 1139 1710 1183 DE
1754 1139 1938 1185 MARI
1980 1139 2392 1190 ERYTHRAEO

1760 1235 1796 1278 E
1835 1234 2018 1281 LIBRO
2054 1237 2263 1283 PRIMO.

1449 1362 1486 1389 1.
1522 1348 1788 1390 Ptolemaeum
1826 1350 1898 1404 qui
1941 1357 2036 1405 post
2068 1351 2168 1404 Lagi
2200 1350 2330 1391 filiurn
2363 1355 2547 1406 regnavit
2583 1357 2624 1395 in

1388 1417 1579 1473 AEgypto‚
1600 1418 1784 1472 primum
1807 1418 1865 1458 ait
1889 1418 2114 1458 instituisse
2139 1418 2402 1474 elephantum
2434 1435 2510 1461 nec
2541 1437 2623 1462 non

1388 1485 1560 1526 aliarum
1575 1484 1777 1540 ejusmodi
1785 1485 2015 1527 belluarum
2028 1487 2301 1538 venationem,
2319 1496 2359 1528 et
2374 1502 2464 1543 quae
2482 1498 2623 1530 natura

1388 1553 1604 1609 disjunxit.
1642 1554 1685 1594 in
1716 1568 1842 1594 unam
1865 1555 1980 1609 quasi
2016 1554 2331 1596 stabulationem
2363 1556 2621 1598 conduxisse.

1387 1623 1720 1679 Expendendum
1754 1639 1851 1664 vero
1888 1623 1989 1680 quid
2020 1624 2101 1664 hoc
2133 1625 2224 1665 loco
2247 1625 2356 1665 dicat
2388 1625 2620 1667 historicus.

1385 1693 1492 1732 Nam
1511 1692 1633 1732 etiam
1660 1701 1755 1733 ante
1776 1692 2094 1734 Ptolemaeorum
2112 1700 2270 1734 aetatem
2294 1692 2412 1734 multi
2434 1693 2623 1749 elephan-

1386 1761 1496 1802 tibus
1508 1762 1698 1802 cicuratis
1717 1761 1780 1803 vel
1789 1748 1835 1802 'in
1851 1761 1959 1803 bello
1970 1762 2033 1803 usi
2047 1761 2254 1816 leguntur,
2272 1770 2319 1802 ut
2333 1764 2464 1804 Porus
2477 1762 2620 1812 Indus,

1387 1830 1458 1884 qui
1485 1844 1581 1871 cum
1602 1828 1839 1872 Alexandro
1860 1829 2014 1871 bellum
2039 1831 2177 1884 gessit,
2205 1830 2354 1885 aliique
2376 1845 2461 1871 non
2483 1831 2619 1886 pauci.

1385 1901 1573 1941 Fortasse
1590 1889 1834 1942 Ptolemaeus
1848 1899 1918 1941 hic
1938 1900 2097 1955 primus
2119 1900 2302 1954 impense
2330 1899 2387 1940 illi
2406 1899 2543 1940 studio
2559 1901 2622 1940 in-

1385 1968 1576 2009 cubuisse
1590 1969 1700 2026 visus
1722 1976 1798 2019 est,
1815 1976 1887 2009 aut
1903 1969 2063 2023 primus
2080 1978 2362 2008 successorum
2380 1967 2618 2018 Alexandri,

1385 2045 1456 2077 aut
1473 2038 1581 2078 inter
1598 2038 1760 2093 AEgypti
1776 2051 1890 2091 reges
1904 2037 2064 2092 primus
2087 2038 2124 2077 ei
2146 2038 2205 2077 rei
2225 2051 2392 2092 operam
2407 2036 2535 2078 dedit.

1441 2119 1480 2146 2.
1499 2105 1727 2160 Erythrum
1747 2104 1760 2160 (
1778 2104 1972 2161 rubrum)
1991 2119 2103 2145 mare
2120 2119 2274 2145 nomen
2287 2105 2449 2146 trahere
2463 2106 2519 2146 ait
2536 2119 2618 2145 non

1385 2173 1500 2228 quod
1515 2174 1628 2213 sinus
1647 2173 1813 2214 Arabici
1834 2181 1995 2213 montes
2018 2172 2303 2223 occidentales,
2323 2173 2424 2213 dum
2447 2187 2558 2214 acres
2580 2182 2619 2213 et

1384 2241 1492 2294 ignei
1511 2241 1606 2281 solis
1624 2239 1729 2280 radii
1744 2255 1813 2280 eos
1836 2239 2004 2289 feriunt,
2028 2240 2217 2280 carbonis
2232 2239 2408 2281 reddant
2423 2242 2615 2295 speciem,

1384 2309 1599 2348 orientales
1637 2323 1735 2348 vero
1768 2308 1915 2348 tumuli
1941 2322 2073 2348 arenae
2099 2316 2139 2348 et
2166 2308 2291 2362 glebae
2310 2308 2537 2349 subrubrae
2565 2308 2616 2349 ad

1384 2376 1513 2416 multa
1532 2390 1614 2415 01·ae
1632 2376 1848 2415 maritimae
1870 2374 1999 2415 stadia
2018 2374 2307 2426 effundantur3
2330 2390 2415 2416 non
2436 2376 2543 2416 hanc
2561 2376 2616 2416 ob

1435 2521 1513 2570 §2-
1533 2517 1560 2557 l.
1579 2531 1642 2556 11.
1664 2516 1859 2557 θάλασσαν
1876 2515 1970 2556 cod.
1990 2517 2036 2557 C.
2062 2517 2140 2570 ss—
2160 2516 2225 2556 15.
2244 2516 2486 2570 βαλλοῦση
2499 2517 2529 2570 ς]
2549 2517 2615 2570 βα-

1376 2579 1517 2631 λούσης
1529 2578 1651 2619 codd.
1671 2580 1756 2620 AB.
1777 2579 1793 2632 ΙΙ
1808 2580 1933 2619 ——De
1949 2593 1993 2619 re
2005 2577 2058 2618 cf.
2074 2578 2326 2619 Artemidor.
2342 2592 2408 2632 ap.
2423 2578 2613 2619 Strabon.

1375 2644 1492 2692 XVI,
1511 2657 1552 2697 p.
1567 2657 1646 2696 779
1664 2655 1674 2682 z
1693 2640 1878 2696 Ἐρυθρὰν
1895 2640 1970 2696 γὰρ
1985 2640 2112 2696 λέγειν
2130 2639 2436 2693 (Artemidorus
2453 2644 2615 2694 narrat)

1374 2704 1479 2752 τινὰς
1503 2702 1572 2755 τὴν
1605 2703 1797 2744 θάλατταν
1819 2702 1893 2744 ἀπὸ
1912 2705 1979 2754 τῆς
1993 2703 2128 2758 χροιᾶς
2146 2704 2213 2754 τῆς
2239 2702 2515 2757 ἐμφαινομένης
2533 2704 2616 2743 κατ’

1378 2765 1606 2816 ἀνάκλασιν,
1629 2762 1706 2806 εἴτε
1731 2763 1806 2806 ἀπὸ
1829 2767 1897 2806 τοῦ
1931 2764 2043 2816 ἣλίου
2075 2763 2172 2805 κατὰ
2202 2762 2367 2819 κορυφὴν
2395 2764 2504 2811 ὄντος
2528 2765 2617 2817 (sic

1379 2829 1642 2883 Agathemer.
1655 2830 1712 2878 H,
1734 2830 1819 2882 11),
1835 2825 1911 2868 εἴτε
1928 2827 2003 2869 ἀπὸ
2021 2831 2097 2868 τῶν
2114 2826 2213 2882 ὀρῶν
2232 2826 2553 2881 ἓρυθραινομένων
2576 2826 2615 2867 ἐκ

1378 2893 1446 2942 τῆς
1467 2889 1729 2938 ἀποκαῦσεως·
1764 2889 1984 2945 ἀμφοτέρως
2005 2889 2080 2945 γὰρ
2100 2888 2278 2937 εἰκάζειν.
2302 2889 2468 2940 Κτησίαν
2489 2888 2529 2929 δὲ
2549 2888 2614 2929 τὸν

1378 2952 1532 2993 Κνίδιον
1545 2949 1674 3008 πηγὴν
1688 2951 1854 3006 ἱστορεῖν
1873 2950 2093 2993 ἐκδιδοῦσαν
2112 2950 2162 2999 εἷς
2177 2949 2247 3002 τὴν
2267 2952 2457 2992 θάλατταν
2476 2950 2618 3005 ἓρευθὲς

1376 3015 1442 3055 καὶ
1459 3014 1645 3071 μιλτῶδες
1656 3014 1772 3069 ὕδωρ.
1789 3013 1831 3054 'A
1840 3030 1865 3069 γ
1876 3029 1899 3053 α
1909 3014 1928 3054 θ
1939 3029 1963 3054 α
1972 3029 1991 3070 ρ
2000 3030 2028 3068 χ
2040 3014 2051 3054 ί
2059 3015 2079 3054 δ
2088 3030 2111 3066 η
2122 3029 2140 3054 ν
2158 3013 2198 3054 δὲ
2212 3013 2278 3055 τὸν
2296 3013 2440 3054 ἐκείνου
2451 3013 2612 3063 πολίτην

1376 3078 1478 3133 παρά
1490 3092 1592 3125 τινος
1606 3075 1740 3127 Βόξου,
1763 3075 1956 3131 [Πέρσου]
1976 3076 2020 3118 τὸ
2032 3077 2156 3132 γένος,
2175 3075 2387 3130 ἱστορῆσαι,
2404 3075 2501 3114 διότι
2517 3073 2612 3127 Πέρ-

1378 3155 1445 3192 σης
1463 3155 1519 3188 τις
1538 3138 1722 3195 Ἐρύθρας
1736 3138 1987 3194 ἷππυφορὸίου
2009 3138 2110 3186 τινὸς
2123 3137 2195 3178 ὑπὸ
2212 3138 2365 3188 λεαίνης
2384 3135 2526 3190 οἴστρῳ
2544 3150 2612 3175 κα·-

1377 3203 1619 3258 τασχομένης
1639 3201 1876 3250 ἐξελαθέντος
1896 3201 2008 3256 μέχρι
2026 3201 2215 3252 θαλάττης
2230 3199 2404 3241 κάκεῖθεν
2427 3197 2476 3245 εἷς
2493 3198 2608 3248 νῆσόν

1377 3280 1464 3306 τινα
1478 3266 1691 3321 διάραντος,
1712 3264 1868 3318 σχεδίαν
1889 3262 2102 3317 πηξάμενος
2119 3267 2266 3318 πρῶτος
2280 3261 2505 3316 περαιωθείη
2523 3260 2614 3314 πρὸς

1377 3326 1448 3380 τὴν
1466 3331 1596 3380 νῆσον·
1619 3327 1708 3367 ἰδὼν
1726 3326 1766 3367 δὲ
1778 3326 1903 3373 καλῶς
1917 3325 2134 3381 οἰκήσιμον,
2150 3323 2219 3375 τὴν
2239 3323 2304 3379 μὲν
2319 3323 2462 3378 ἀγέλην
2477 3321 2527 3369 εἷς
2542 3321 2610 3372 τὴν

1379 3391 1544 3446 Περσίδα
1568 3389 1765 3445 ἀπαγάγοι
1792 3388 1921 3429 πάλιν·
1951 3387 2128 3435 ἀποίκους
2159 3387 2193 3427 δ’
2217 3386 2301 3427 ἐκεῖ
2317 3385 2464 3426 στείλαι
2487 3400 2527 3425 τε
2548 3385 2613 3425 καὶ

1383 3453 1465 3509 [εἰς]
1480 3453 1546 3501 τὰς
1558 3452 1679 3499 ἄλλας
1695 3451 1830 3503 νήσους
1844 3450 1909 3491 καὶ
1923 3448 1992 3501 τὴν
2005 3450 2212 3505 παραλίαν,
2232 3449 2431 3503 ἐπώνυμον
2449 3446 2489 3487 δὲ
2501 3447 2611 3497 ποιή-

1381 3531 1477 3558 σειεν
1493 3515 1628 3556 ἑαυτοῦ
1641 3515 1685 3556 τὸ
1698 3514 1877 3568 πέλαγος.
1893 3514 1989 3561 Τοὺς
2004 3513 2044 3554 δὲ
2060 3513 2230 3568 Περσέως
2243 3510 2324 3552 υἱὸν
2339 3509 2612 3564 ἀποφαίνεσθαι

1380 3579 1446 3620 τὸν
1473 3577 1674 3633 Ἐρύθραν,
1696 3575 1917 3632 ἡγήσασθαί
1931 3591 1971 3616 τε
1991 3576 2228 3618 τῶν’τόπων.
2252 3571 2379 3628 Quod
2407 3572 2459 3613 de
2476 3573 2609 3613 Persei

1378 3642 1462 3683 filio
1485 3640 1706 3690 ferebatur,
1743 3637 2064 3692 Agatharchides
2084 3636 2230 3678 fabulis
2264 3642 2464 3676 accenset.
2497 3634 2613 3673 Cete-

1378 3718 1473 3744 rum
1495 3701 1580 3742 vid.
1598 3715 1689 3756 quae
1707 3700 1759 3742 de
1774 3700 1954 3756 Erythra
1967 3699 2136 3755 ejusque
2151 3698 2284 3739 insula
2302 3712 2352 3738 ex
2371 3695 2609 3737 auctoritate

1377 3765 1658 3819 Mithropastae
1677 3755 1847 3818 satrapae
1877 3761 2046 3804 tradunt
2062 3761 2272 3803 Nearchus
2300 3767 2340 3799 et
2362 3757 2609 3808 Orthagoras

1376 3843 1443 3883 ap.
1467 3827 1658 3868 Strabon.
1683 3827 1800 3877 XVI,
1830 3839 1872 3880 p.
1894 3828 1973 3880 766
1992 3832 2032 3865 et
2061 3824 2225 3865 Arrian.
2252 3819 2346 3861 Ind.
2371 3833 2406 3859 c.
2440 3818 2490 3870 37
2515 3818 2531 3868 (
2551 3818 2604 3856 V.

1377 3891 1574 3945 Scriptor.
1589 3891 1685 3930 Rer.
1703 3889 1820 3930 Alex.
1839 3880 1888 3943 p.
1902 3891 1953 3929 68
1971 3902 2060 3941 sqq.
2079 3886 2217 3939 ibique
2232 3882 2418 3933 notata);
2437 3878 2491 3919 cf.
2507 3879 2612 3918 Cur-

1378 3954 1458 3993 tius
1479 3954 1575 4002 VII,
1603 3967 1643 4005 9,
1671 3955 1745 4001 14;
1776 3951 1883 3992 Mela
1897 3952 1980 4000 ΙΙΙ,
2004 3951 2044 3998 8,
2075 3962 2121 3997 13
2149 3946 2303 3988 Plinius
2328 3943 2404 3991 VI,
2433 3942 2502 3982 28.
2526 3940 2606 3990 323
