2782 4348
182 130 270 172 ¹⁷6
705 82 749 126 Ο

53 238 167 279 Ρὴοῑ.
240 240 300 274 0⁸·
328 221 432 274 Ὀτι
456 224 808 275 summumve<
841 220 894 267 τὰ
930 219 1004 280 μὲν
1041 218 1196 264 ἄνωθεν
1222 219 1412 280 ὁρώμενα

177 291 356 358 πέτραας
385 292 504 358 ὕψεσι
549 292 755 343 ποικίλαις
793 288 1045 350 κατέχεται,
1090 290 1174 339 τοῖς
1221 286 1264 334 δὲ
1310 286 1412 351 πρὸς

178 364 392 410 Θάλασσαν
435 360 643 418 διήκουσιν
681 359 767 421 ᾐὼν
810 357 1023 403 ὑπόκειται
1080 355 1203 413 στενή
1250 375 1295 403 τε
1340 357 1412 404 καὶ

181 432 340 496 μακρά.

54 569 166 612 Diod.
178 557 307 616 Οὗτος
326 563 361 609 δ’
379 562 620 620 ὀνομάζεται
639 556 712 617 μὲν
731 555 960 614 Φοινικὼν,
981 555 1069 620 ἔχει
1087 556 1131 604 &t
1145 560 1302 616 πλῆθος
1318 558 1412 606 τού·

178 650 250 678 του
271 635 343 677 τοῦ
365 632 491 693 φυτοῦ
527 625 790 688 πολύκαρπον
822 623 914 671 καθ’
940 625 1177 690 ὓπερὸολὴν
1211 628 1284 675 καὶ
1309 627 1413 692 πρὸς

178 700 404 747 ἀπόλαυσιν
426 696 498 743 καὶ
529 695 683 759 τροφὴν
716 694 924 759 διάφορον.
992 697 1122 744 Πᾶσα
1148 696 1184 743 δ’
1206 700 1233 754 ἡ
1266 697 1414 759 σύνεγ-

175 788 247 830 γυς
277 766 396 829 χώρα
430 764 616 818 σπανίζει
649 762 908 824 ναματιαίων
942 764 1101 811 ὑδάτων
1130 765 1201 812 καὶ
1237 764 1306 813 διὰ
1337 765 1413 823 τὴν

179 836 279 899 πρὸς
304 833 568 896 μεσημὸρίαν
604 831 786 895 ἔγκλισιν
820 832 1005 897 ἔμπυρος
1026 834 1228 898 ὑπάρχει·
1260 834 1414 882 διὸκαὶ

116 921 155 952 10
177 906 246 951 τὸν
269 903 503 967 κατάφυτον
519 902 664 964 τόπον,
685 904 727 949 ἐν
747 904 1139 967 ἀπανθρωποτάτοις
1155 904 1253 950 ὄντα
1272 903 1414 968 μέρεσι

174 974 243 1020 καὶ
267 976 526 1036 χορηγοῦντα
544 971 617 1024 τὰς
634 970 815 1036 Ῐτροφὰς,
831 973 998 1025 εἰκότως
1019 975 1057 1019 οἱ
1085 972 1290 1037 βάρὸαροι
1311 978 1413 1020 καθ·

175 1042 385 1105 ιερὼκασι.
456 1039 543 1089 Καὶ
565 1040 645 1104 γὰρ
664 1040 812 1093 ὕδατος
839 1042 913 1087 οὗκ
936 1040 1075 1102 ὀλίγαι
1096 1041 1230 1103 πηγαὶ
1255 1041 1328 1089 καὶ
1348 1043 1414 1089 λι·

175 1112 297 1164 6άδες
329 1110 596 1157 ἐκπίπτουσιν
631 1113 672 1157 ἐν
693 1112 837 1175 αὐτῷ,
869 1109 1098 1175 ψυχρότητι
1132 1112 1268 1175 χιόνος
1299 1112 1414 1159 οὐδὲν

173 1180 429 1242 λειπόμεναι·
450 1174 572 1228 αὗται
595 1180 637 1227 δὲ
670 1182 731 1246 ἐφ’
754 1179 946 1244 ἑκάτερον
970 1181 1094 1245 μέρος
1114 1181 1168 1227 τὰ
1200 1180 1310 1228 κατὰ
1338 1180 1412 1238 τὴν

109 1268 147 1300 1⁶
171 1254 248 1312 γῆν
266 1251 413 1314 χλωρὰ
429 1254 592 1298 ποιοῦσι
615 1250 686 1296 καὶ
706 1252 920 1304 παντελῶς
942 1253 1160 1312 ἐπιτερπῆ.
1228 1250 1354 1299 Ἔστι
1370 1250 1413 1298 δὲ

176 1322 248 1368 καὶ
271 1320 412 1383 βωμὸς
434 1322 669 1383 ἐκιστερεοῦ
691 1320 807 1367 λίθου
826 1320 1003 1373 παλαιὸς
1021 1327 1104 1373 τοῖς
1123 1320 1301 1385 χρόνοις,
1325 1323 1413 1367 ἐπι·

173 1391 336 1455 γραφὴν
361 1390 470 1453 ἔχων
508 1389 695 1454 ἄρχαίοις
721 1391 964 1451 γράμμασιν
999 1389 1245 1451 ἀγνώστοις·
1268 1392 1412 1451 ἐπιμε-

176 1462 344 1507 λοῦνται
368 1461 410 1507 δὲ
433 1464 504 1506 τοῦ
535 1460 728 1520 τεμένους
748 1461 852 1522 ἀνὴρ
874 1460 945 1506 καὶ
972 1459 1099 1521 γυνὴ,
1125 1460 1191 1506 διὰ
1227 1460 1315 1522 βίου
1337 1460 1412 1517 τὴν

173 1530 400 1593 ἱερωσύνην
415 1530 592 1592 ἔχοντες.
660 1529 895 1593 Μακρόὸιοι
917 1522 1072 1577 δ”εἶσὶν
1100 1533 1138 1576 οἵ.
1155 1531 1254 1593 τῇδε
1277 1548 1413 1576 κατοι·

111 1615 154 1645 ao
175 1603 353 1657 κοῦντες,
376 1599 448 1646 καὶ
465 1598 539 1654 τὰς
560 1600 698 1651 κοίτας
714 1600 783 1645 ἐπὶ
802 1602 883 1645 τῶν
904 1599 1077 1663 δένδρων
1098 1599 1239 1663 ἔχουσι
1259 1598 1326 1646 διὰ
1341 1599 1409 1645 τὸν

175 1668 258 1714 ἀπὸ
274 1671 356 1714 τῶν
381 1668 533 1730 θηρίων
557 1667 699 1733 φόὸον.

236 1754 294 1787 87.
322 1737 673 1802 Παραπλεύσαντι
694 1737 735 1784 δὲ
759 1738 827 1785 τὸν
849 1740 1123 1787 Φοινικοῦντα
1147 1739 1248 1803 πρὸς
1278 1741 1412 1803 ἀκρω-

172 1806 302 1870 τηρίῳ
333 1810 406 1863 τῆς
436 1806 608 1870 ἠπείρου
634 1808 756 1863 νῆσός
779 1810 887 1854 ἐστιν
922 1808 1005 1854 ἀπὸ
1027 1811 1109 1855 τῶν
1143 1808 1411 1868 ἐναυλιζομέ-

172 1894 253 1922 νων
275 1878 317 1921 ἐν
341 1877 446 1941 αὐτῇ
466 1874 579 1941 ζῴων
601 1878 767 1924 Φωκῶν
787 1881 909 1934 νῆσος
928 1877 1224 1939 ὀνομαζομένη·
1242 1882 1412 1925 τοσοῦτο

108 1961 151 1992 2⁸
173 1944 253 2011 γὰρ
275 1947 431 2002 πλῆθος
448 1948 531 1992 τῶν
551 1946 702 2008 Θηρίων
719 1946 873 1992 τούτων
893 1947 1136 2011 ἕνδιατρίὸει
1155 1950 1239 2000 τοῖς
1260 1946 1411 2003 τόποις,

171 2013 280 2061 ὥστε
320 2014 544 2076 θαυμάζειν
579 2015 669 2068 τοὺς
710 2016 886 2069 ἰδόντας.
954 2018 1017 2064 Τὸ
1060 2015 1102 2062 δὲ
1140 2016 1409 2078 προκείμενον

173 2084 428 2149 ἀκρωτήριον
463 2088 538 2141 τῆς
572 2085 700 2141 νήσου
733 2092 866 2132 κεῖται
894 2085 1005 2132 κατὰ
1038 2085 1112 2142 τὴν
1154 2085 1412 2145 καλουμένην

173 2153 338 2217 Πέτραν
375 2156 449 2211 τῆς
470 2153 664 2218 Ἄραὸίας
695 2154 766 2200 καὶ
790 2154 865 2210 τὴν
901 2156 1209 2210 Παλαιστίνην·
1243 2156 1299 2207 εἰς
1330 2154 1411 2217 γὰρ

172 2223 329 2280 ταύτην
354 2222 424 2268 τόν
445 2240 492 2269 τε
508 2222 675 2268 λίὸανον
698 2223 770 2268 καὶ
794 2223 928 2268 τᾶλλα
947 2222 1093 2286 φορτία
1116 2222 1170 2268 τὰ
1192 2222 1293 2285 πρὸς
1311 2226 1412 2268 εὔω-

171 2358 416 2415 AEgyptium
441 2357 640 2415 (Joseph.
663 2361 716 2400 A.
737 2361 778 2400 J.
810 2350 929 2410 v1'11,
955 2359 1011 2416 α)
1044 2359 1271 2411 vomebant,
1307 2362 1413 2402 Ara-

173 2421 264 2471 bes,
285 2428 460 2462 testante
477 2419 613 2463 Plinio
633 2421 696 2461 VI
710 2451 722 2471 ,
746 2421 816 2472 33,
833 2421 1093 2477 appellabant
1114 2424 1210 2464 Ean
1226 2423 1243 2476 (
1258 2425 1408 2471 AEane,

170 2488 296 2533 Scan,
320 2486 447 2525 Soean
476 2497 564 2525 var.
589 2483 683 2525 lect.
703 2483 742 2540 ),
771 2484 911 2526 nescio
933 2499 986 2526 an
1015 2484 1069 2527 ab
1090 2484 1178 2526 Ain
1211 2484 1274 2526 vel
1295 2487 1414 2541 Ajtm

172 2549 306 2589 Muse.
326 2544 444 2587 Idem
476 2545 634 2588 Plinius
665 2546 743 2596 VI,
770 2546 823 2595 34
852 2546 1059 2589 Arsinoen
1081 2545 1292 2588 conditam
1311 2545 1414 2588 dicit

172 2610 215 2650 in
234 2609 329 2649 sinu
350 2606 540 2649 Curanda
560 2622 595 2649 s.
621 2607 859 2650 &arande-a
876 2623 911 2650 s.
939 2608 1151 2651 Carandra
1164 2641 1176 2658 ,
1202 2607 1316 2664 quod
1339 2623 1414 2650 no-

171 2684 269 2712 men
284 2669 475 2711 duxerim
492 2670 545 2711 ab
563 2670 691 2712 Wadi
707 2670 973 2727 Gharandel(
988 2671 1048 2712 sic
1062 2670 1207 2712 scribit
1225 2672 1409 2722 Seetzen;

169 2731 269 2774 alii:
302 2731 526 2780 Garondel,
551 2731 763 2774 Gar-unde!
773 2764 785 2784 ,
811 2731 1068 2781 Gharundel,
1090 2730 1310 2782 Gimndel,
1342 2735 1412 2773 Co·

173 2793 326 2837 mndel.
345 2795 402 2836 V.
437 2796 570 2836 Ritter
590 2796 707 2846 XIV,
733 2810 776 2851 p.
806 2796 875 2837 35.
904 2795 997 2837 115.
1024 2797 1121 2837 816.
1157 2794 1237 2838 885
1254 2794 1288 2852 ),
1320 2809 1412 2850 quae

172 2856 287 2899 vallis
308 2871 332 2898 a
356 2856 483 2899 borea
516 2858 791 2913 promontorii
814 2860 1037 2899 Hammam
1063 2858 1106 2898 iu
1125 2858 1263 2899 sinum
1286 2857 1412 2913 (Bir-

172 2920 239 2962 ket
257 2918 523 2976 charandel)
546 2921 647 2971 exit,
666 2919 718 2960 ad
731 2934 855 2975 quem
872 2919 1018 2961 urbem
1034 2921 1341 2974 cognominem,
1358 2919 1411 2962 ab

172 2982 359 3025 Antonio
376 2983 559 3038 Martyre
583 2981 597 3038 (
614 2985 637 3036 S
654 2982 734 3038 20)
753 2981 978 3023 Sur-andelo
995 2980 1165 3033 dictam,
1185 2981 1308 3023 fuisse
1324 2997 1412 3023 mo·

171 3052 244 3086 net
265 3044 447 3086 Ritterus
466 3045 585 3096 XIV,
604 3059 648 3101 p.
667 3045 735 3093 34.
758 3048 777 3098 Η
793 3068 850 3076 -
874 3057 911 3085 1.
931 3044 1199 3100 Φοινικών]
1219 3045 1411 3086 Proxime

170 3107 361 3164 sequitur
383 3106 484 3149 urbs
513 3109 596 3149 Tor
627 3106 815 3163 palmetis
845 3107 929 3148 suis
958 3106 1211 3161 famigerata.
1241 3107 1297 3148 V.
1322 3108 1410 3149 Rit-

172 3170 363 3222 terXII,
397 3183 442 3226 p.
467 3170 565 3225 773,
592 3170 665 3226 qui
687 3177 876 3212 nostrum
906 3169 1044 3212 locum
1068 3170 1111 3211 in
1141 3168 1294 3212 Arabia
1324 3171 1410 3225 pri·

172 3246 289 3274 mum
322 3231 384 3274 vel
420 3232 529 3274 inter
558 3233 717 3288 primos
759 3231 884 3274 fuisse
917 3240 1082 3283 censet,
1125 3231 1167 3274 in
1198 3245 1322 3287 quem
1359 3246 1409 3273 ex

172 3294 376 3337 Nabataeis
405 3293 643 3351 Babyloniis
676 3294 836 3337 cultura
867 3294 1099 3352 palmarum
1120 3293 1410 3350 frugiferarum

171 3356 352 3400 deducta
387 3358 456 3400 sit.
488 3358 552 3399 De
590 3359 786 3415 panegyri
823 3357 880 3400 ibi
913 3357 1115 3401 celebrata
1143 3355 1238 3399 vide
1273 3359 1297 3412 s
1336 3359 1406 3401 88.

174 3420 412 3461 Etiamnum
427 3419 585 3462 Arabes
599 3419 856 3463 serocissimii
865 3451 877 3473 ,
891 3421 964 3477 qui
978 3420 1020 3463 iu
1036 3421 1195 3473 Magna
1205 3417 1259 3462 ad
1272 3419 1410 3463 sinum

173 3480 436 3524 AElaniticum
454 3480 637 3539 degunt,
661 3482 934 3541 palmularum
965 3491 1222 3527 maturarum
1254 3490 1410 3539 tempe-

172 3551 276 3585 state
315 3543 438 3586 satos
481 3555 609 3600 agunt
642 3555 684 3588 et
725 3547 964 3602 peregrinos
1008 3558 1196 3603 quosque
1230 3544 1411 3601 hospitio

174 3613 321 3648 eontra
339 3620 498 3648 morem
520 3610 747 3664 excipiunt.
772 3610 966 3652 Ceterum
999 3610 1055 3652 ita
1072 3607 1375 3663 Wesselingius
1396 3620 1407 3651 z

181 3686 199 3705 ι
222 3667 382 3710 Nobilis
407 3668 530 3723 hujus
552 3671 715 3725 palmeti
748 3671 940 3728 frequens
958 3681 1019 3715 est
1052 3672 1236 3723 mentio,
1266 3683 1412 3727 quam·

176 3742 303 3787 quam
332 3744 419 3773 non
453 3745 598 3773 omnes
632 3731 778 3774 eodem
816 3733 943 3776 modo
979 3733 1235 3777 describunt.
1275 3732 1411 3776 'nieo-

176 3791 369 3849 phrastus
386 3793 497 3836 Hist.
521 3793 580 3849 pl.
604 3795 646 3835 11
660 3825 672 3845 ,
689 3811 714 3850 9
733 3804 890 3851 partem
914 3796 1007 3838 sacit
1032 3796 1145 3839 vallis
1161 3794 1408 3853 palmiferae,

176 3868 270 3911 qua:
285 3869 311 3898 a
330 3855 458 3912 Syriae
483 3854 636 3898 finibus
659 3858 701 3898 in
725 3858 862 3899 sinum
889 3872 1019 3914 usque
1042 3859 1266 3902 Arabicum
1286 3859 1412 3916 perti·

177 3925 273 3960 neat
284 3933 297 3970 ς
325 3917 440 3975 quod
471 3932 617 3961 verum
645 3934 731 3962 esse
762 3919 871 3962 haud
908 3930 1025 3977 puto.
1057 3922 1284 3979 Procopius
1307 3920 1407 3964 Bell.

178 3980 291 4023 Pers.
312 3982 356 4034 1,
381 3994 448 4037 19,
469 3982 692 4024 Saracenos
711 3983 754 4024 in
775 3997 825 4024 eo
858 3983 1074 4026 incoluisse
1093 3999 1188 4027 cum
1211 3985 1410 4027 Nonnoso

1158 118 1237 165 Ex
1268 116 1749 167 AGATflAttcfflnE

2627 126 2716 191 (ετ.)

1538 230 1608 273 86.
1648 232 1754 285 Quae
1774 230 1957 273 Palmeto
1980 231 2036 274 illi
2065 246 2089 274 a
2121 232 2434 275 mediterraneis
2458 234 2718 282 imminentia
2739 278 2753 284 ,,

1481 297 1612 340 oculis
1641 312 1686 340 se
1702 297 1902 350 offerunt,
1925 299 2168 342 obtinentur
2187 315 2212 343 a
2239 302 2367 358 petris
2385 301 2630 347 celsitudine
2650 320 2718 347 va·

1481 365 1579 417 riis3
1601 368 1803 423 porrectis
1822 375 1960 410 autem
1979 367 2033 410 ad
2055 382 2169 411 mare
2188 369 2284 411 litus
2315 369 2546 426 subjectum
2564 381 2625 415 est
2647 388 2720 416 an·

1481 441 1647 490 gustum
1668 443 1711 478 et
1723 434 1909 492 longum.

1480 568 1594 611 euim
1618 567 1766 625 palmis
1788 569 1971 611 consitus
1999 577 2085 621 est,
2105 584 2197 627 quae
2229 585 2392 613 summa
2417 571 2604 615 ubertate
2633 538 2753 617 suu-³
2776 613 2782 620 .

1482 649 1572 685 ctus
1588 649 1674 684 tam
1693 640 1749 684 ad
1770 641 2021 699 voluptatem
2044 657 2169 700 quam
2190 643 2243 686 ad
2264 645 2417 687 victum
2439 646 2719 690 conducentes
2749 645 2758 651 ⁴

1481 713 1715 770 proferunt.
1773 714 1855 758 Sed
1888 723 1998 758 totus
2027 716 2070 758 in
2102 718 2340 774 propinquo
2372 732 2470 774 ager
2500 722 2619 776 aquis
2642 722 2719 763 ssu-

1482 786 1656 829 vialibus
1675 786 1896 830 destitutus
1926 796 2014 841 est3
2037 797 2080 831 et
2111 791 2208 846 quia
2230 790 2283 833 ad
2316 792 2530 835 meridiem
2565 797 2717 850 vergit,

1482 859 1685 901 maximos
1705 859 1803 902 solis
1819 859 1988 903 ardores
2004 862 2191 905 sustinet.
2252 867 2474 921 Propterea
2503 866 2639 908 locum
2664 868 2721 909 ita

1483 930 1674 984 fertilem,
1699 933 1827 988 inque
1846 933 2130 975 remotissimis
2149 934 2203 976 ab
2223 935 2440 979 bominum
2461 938 2577 980 cultu
2602 940 2722 982 terris
2770 966 2782 987 -,

1483 1011 1568 1045 tam
1601 1004 1760 1060 largum
1792 1005 2062 1057 nutrimenti,
2094 1020 2180 1048 uon
2202 1007 2410 1053 immerito
2425 1011 2594 1055 Barbari
2624 1028 2723 1055 oon-
2763 1008 2782 1042 Γ

1482 1086 1711 1119 secrarunt.
1771 1078 1878 1119 Nam
1896 1092 2098 1134 aquarum
2123 1079 2256 1123 sontes
2285 1096 2369 1125 non
2393 1085 2556 1139 exigui,
2580 1095 2621 1129 et
2643 1088 2720 1130 rivi

1484 1151 1707 1206 frigiditate
1727 1167 1931 1209 aquarum
1964 1153 2051 1195 nivi
2077 1154 2190 1196 haud
2217 1154 2408 1199 cedentes
2443 1157 2598 1202 ibidem
2626 1174 2722 1218 pro·

1484 1234 1653 1268 manant
1666 1257 1679 1278 ,
1699 1240 1879 1282 quorum
1899 1225 1953 1268 ad
1973 1234 2199 1284 utrumque
2229 1227 2335 1270 latus
2356 1230 2563 1274 vire-eunt
2585 1236 2722 1277 omnia

1483 1308 1524 1342 et
1545 1298 1656 1341 dulci
1675 1300 1913 1341 amoenitatc
1943 1299 2268 1357 perfunduntur.
2330 1304 2414 1345 Ara
2447 1305 2570 1347 etiam
2593 1306 2674 1348 illic
2701 1322 2725 1348 e
2770 1350 2778 1363 ζ

1482 1374 1591 1417 duro
1611 1390 1710 1417 saxo
1732 1375 2005 1417 vetustissima
2030 1384 2090 1418 est
2104 1407 2115 1426 ,
2148 1376 2340 1418 obsoletis
2362 1386 2402 1419 et
2436 1379 2654 1433 incognitis
2676 1380 2723 1423 li·
2755 1371 2782 1434 ⁶,

1483 1457 1664 1491 terarum
1686 1450 1797 1491 notis
1820 1450 2031 1506 inscripta.
2091 1450 2199 1491 Huic
2216 1451 2395 1492 sacrario
2427 1452 2491 1494 vir
2518 1461 2559 1494 et
2577 1454 2725 1496 mulier
2763 1443 2782 1529 i

1483 1521 1713 1563 continenti
1746 1536 1821 1578 per
1852 1522 1977 1563 vitam
2010 1521 2241 1563 sacerdotio
2272 1532 2468 1578 praesunt.
2531 1527 2721 1578 Longam-i
2770 1532 2782 1591 l

1482 1604 1579 1638 sunt
1601 1597 1675 1652 qui
1702 1596 1759 1638 ibi
1789 1604 2019 1647 morantur,
2042 1604 2083 1638 et
2118 1604 2289 1652 propter
2307 1596 2528 1640 bestiarum
2567 1608 2720 1641 metum
2778 1597 2782 1636 ἔ

1482 1669 1690 1712 cubilibus
1707 1670 1792 1712 suis
1807 1669 1975 1713 arbores
1990 1678 2208 1727 occupant.
2260 1664 2267 1671 ’

1539 1749 1611 1803 87.
1657 1746 1888 1790 Palmetum
1926 1747 2008 1789 hoc
2052 1755 2342 1805 proetcrvectus
2380 1747 2433 1791 ad
2473 1750 2723 1794 continentis
2771 1739 2782 1773 ¹¹

1482 1825 1820 1880 promontorium
1855 1824 2031 1867 insulam
2063 1825 2265 1878 offendit,
2305 1841 2397 1882 quae
2428 1842 2451 1869 a
2483 1827 2629 1871 belluis
2664 1828 2722 1871 ibi

1482 1901 1786 1945 stabulantibus
1826 1902 2060 1945 Phocarum
2102 1917 2256 1945 nomen
2298 1903 2437 1945 habet.
2497 1905 2572 1947 His
2611 1906 2722 1948 enim
2777 1924 2782 1964 q

1484 1978 1590 2020 adeo
1633 1977 1867 2030 redundat,
1914 1987 1963 2021 ut
1999 1979 2044 2021 in
2080 1993 2286 2021 summam
2322 1978 2507 2023 videntes
2543 1980 2723 2024 admira·
2781 1966 2782 1969 Ἴ

1484 2060 1640 2102 tionem
1663 2059 1900 2103 deveniant.
1947 2062 2199 2103 Praetentum
2229 2061 2328 2103 huic
2358 2062 2500 2105 iusulae
2523 2076 2724 2120 promon-

1484 2141 1641 2183 torium
1676 2142 1842 2184 Petram
1868 2135 2043 2184 ‘Arabiae
2071 2150 2113 2184 et
2145 2142 2399 2185 Palaestinam
2433 2144 2613 2200 respicit.
2675 2146 2722 2187 In

1484 2221 1595 2264 hanc
1615 2223 1781 2265 Petram
1803 2222 1900 2264 thus
1928 2221 2109 2278 aliasque
2127 2220 2355 2264 odoriferas
2377 2236 2556 2276 merces,
2577 2233 2623 2266 ut
2647 2225 2725 2266 ser·

1486 2373 1554 2415 ap.
1576 2358 1699 2402 Phot.
1727 2358 1823 2400 cod.
1849 2359 1872 2399 3
1895 2358 1995 2413 [Fr.
2021 2358 2178 2399 Hister.
2201 2366 2232 2398 t.
2254 2358 2331 2409 IV,
2353 2371 2397 2414 p.
2422 2361 2500 2414 169
2516 2349 2546 2415 J'
2566 2357 2720 2414 prodit.

1485 2423 1655 2464 Cosmas
1677 2436 1775 2463 vero
1792 2420 2078 2477 Indopleustes
2098 2421 2281 2476 Topogr.
2305 2421 2362 2471 V,
2391 2433 2436 2476 p.
2460 2421 2555 2475 195,
2568 2420 2722 2463 Israeli-

1485 2492 1571 2535 tas,
1605 2485 1744 2526 sinum
1766 2483 1993 2527 Arabicum
2025 2497 2240 2534 emensos,
2278 2479 2331 2523 ad
2363 2480 2657 2524 Pboenieonem
2679 2483 2722 2524 in

1483 2546 1648 2589 Arabia:
1669 2548 1951 2589 continentem
1969 2545 2199 2588 escendisse
2219 2552 2366 2587 auctor
2385 2552 2469 2596 est,
2493 2544 2606 2587 haud
2624 2558 2722 2600 pru·

1484 2609 1593 2652 secto
1605 2609 1784 2652 absurde
1798 2622 1809 2652 :
1829 2623 1963 2666 neque
1976 2610 2089 2651 enim
2103 2608 2223 2662 longe
2240 2607 2340 2649 binc
2355 2606 2578 2649 abfuerunt
2589 2606 2718 2656 Elim,

1484 2672 1557 2714 ubi
1579 2681 1621 2714 et
1642 2672 1775 2715 sontes
1801 2672 1939 2727 plures
1968 2671 2189 2728 pluresque
2216 2669 2387 2725 palmae,
2421 2668 2543 2725 plane
2567 2677 2613 2710 ut
2642 2669 2721 2711 hoc

1484 2735 1528 2776 in
1547 2734 1639 2777 loco
1653 2766 1665 2786 ,
1689 2733 1825 2777 Exod.
1846 2735 1943 2785 XV,
1965 2746 2046 2789 275
2068 2741 2114 2774 ut
2136 2745 2305 2788 prorsus
2325 2731 2426 2772 mihi
2450 2729 2719 2787 persuadeam
2780 2766 2782 2785 ἦ

1482 2791 1920 2838 Phoeniconembunc
1943 2794 1995 2837 ab
2017 2809 2068 2836 eo
2095 2793 2304 2836 diversum
2324 2807 2410 2835 nou
2441 2791 2580 2835 fuisse.
2606 2796 2722 2837 Cete·
2779 2805 2782 2849 ξ

1482 2872 1577 2900 rum
1597 2859 1767 2914 insignis
1785 2857 1838 2900 de
1856 2858 2107 2901 Phoenicone
2124 2857 2238 2899 locus
2256 2865 2317 2897 cst
2336 2857 2377 2897 in
2407 2857 2521 2899 Actis
2545 2858 2721 2899 Sinaita-
2779 2851 2782 2882 ἶ

1482 2935 1577 2963 rum
1597 2920 1914 2972 monachorum,
1928 2920 1981 2963 ab
1994 2920 2219 2963 Ammonio
2233 2918 2449 2974 descriptis
2466 2927 2508 2960 et
2526 2920 2567 2960 in
2587 2921 2720 2963 Lectis

1483 2991 1711 3040 martyrum
1757 2983 1980 3039 triumphis
2021 2997 2046 3024 a
2089 2983 2121 3025 F
2123 2981 2307 3023 rancisco
2343 2979 2593 3023 Combelisio
2634 2983 2722 3025 vul·
2779 2981 2782 2985 ’

1482 3045 1585 3098 gatis
1599 3059 1642 3101 p.
1659 3049 1713 3101 96
1733 3059 1824 3101 sqq.
1849 3046 1908 3087 Ea
1930 3043 2040 3086 vide.
2063 3064 2080 3081 ι
2102 3046 2206 3098 Quat
2227 3042 2337 3099 apud
2364 3043 2612 3099 Procopium
2633 3043 2660 3086 l.
2691 3045 2718 3087 l.

1482 3107 1688 3162 leguntur,
1726 3107 1779 3150 ad
1821 3115 2009 3149 nostrum
2053 3106 2190 3149 locum
2226 3107 2433 3162 pertinere
2479 3115 2719 3161 nequeunt;

1481 3169 1700 3225 pluresque
1730 3177 1848 3211 erant
1877 3169 2171 3219 Pboenieonoe,
2209 3181 2390 3224 quorum
2419 3180 2550 3209 unum
2585 3168 2627 3209 in
2649 3182 2746 3213 ora,

1481 3230 1644 3274 Arabia·
1664 3230 1678 3289 (
1695 3234 1769 3273 26⁰
1789 3230 1858 3274 20¹
1877 3231 1946 3274 lat.
1968 3231 1986 3289 )
2020 3239 2222 3274 memorat
2248 3229 2512 3282 Ptolemaeus,
2537 3230 2722 3286 φοινίκων

1481 3295 1618 3350 κώμην
1655 3308 1820 3336 vocans.
1865 3295 1883 3347 ΙΙ
1919 3318 1976 3327 -
2007 3298 2071 3336 16.
2111 3292 2274 3349 βωμὸς
2307 3292 2359 3335 ἐκ
2395 3295 2610 3349 στερεοῦ
2642 3292 2742 3335 λί·υ

1483 3357 1611 3413 θου].
1641 3358 1779 3414 Rupes
1813 3371 1862 3399 ac
1888 3371 2035 3411 magna
2066 3371 2162 3398 saxa
2190 3356 2341 3412 ignotis
2362 3355 2490 3398 literis
2525 3356 2723 3414 inscripta

1480 3419 1708 3461 etiamnum
1739 3419 2043 3476 quamplurima
2082 3427 2242 3461 exstant
2278 3419 2321 3461 iu
2353 3432 2405 3461 eo
2440 3426 2602 3471 tractu,
2648 3410 2727 3464 uli

1480 3481 1632 3524 Sarbal
1647 3497 1767 3524 mons
1792 3483 1976 3538 ingentes
1996 3483 2166 3525 vertices
2187 3483 2325 3539 prisco
2350 3480 2460 3542 Bao(
2480 3476 2723 3529 siveSenwl
2767 3476 2782 3497 ‘²'

1483 3543 1543 3602 (i.
1565 3559 1608 3601 q.
1640 3545 1773 3603 Civa)
1807 3545 1874 3587 dei
1896 3545 2009 3587 cultu
2030 3546 2148 3602 Syrio
2178 3544 2242 3587 vel
2274 3543 2479 3588 Philistaeo
2497 3541 2596 3586 olim
2708 3586 2711 3587 γ

1481 3615 1568 3649 ctos
1590 3608 1632 3649 in
1655 3622 1776 3650 auras
1808 3607 1968 3650 attollit.
2001 3609 2065 3650 De
2096 3607 2248 3663 quibus
2278 3606 2354 3662 legi
2388 3613 2571 3648 meretur
2589 3603 2724 3647 nium*
2767 3596 2780 3667 ξ

1481 3683 1552 3711 rus
1579 3671 1697 3721 XIV,
1728 3685 1771 3727 p.
1805 3672 1858 3726 37
1886 3679 1928 3713 et
1952 3671 2032 3726 733
2056 3684 2146 3726 sqq.
2177 3673 2197 3723 u
2222 3693 2279 3702 -
2301 3683 2367 3725 ¹9·
2395 3663 2697 3724 Μακρόὸιοι]
2759 3695 2761 3698 «

1480 3733 1547 3775 Sic
1561 3732 1686 3776 codd.
1708 3734 1852 3790 optimi
1869 3749 1880 3784 ;
1898 3733 1965 3775 alii
1980 3733 2144 3790 μακράς
2162 3732 2387 3775 deteriores
2403 3730 2597 3788 μακάριοι,
2615 3740 2643 3785 q
2688 3772 2691 3773 ⁷
2710 3787 2714 3789 Π

1482 3810 1574 3838 rum
1609 3796 1823 3838 lectionem
1856 3804 2020 3838 secutus
2044 3804 2105 3838 est
2131 3796 2278 3838 Ritter.
2302 3795 2422 3846 XIII,
2446 3807 2489 3850 p.
2521 3793 2619 3848 774.
2648 3783 2761 3891 (ΣΞ

1483 3860 1655 3901 Lucian.
1677 3859 1863 3901 Macrob.
1892 3875 1929 3901 c.
1952 3861 1976 3909 l,
1995 3871 2006 3901 ε
2032 3858 2105 3900 Καὶ
2125 3858 2218 3914 γένη
2239 3856 2281 3899 δὶ
2309 3855 2385 3899 ὅλα
2406 3853 2597 3912 μακρόὸια
2616 3850 2631 3894 l
2719 3870 2753 3899 ·-
2780 3895 2782 3899 ,

1481 3938 1593 3978 ρηται
1615 3921 1678 3963 διὰ
1698 3920 1766 3973 τὴν
1786 3923 1952 3972 δίαιταν,
1976 3922 2158 3977 ὥσπερ...
2188 3918 2355 3977 ’Δράὸων
2375 3917 2414 3960 οἱ
2436 3913 2619 3974 ἰξηγηταὶ
2633 3909 2754 3956 τῶνῖ
2780 3922 2782 3966 ff

1482 3984 1627 4040 μύθων.
1664 3984 1799 4026 Hodie
1829 3984 2101 4041 palmetorum
2128 3997 2238 4040 pars,
2266 3994 2359 4038 quae
2378 3978 2432 4023 ad
2466 3976 2767 4348 Sinnium—‚¹

2770 4087 2782 4348 1
