2782 4348
91 193 168 252 (27,
183 192 251 252 28.)

90 298 332 354 Ἀθηναῖος,
356 296 427 346 καὶ
449 293 632 352 ποταμὸς
656 290 834 349 Νέστος,
857 289 1043 351 Ἄὸδηρα
1063 287 1193 345 πόλις,
1217 291 1330 336 Κού-

90 368 218 421 ·δητος
256 365 439 424 ποταμὸς
478 361 547 407 καὶ
585 360 723 410 πόλεις
771 358 923 404 Δίκαια
968 356 1038 402 καὶ
1087 357 1328 420 Μαρώνεια.

100 436 222 483 Κατὰ
257 438 385 479 ταῦτα
426 427 679 491 Σαμοθρᾴκη
711 430 843 482 ’νῆσος
880 425 952 472 καὶ
991 425 1133 486 λιμήν.
1209 427 1334 473 Κατὰ

98 506 250 560 ταύτην
273 504 314 548 ἐν
336 505 387 564 τῇ
420 498 579 561 ἠπείρῳ
599 496 778 559 ἐμπόρια
801 501 932 559 Δρῧς,
967 495 1115 552 Ζώνη,
1146 496 1335 557 ποταμὸς

88 573 251 635 ’“Έ6ρος
279 570 350 616 καὶ
381 570 446 616 ἐπ’
472 570 582 631 αὐτῷ
606 569 740 629 τεῖχος
773 565 1021 628 Δουρίσκος,
1061 559 1183 617 Α’ἷνος
1217 566 1335 618 πόλις

94 642 167 688 καὶ
189 639 338 700 λιμὴν,
355 637 474 699 τείχη
500 635 651 685 Αἰνίων
675 637 716 681 ἐν
739 638 790 697 τῇ
810 635 960 698 Θρᾴκῃ
978 669 991 692 ,
1011 633 1154 687 Μέλας
1166 634 1333 690 κόλπος,

91 709 239 760 Μέλας
276 704 628 769 ποταμὸςνΔερὶς
664 703 884 766 ἐμπόριον,
921 703 1097 766 Κῶὸρυς
1134 702 1334 765 ἐμπόριον

95 779 340 841 Καρδιανῶν
376 776 448 822 καὶ
486 775 587 821 ἄλλο
623 773 830 825 Κύπασις.
901 772 1026 820 Κατὰ
1061 772 1128 818 τὸν
1155 772 1332 820 Μέλανα

86 847 246 893 κόλπον
266 844 440 908 Ἴμὸρος
462 844 549 890 ἐστὶ
566 848 685 901 νῆσος
702 843 773 889 καὶ
790 843 919 900 πόλις,
940 842 1011 889 καὶ
1030 845 1197 903 Αῆμνος
1215 846 1338 898 νῆσος

86 917 164 963 καὶ
181 916 321 976 λιμήν.
388 914 612 974 Ἐπάνειμι
630 914 757 959 πάλιν
771 913 839 958 ἐπὶ
855 911 928 968 τὴν
942 912 1109 976 ἤπειρον
1127 949 1140 970 ,
1154 911 1242 958 ὅθεν
1257 911 1339 965 ἐξε-

96 986 330 1048 τραπόμην.
398 983 521 1032 Μετὰ
539 983 581 1030 δὲ
601 983 668 1030 τὸν
686 982 864 1030 Μέλανα
879 981 1031 1028 κόλπον
1055 981 1201 1037 ἓστὶνῆ
1220 983 1337 1045 Θρᾳ-

87 1057 165 1102 κία
187 1055 444 1119 Χερρόνησος
463 1054 535 1100 καὶ
550 1054 688 1106 πόλεις
711 1055 752 1099 ἐν
768 1054 871 1114 αὗτῇ
896 1050 1001 1097 αἵδε·
1021 1051 1202 1114 Καρδία,
1229 1049 1338 1108 Ἴδη,

98 1124 261 1184 Παιὼν,
280 1124 651 1183 Ἀλωπεκόννησος,
664 1122 885 1187 Ἄραπλος,
903 1122 1108 1175 Ἐλαιοῦς,
1129 1120 1336 1176 Μάδυτος,

90 1194 255 1250 ,Σηστὸς
288 1194 355 1238 ἐπὶ
379 1198 450 1239 τοῦ
473 1193 677 1253 στόματος
698 1196 770 1248 τῆς
808 1190 1106 1253 Προποντίδος,
1134 1189 1191 1252 [δ’
1205 1191 1221 1252 ]
1253 1193 1340 1236 ε’στι

1198 183 1510 237 PERIPLUS.
2567 214 2623 251 55

1400 299 1612 353 quentavit
1633 297 1884 338 Callistratus
1914 297 2196 348 Atheniensis;
2215 300 2363 343 deinde
2382 306 2529 346 fluvius
2556 311 2635 350 Ne-

1401 374 1487 406 stus
1502 397 1513 415 ,
1539 365 1705 407 Abdera
1725 365 1840 415 urbs,
1866 364 2050 406 Cudetus
2078 366 2228 406 fluvius
2243 399 2253 417 ,
2279 370 2482 425 urbesque
2503 377 2637 418 Dicaea

1402 441 1443 474 et
1459 435 1672 474 Maronea.
1733 435 1768 473 E
1793 433 1960 486 regione
1993 433 2070 473 sita
2099 434 2362 476 Samothrace
2395 439 2524 481 insula
2544 458 2637 484 cum

1402 510 1543 556 portu.
1604 503 1654 542 Ei
1685 503 1729 542 in
1759 503 1996 542 continente
2018 503 2206 557 opposita
2228 505 2335 559 Drys
2359 515 2399 546 et
2427 510 2537 550 Zone
2558 527 2640 553 em-

1401 571 1536 625 poria,
1568 570 1733 610 Hebrus
1752 571 1902 611 fluvius
1925 570 1978 611 ad
1993 585 2171 625 eumque
2193 573 2390 614 Doriscus
2412 579 2639 629 castellum;

1404 636 1554 678 deinde
1578 637 1710 678 AEnus
1746 637 1847 677 urbs
1872 646 2124 692 portusque,
2150 638 2368 681 AEniorum
2395 643 2438 682 in
2468 645 2642 687 Thracia

1404 706 1580 757 castella,
1601 706 1728 746 Melas
1757 707 1886 757 sinus,
1910 707 2038 747 Melas
2067 707 2231 758 fluvius,
2254 711 2373 751 Deris
2392 715 2639 767 emporium,

1405 776 1564 831 Cobrys
1596 776 1830 831 emporium
1863 775 2166 817 Cardianorum
2200 787 2243 819 et
2262 780 2434 822 alterum
2458 784 2639 839 CypasiS.

1406 846 1526 886 Circa
1552 844 1758 886 Melanem
1796 845 1934 884 sinum
1956 845 2123 885 Imbrus
2161 855 2221 886 est
2247 849 2378 889 insula
2406 865 2500 891 cum
2522 853 2640 903 urbe,

1407 923 1448 955 et
1479 917 1662 956 Lemnus
1680 913 1814 954 insula
1843 927 1939 954 cum
1961 922 2101 968 portu.
2163 916 2242 956 Sed
2263 931 2426 959 rursum
2441 920 2493 961 ad
2515 923 2645 963 conti-

1409 993 1577 1025 nentem
1604 983 1746 1034 redeo,
1766 981 1881 1024 unde
1903 982 2099 1024 abieram.
2162 986 2260 1025 Post
2289 987 2424 1028 sinum
2442 990 2646 1032 Melanem

1408 1063 1470 1095 est
1479 1055 1760 1102 Chersonesus
1769 1054 1984 1103 Thracica,
2002 1054 2208 1109 urbesque
2224 1056 2267 1095 in
2282 1071 2330 1097 ea
2347 1067 2441 1099 sunt
2455 1073 2464 1099 ε
2480 1061 2643 1112 Cardia,

1408 1123 1483 1163 Ide
1497 1154 1508 1173 ‚
1549 1125 1672 1163 Paeon
1688 1153 1699 1172 ,
1741 1122 2076 1177 Alopeconnesus
2091 1153 2102 1172 ,
2141 1123 2318 1179 Araplus
2361 1125 2375 1181 (
2403 1128 2603 1170 Drabass»
2626 1128 2642 1185 )

1410 1192 1558 1241 Elaeus,
1579 1189 1788 1245 Madytus‚
1817 1191 1955 1231 Sestus
1984 1190 2037 1230 ad
2068 1205 2113 1231 os
2143 1193 2407 1247 Propontidis
2429 1195 2542 1249 quod
2577 1211 2646 1238 sex

1405 1349 1561 1390 Plinius
1583 1358 1624 1390 et
1654 1349 1777 1389 Mela.
1817 1350 1940 1389 Nunc
1982 1350 2124 1390 Tusla.
2156 1351 2171 1403 Η
2198 1350 2446 1392 -Αἶνίων
2482 1354 2497 1407 ]
2529 1353 2646 1396 αἶ’νων

94 1354 316 1407 γεγόνασιν,
342 1352 428 1392 κτλ.
463 1354 609 1393 Postea
637 1365 768 1406 quum
787 1366 839 1392 ex
872 1350 995 1391 exilio
1025 1350 1206 1391 Athenas
1229 1357 1336 1390 esset

94 1429 282 1455 reversus
308 1415 462 1468 absque
487 1414 608 1454 venia
642 1414 802 1469 populi,
834 1413 1005 1454 affectus
1040 1421 1102 1453 est
1133 1412 1334 1467 supplicio

97 1478 110 1534 (
130 1480 306 1533 Lycurg.
328 1479 376 1518 C.
399 1479 588 1518 Leocrat.
608 1480 630 1530 §
647 1490 700 1531 92
718 1476 750 1533 ).
776 1477 1016 1518 Rectissime
1034 1476 1161 1530 igitur
1177 1476 1333 1516 Niebu-

92 1542 208 1581 hrius
230 1540 244 1596 (
268 1540 402 1581 Klein.
427 1539 592 1593 Schsten
616 1541 652 1591 Ῑ,
672 1554 716 1594 p.
743 1552 817 1580 121
837 1538 851 1595 )
885 1538 1099 1580 contendit
1131 1538 1335 1580 coloniam

94 1604 211 1643 istam
231 1617 317 1642 non
344 1610 438 1642 ante
455 1616 522 1642 an.
547 1603 628 1643 362
648 1601 799 1642 deduci
821 1602 1018 1656 potuisse.
1044 1602 1238 1640 Ceterum
1254 1602 1336 1641 Da-

93 1674 159 1705 tus
181 1665 281 1706 urbs
316 1679 402 1705 non
420 1673 510 1705 tum
536 1665 721 1719 primum
740 1663 909 1705 condita
930 1671 1011 1714 est;
1030 1677 1127 1703 nam
1146 1664 1336 1703 meminit

86 1727 181 1781 vejus
200 1729 243 1767 in
261 1726 507 1767 Edonorum
526 1728 693 1781 regione
710 1729 796 1768 sitae
805 1727 892 1782 jam
910 1726 1148 1767 Herodotus
1166 1727 1243 1776 IX,
1263 1727 1332 1780 75,

86 1805 140 1830 ac
178 1790 427 1830 Thasiorum
459 1789 665 1831 coloniam
694 1790 819 1831 fuisse
848 1789 1088 1830 Eustathius
1115 1788 1168 1829 ad
1204 1790 1331 1830 Dion.

98 1855 175 1907 517
202 1852 343 1893 refert.
374 1853 429 1893 Ni
462 1852 595 1903 fallor,
617 1855 763 1904 Datus,
796 1853 915 1894 sicuti
939 1853 1083 1893 vicinae
1102 1851 1226 1893 urbes
1253 1853 1335 1893 Ga-

88 1916 228 1970 ·lepsus
240 1924 280 1955 et
302 1915 546 1970 Apollonia,
571 1930 596 1956 a
616 1916 808 1971 Philippo
832 1916 1015 1966 subacta,
1040 1929 1089 1955 ae
1106 1914 1257 1955 deinde
1283 1915 1335 1955 ab

93 1978 241 2020 eodem
261 1979 379 2020 no-vis
398 1978 559 2029 incolis,
585 1978 692 2019 duce
714 1979 959 2028 Callistrato,
977 1977 1239 2032 frequentata
1257 1986 1332 2018 est.

90 2042 224 2097 ‘quue
248 2042 392 2097 procul
415 2040 546 2082 dubio
569 2042 614 2081 in
636 2040 739 2082 illud
756 2040 904 2082 incidit
924 2049 1104 2095 tempus,
1130 2054 1214 2094 quo
1242 2040 1337 2080 Phi-

88 2105 228 2159 lippus
246 2114 339 2160 post
356 2113 517 2160 captam
533 2104 821 2159 Amphipolin,
845 2103 1032 2159 Pydnam
1052 2112 1094 2143 et
1112 2102 1337 2143 Potidaeam

86 2168 262 2208 ncolonos
281 2169 394 2208 misit
416 2167 630 2218 Crenidas,
652 2181 801 2221 easque
820 2166 872 2206 de
887 2181 929 2206 se
948 2167 1039 2220 ipso
1055 2165 1338 2206 denominavit

96 2231 305 2286 Philippos
327 2230 427 2286 (Ol.
453 2229 547 2279 105,
574 2230 614 2270 3.
639 2229 735 2270 358.
764 2231 820 2269 V.
845 2228 1022 2268 Diodor.
1044 2229 1164 2277 XVI,
1187 2229 1227 2276 8,
1255 2231 1278 2267 6
1301 2227 1334 2283 ).

96 2295 226 2333 Datus
244 2308 342 2333 vero
361 2301 507 2348 portus
542 2300 630 2332 erat
650 2292 938 2346 Philipporum
964 2290 980 2347 ,ζ
994 2289 1107 2331 unde
1133 2289 1337 2344 explican-

92 2354 174 2394 -dus
213 2370 331 2395 error
366 2355 545 2409 Appiani
567 2355 613 2394 in
651 2355 699 2394 B.
727 2354 775 2394 C.
805 2354 882 2402 IV,
908 2354 1002 2403 103,
1033 2353 1105 2407 qui
1126 2352 1338 2406 Philippos

96 2416 194 2455 olim
217 2418 371 2456 Datum
393 2415 522 2456 dictas
540 2429 627 2455 esse
647 2423 788 2456 narrat
804 2416 836 2469 ).
857 2416 920 2455 De
936 2417 1194 2455 Datenorum
1208 2415 1340 2467 regio-

97 2473 159 2511 nis
201 2471 390 2512 felicitate
419 2470 668 2526 proverbiali
696 2470 782 2511 vid.
825 2470 972 2511 Strabo
997 2470 1025 2511 l.
1063 2470 1111 2520 1.,
1146 2470 1336 2511 Eustath.

93 2534 123 2573 .l.
143 2534 188 2583 1.,
207 2534 413 2574 Zenobius
421 2536 498 2583 III,
522 2547 567 2573 11
586 2549 597 2583 ;
615 2532 761 2573 Suidas
776 2548 815 2573 V.
834 2533 954 2580 Δάτος
965 2549 976 2583 ;
994 2532 1165 2573 Boeckh.
1180 2535 1341 2573 Staats·

89 2595 243 2635 ΔΙιαιιεΙι.
275 2597 310 2645 Ι,
332 2609 374 2649 p.
401 2610 442 2649 7.
465 2597 528 2635 De
550 2596 730 2634 nominis
750 2594 893 2635 formis
917 2594 938 2634 ὁ
964 2602 1006 2635 et
1037 2593 1062 2645 ἣ
1081 2594 1202 2642 Δάτος
1232 2603 1273 2635 et
1294 2595 1339 2635 τὸ

88 2657 219 2698 ,Δάτον
250 2657 316 2697 adi
339 2657 481 2712 Steph.
518 2657 642 2698 Thes.
669 2672 701 2697 s.
728 2672 767 2697 v.
796 2682 853 2688 -
876 2657 1019 2698 Verba
1045 2657 1220 2712 Scylacis
1243 2657 1341 2698 κατὰ

43 2739 47 2744 ·
90 2721 237 2772 ταύτην
254 2721 287 2760 si
303 2734 398 2760 cum
411 2734 450 2761 v.
472 2719 667 2767 Νεάπολις
677 2719 851 2774 jungere
867 2719 1049 2770 mavelis,
1065 2720 1123 2759 ita
1136 2728 1183 2760 ut
1197 2734 1340 2761 sensus

96 2784 150 2823 sit
179 2796 187 2824 :
213 2803 230 2818 α
255 2798 305 2823 cx
325 2782 498 2824 adverso
523 2782 662 2837 hujus,
696 2798 753 2824 sc.
777 2783 902 2823 Thasi
918 2782 1076 2833 insulae,
1102 2791 1163 2823 est
1180 2784 1341 2838 Neapo-

98 2846 160 2896 lis,
179 2849 348 2897 Datum‚
366 2854 431 2886 etc
453 2866 468 2881 n
480 2878 491 2896 ,
506 2846 609 2886 nihil
623 2845 822 2900 refragor.
845 2849 863 2899 ΙΙ
879 2870 937 2878 --
954 2845 1112 2887 Νέστο
1126 2862 1141 2893 ς
1159 2847 1174 2900 ]
1196 2845 1343 2895 Νεστὸς

99 2909 242 2950 codex.
265 2911 356 2961 11-
385 2909 636 2961 Κούδητος
655 2911 670 2964 ]
695 2910 863 2950 Fluvius
882 2908 1048 2949 aliunde
1080 2923 1167 2948 non
1200 2917 1338 2950 notus.

97 2972 371 3012 probabiliter
399 2973 433 3012 is
455 2981 531 3022 est,
553 2973 623 3026 qui
646 2973 836 3026 proxime
864 2980 958 3027 post
980 2971 1147 3013 Abdera
1165 2972 1208 3011 in
1230 2987 1342 3013 mare

95 3034 321 3087 ¹egreditur.
358 3035 519 3075 Deinde
548 3035 735 3089 sequitur
768 3035 947 3075 Bistonis
982 3034 1109 3084 lacus,
1145 3035 1188 3074 in
1218 3049 1342 3089 quem

103 3096 337 3137 Herodotus
354 3099 452 3147 VII,
476 3112 552 3150 109
573 3097 745 3137 influere
761 3097 863 3137 dicit
877 3098 1026 3152 Τρᾶνον
1047 3105 1087 3137 et
1110 3097 1338 3152 Κόμψατον;

102 3159 183 3197 Pro
202 3159 423 3212 Compsato
459 3159 642 3199 AElianus
663 3160 715 3199 N.
748 3162 800 3200 A.
823 3160 920 3209 XV,
947 3159 997 3199 25
1022 3159 1147 3200 habet
1172 3159 1345 3200 Κοσσινί-

101 3234 189 3270 την,
215 3228 255 3260 et
275 3221 421 3261 AElian.
449 3222 491 3261 in
514 3223 569 3261 V.
599 3222 705 3262 Hist.
735 3223 812 3271 IV,
843 3235 891 3275 17
914 3222 1104 3272 Κόσατον,
1135 3223 1339 3278 Porphyr.

107 3282 160 3320 V.
186 3283 305 3336 Pyth.
327 3298 364 3323 c.
390 3298 442 3337 27
460 3292 652 3338 corrupte
676 3284 890 3325 Καύκασον.
914 3286 1037 3325 Hunc
1064 3285 1244 3325 eundem
1267 3287 1343 3326 flu-

109 3345 221 3382 vium
247 3345 368 3385 etiam
404 3346 514 3400 apud
547 3346 753 3401 Scylacem
775 3347 943 3401 intelligi
977 3356 1018 3387 et
1036 3362 1113 3402 pro
1147 3348 1343 3400 Κούδητον

107 3406 251 3459 reponi
275 3406 470 3459 Κοῦσητον
493 3408 622 3449 voluit
639 3410 808 3449 Vossius
825 3410 877 3450 ad
896 3409 1046 3450 Melam
1063 3412 1120 3460 ΙΙ,
1139 3424 1180 3451 2.
1202 3414 1342 3463 Quan-

110 3481 231 3520 quam
265 3468 378 3508 ssuvii
400 3470 443 3508 in
462 3470 571 3510 lacus
604 3480 797 3511 exeuntes
817 3487 840 3512 a
861 3473 1011 3527 Peripli
1028 3474 1158 3513 nostri
1177 3482 1344 3515 auctore

110 3544 194 3569 non
218 3529 348 3569 solent
370 3534 698 3573 commemorari.
721 3536 813 3586 11-
831 3534 917 3574 καὶ
938 3534 1057 3574 πόλε
1073 3536 1137 3589 ις]
1164 3536 1247 3576 αἵδε
1272 3537 1343 3577 πό-

111 3591 188 3637 λεις
207 3590 359 3640 codex;
377 3605 457 3632 em.
489 3594 713 3634 Fabricius.
739 3596 874 3649 Gailio
892 3596 979 3636 haec
994 3611 1016 3636 e
1030 3598 1214 3651 margine
1237 3598 1345 3639 illata

106 3667 197 3692 csse
219 3653 427 3702 videntur,
451 3663 559 3694 recte
596 3655 790 3697 fortassis.
814 3657 829 3708 ΙΙ
852 3681 908 3687 -
929 3657 1223 3714 Μαρώνεια]
1263 3661 1347 3700 Μα-

107 3715 230 3768 ρωνία
258 3713 401 3754 codex.
434 3715 523 3765 11-
557 3716 680 3756 κατὰ
703 3721 854 3758 ταῦτα
875 3718 974 3758 κτλ.
1001 3720 1015 3772 ]
1048 3719 1188 3760 Codex
1213 3735 1221 3761 ε
1247 3722 1345 3763 κατὰ

112 3780 231 3817 ταῦτα
251 3777 288 3817 ἐν
306 3779 354 3832 τῇ
377 3775 521 3831 ἠπείρῳ
539 3793 547 3800 ·
576 3778 757 3833 ἐμπόρια·
781 3781 974 3834 δρυζώνη’
1007 3783 1247 3837 σαμοθράκῃ·
1282 3801 1347 3825 κα-

114 3855 184 3879 τατ
224 3839 351 3894 (sic)
386 3838 450 3879 καὶ
477 3838 610 3893 λιμήν·
639 3841 809 3895 ποταμὸς
835 3843 1040 3896 δουρισκός·
1069 3845 1253 3899 αάβαρος·
1281 3849 1346 3887 καὶ

110 3902 171 3943 ἐπ’
194 3902 295 3957 αὗτῷ
323 3903 465 3956 τεῖχος·
494 3900 602 3950 αἶνος
626 3903 711 3943 κτλ.
739 3904 922 3944 Turbata
942 3906 984 3945 in
1014 3905 1202 3948 ordinem
1230 3910 1345 3951 rede-

112 3973 261 4017 gerunt
275 3966 445 4004 Vossius
457 3973 495 4004 et
515 3965 740 4006 Fabricius.
759 3966 773 4018 ΙῙ
786 3990 842 3996 —
853 3965 910 4006 Δο
923 3982 943 4005 υ
957 3981 976 4020 ρ
991 3967 1061 4007 {rs-s.
1074 3984 1093 4007 0
1104 3985 1118 4014 ς
1135 3970 1147 4023 ]
1167 3970 1346 4024 Δορίσκος

117 4026 316 4068 Herodot.
358 4028 452 4075 VH,
481 4029 554 4080 593
593 4027 731 4082 Steph.
765 4030 878 4082 Byz.;
909 4029 1048 4068 Livius
1081 4031 1238 4082 XXXI,
1270 4038 1342 4084 163

1404 1411 1518 1462 cod.;
1539 1427 1621 1453 em.
1648 1411 1827 1452 Palmer.
1851 1415 1942 1463 11-
1963 1411 2126 1467 Δέρις]
2153 1427 2204 1453 ex
2223 1428 2309 1454 uno
2338 1415 2500 1469 Scylace
2532 1426 2644 1458 nota.

1404 1474 1581 1514 Thracia
1613 1488 1710 1528 gens
1733 1473 1913 1528 Δερσαῖοι
1935 1475 1951 1528 (
1974 1474 2132 1515 Herod.
2166 1477 2265 1525 VII,
2309 1490 2387 1518 110
2407 1479 2439 1531 ),
2472 1477 2648 1533 Δερραῖοι

1408 1535 1496 1592 (St.
1539 1533 1637 1591 Byz.
1667 1539 1699 1591 ),
1735 1536 1892 1591 Δάρσιοι
1928 1535 1942 1592 (
1967 1538 2110 1578 Hecat.
2134 1536 2147 1594 )
2181 1537 2234 1579 ad
2267 1539 2380 1579 hunc
2411 1539 2548 1580 locum
2581 1543 2649 1582 vix

1403 1600 1625 1653 pertinent.
1648 1602 1666 1651 Η
1683 1623 1741 1630 --
1759 1599 1950 1654 Κῶὸρυς
1971 1600 1986 1654 ]
2017 1600 2075 1640 sic
2099 1601 2362 1656 Theopomp.
2400 1616 2465 1657 ap.
2502 1604 2643 1658 Steph.

1406 1676 1439 1701 s.
1464 1676 1523 1712 v.;
1549 1661 1726 1716 Κόδρυς..
1753 1662 1960 1717 Καρδανῶν
1981 1662 2127 1703 codex.
2150 1665 2241 1715 11-
2263 1663 2383 1704 ἄλλο
2404 1664 2644 1721 Κύπασις]

1405 1723 1526 1771 ἄλλος
1563 1724 1757 1779 Κῦπασγις
1789 1724 1946 1776 codex;
1979 1735 2248 1767 correxerunt
2285 1742 2336 1767 ex
2367 1728 2556 1768 Hecataeo
2575 1744 2641 1784 ap.

1407 1788 1466 1827 St.
1493 1789 1590 1842 Byz.
1617 1802 1651 1828 S.
1673 1802 1714 1828 V.
1734 1790 1833 1828 Post
1855 1788 2021 1835 Κύπασις
2040 1789 2083 1828 in
2106 1787 2248 1830 codice
2277 1798 2488 1845 tamquam
2506 1791 2648 1833 titulus

1405 1848 1554 1902 legitur
1572 1863 1581 1890 ε
1601 1849 1758 1905 ’Ίμὸρος
1779 1850 1844 1890 καὶ
1863 1851 2039 1906 Λῆμνος;
2059 1852 2242 1906 itemque
2263 1865 2360 1892 mox
2380 1865 2389 1892 ;
2411 1852 2647 1908 Χερρόνησος

1405 1920 1499 1966 post
1526 1927 1566 1952 v.
1611 1911 1887 1968 ἐξετραπόμην.
1910 1916 2003 1965 11—-
2036 1912 2221 1968 Θρᾳκὶα
2253 1914 2452 1969 Χερρόν.
2476 1916 2490 1970 ]
2517 1915 2645 1970 Θρᾴκη

1407 1973 1668 2029 ἀχερρόνησος
1687 1974 1801 2025 0οἂ.;
1824 1990 1905 2015 em.
1928 1976 2050 2015 Voss.
2078 1977 2093 2029 Η
2112 2000 2169 2006 -
2184 1976 2295 2028 ’Ἴδη
2311 2007 2322 2026 ,
2365 1975 2436 2016 Πα
2451 1977 2563 2031 ιὼν]
2587 1980 2648 2017 De

1406 2036 1469 2076 his
1493 2037 1659 2078 aliunde
1680 2052 1765 2077 non
1788 2045 1962 2078 constat.
1985 2038 2238 2088 Gronovius,
2265 2038 2469 2094 probante
2488 2040 2643 2091 Gailio,

1405 2114 1483 2154 pro
1505 2101 1636 2140 Παιών
1659 2099 1835 2154 conjecit
1859 2099 1998 2151 Ἢϊὼν,
2020 2101 2124 2141 male
2147 2101 2352 2142 intellecto
2371 2101 2461 2141 loco
2481 2102 2648 2157 Stepha-

1408 2164 1451 2203 ni
1468 2177 1478 2204 :
1510 2162 1522 2179 ³
1536 2163 1570 2203 Η
1581 2164 1640 2203 ϊὼ
1653 2178 1688 2213 ν,
1714 2163 1825 2210 πόλις
1845 2163 1883 2204 ἐν
1898 2163 2143 2218 Χερρονήσῳ,
2161 2163 2211 2210 ὡς
2233 2163 2466 2215 Θουκυδίδης
2484 2163 2535 2219 (Ι,
2558 2166 2645 2218 79),

1407 2227 1435 2266 i.
1480 2240 1517 2266 e.
1557 2227 1664 2266 Eion
1697 2225 2104 2280 Amphipolitanum,
2132 2240 2218 2266 non
2261 2225 2382 2280 longe
2418 2226 2606 2266 dissitum
2625 2241 2648 2267 a

1409 2288 1666 2328 Chersoneso
1683 2286 1934 2327 Chalcidica.
1956 2288 2011 2326 V.
2039 2286 2229 2327 Meineke
2251 2286 2303 2327 ad
2331 2288 2470 2342 Steph.
2497 2288 2523 2329 l.
2550 2288 2576 2328 l.
2597 2291 2647 2329 In

1410 2349 1655 2404 Thucydide
1671 2350 1791 2399 VIII,
1817 2352 1893 2397 104
1917 2357 2171 2389 memoratur
2190 2348 2342 2396 ’Ίδακος
2364 2351 2381 2402 (
2401 2349 2474 2390 ἀπὸ
2499 2348 2647 2390 Ἰδάκου

1412 2413 1525 2467 μέχρι
1549 2410 1748 2466 Ἇρριανῶν
1777 2411 1810 2466 ),
1835 2419 1877 2451 at
1898 2412 1940 2450 in
1962 2410 2086 2451 altera
2106 2411 2349 2451 Chersonesi
2376 2411 2516 2462 latere,
2541 2426 2563 2452 e
2585 2427 2646 2453 re-

1409 2476 1531 2528 gione
1553 2472 1638 2514 fere
1660 2472 1812 2528 Abydi.
1837 2472 2027 2514 Palmerii
2045 2471 2316 2526 conjecturas,
2344 2481 2488 2528 utpote
2507 2474 2644 2525 nihili,

1409 2537 1600 2576 omittere
1635 2543 1813 2590 praestat.
1835 2537 1854 2586 Η
1871 2559 1927 2565 -
1958 2533 2267 2590 Ἀράπλους]
2301 2534 2506 2583 Ἀνάπλους
2535 2536 2645 2590 conj.

1409 2598 1635 2639 Palmerius
1668 2597 1822 2652 absque
1856 2611 1977 2637 eausa
2015 2596 2179 2647 idonea,
2217 2595 2465 2651 suffragante
2510 2606 2648 2638 tamen

1410 2660 1544 2701 Gailio
1569 2659 1623 2701 ad
1644 2661 1780 2715 Scym.
1818 2674 1861 2714 p.
1888 2660 1995 2713 3893
2035 2659 2214 2714 ’Άψυνθος
2245 2659 2354 2714 conj.
2385 2661 2645 2711 Gronovius,

1409 2737 1642 2778 perperam.
1666 2723 1719 2763 Ni
1742 2722 1875 2772 fallor,
1910 2721 2085 2762 eandem
2115 2721 2264 2762 urbem
2281 2730 2485 2763 memorat
2502 2723 2648 2763 Strabo

1410 2788 1508 2836 VII,
1528 2785 1580 2826 fr.
1605 2785 1672 2836 50,
1689 2784 1788 2826 ubi:
1810 2783 1921 2825 Μετὰ
1939 2783 1981 2825 δὲ
1996 2784 2161 2839 Καρδίαν
2191 2784 2220 2823 Δ
2234 2799 2253 2839 ρ
2267 2785 2291 2824 ά
2303 2784 2355 2824 60
2371 2801 2387 2832 ς
2409 2784 2474 2824 καὶ
2491 2785 2644 2840 Λίμναι·

1414 2847 1485 2890 εἶτ’
1501 2847 1886 2900 Ἆλωπεκόννησος..,
1903 2847 1979 2888 εἴτ’
1995 2847 2091 2903 ἄκρα
2106 2847 2257 2902 μεγάλη
2270 2847 2487 2895 Μαζουσία.
2506 2850 2650 2901 Quan-

1412 2926 1537 2966 quam
1569 2911 1715 2966 Scylax
1744 2910 1944 2965 Araplum
1971 2918 2065 2965 post
2094 2909 2469 2964 Alopeconnesum,
2504 2911 2650 2952 Strabo

1412 2983 1550 3015 autem
1575 2973 1764 3014 Drabum
1786 2981 1881 3014 ante
1903 2987 1994 3014 eam
2023 2981 2239 3014 memorat.
2262 2974 2280 3026 Η
2298 2997 2354 3004 -
2377 2971 2584 3013 Ἐλαιοῦ
2598 2976 2645 3029 ς]

1418 3036 1528 3077 ’Ele
1544 3053 1583 3077 ιο
1594 3037 1640 3084 ὗς
1659 3036 1772 3087 0οἀ.;
1785 3051 1867 3078 em.
1881 3037 2004 3076 Voss.
2015 3036 2128 3077 Infra
2139 3036 2265 3077 habes
2280 3035 2505 3088 Ἐλεοῦντα,
2520 3052 2650 3092 quum

1412 3109 1555 3141 nostro
1578 3100 1669 3140 loco
1685 3108 1824 3154 aperte
1843 3107 1946 3139 esset
1970 3097 2160 3146 Ἔλαιοῦς.
2181 3100 2416 3152 Utrumque
2434 3099 2592 3140 licebat.
2616 3103 2633 3152 ΙΙ
2699 3101 2702 3104 ’

1411 3188 1469 3194 —-
1489 3163 1744 3216 Μάδυτος]
1774 3161 1928 3208 ’Άῧυδος
1942 3160 2094 3210 codex;
2117 3175 2197 3201 em.
2221 3162 2469 3201 Gronovius.
2489 3163 2543 3201 V.
2569 3164 2649 3202 He·

1413 3224 1550 3265 rodot.
1591 3226 1689 3273 VII,
1716 3224 1789 3272 33;
1816 3223 2066 3276 Xenophon.
2095 3222 2199 3263 Hell.
2221 3224 2256 3271 I,
2291 3237 2328 3272 1,
2359 3223 2406 3272 33
2438 3224 2648 3263 Hecataeus

1413 3300 1477 3340 ap.
1506 3287 1563 3326 St.
1588 3287 1633 3325 B.
1657 3299 1689 3324 s.
1711 3299 1769 3334 v.;
1791 3284 1936 3324 Strabo
1952 3286 2048 3333 VII,
2072 3284 2120 3323 sr.
2147 3286 2220 3334 543
2247 3285 2435 3324 Eustath.
2455 3284 2508 3324 ad
2519 3286 2645 3325 Dion.

1413 3350 1506 3389 Per.
1535 3349 1611 3388 513
1627 3364 1636 3397 3
1655 3349 1854 3401 Scymnus
1872 3361 1950 3399 709
1974 3354 2050 3386 etc.
2072 3347 2193 3386 Nunc
2211 3346 2362 3387 Maito.
2384 3349 2402 3399 ΙΙ
2419 3371 2475 3378 -
2502 3347 2523 3387 ὅ
2544 3347 2648 3388 ἐστι
2678 3389 2684 3394 ,

1414 3426 1466 3451 στ
1481 3412 1534 3450 αδ
1549 3443 1556 3450 .
1579 3409 1647 3464 ς’]
1670 3410 1691 3448 ὅ
1708 3409 1786 3449 ἐστι
1801 3407 1961 3448 addidit
1975 3408 2163 3449 Clausen.
2185 3408 2359 3449 Plurimi
2374 3408 2525 3450 fretum
2542 3410 2649 3450 inter

1413 3475 1575 3514 Sestum
1600 3480 1641 3512 et
1666 3470 1861 3525 Abydum
1883 3479 2034 3526 septem
2066 3470 2295 3511 stadiorum
2320 3486 2407 3512 esse
2435 3471 2645 3523 dixerunt,

1414 3535 1600 3589 adeoque
1627 3533 1876 3575 ἑπταστάδιον
1900 3541 2116 3584 vocarunt,
2133 3541 2181 3573 ut
2198 3533 2435 3574 Herodotus
2456 3536 2552 3584 VII,
2573 3536 2645 3583 34,

1414 3598 1560 3639 Strabo
1583 3598 1638 3646 II,
1674 3611 1716 3651 p.
1743 3599 1821 3645 243
1854 3597 1993 3646 XVII,
2018 3610 2060 3651 p.
2086 3596 2188 3650 591;
2213 3597 2370 3638 Plinius
2389 3599 2454 3647 ΙΙ,
2481 3611 2550 3651 92,
2570 3599 2644 3646 IV,

1419 3663 1482 3701 18.
1503 3663 1572 3708 24,
1593 3661 1649 3707 V,
1686 3662 1739 3707 40
1763 3659 1778 3711 (
1801 3658 1879 3713 875
1910 3673 2017 3713 paSS.
2044 3660 2082 3711 );
2100 3658 2207 3699 Mela
2237 3660 2273 3709 I,
2295 3672 2332 3708 1,
2366 3659 2443 3708 363
2475 3658 2646 3710 Agathe-

1415 3738 1517 3764 mer.
1538 3724 1594 3771 II,
1617 3724 1692 3771 143
1727 3721 1914 3761 Eustath.
1940 3721 1993 3762 ad
2014 3723 2139 3762 Dion.
2170 3725 2261 3770 140.
2296 3724 2395 3762 Octo
2421 3721 2644 3761 stadiorum

1415 3794 1475 3826 est
1497 3800 1577 3825 sec.
1598 3784 1849 3838 Xenophon.
1875 3784 1981 3824 Hell.
2008 3786 2084 3834 IV,
2109 3787 2131 3826 8
2149 3800 2160 3834 ;
2181 3784 2309 3825 501101.
2345 3785 2513 3836 Dionys.
2540 3786 2642 3830 1423

1415 3849 1586 3888 duorum
1609 3846 1712 3887 stad.
1731 3861 1810 3887 sec.
1833 3847 2049 3901 Polybium
2070 3848 2187 3896 XVI,
2207 3860 2273 3899 29,
2298 3862 2321 3899 9
2341 3847 2356 3897 (
2380 3846 2453 3884 nisi
2472 3845 2550 3883 hoc
2582 3845 2644 3883 ni-

1415 3910 1516 3950 titur
1534 3908 1774 3949 consusione
1789 3909 1866 3948 litt.
1891 3908 1926 3963 β’
1941 3918 1979 3949 et
2002 3908 2040 3960 η’
2063 3913 2094 3962 ).
2120 3909 2251 3948 Multo
2273 3908 2399 3959 magis
2414 3905 2645 3959 discrepant

1410 3972 1684 4012 recentiorum
1725 3972 1934 4011 sententiae
1955 3973 1970 4023 (
1995 3972 2073 4024 375
2106 3970 2241 4018 tot'scs,
2277 3968 2531 4021 Andreossy3
2563 3967 2641 4020 715

1409 4036 1614 4090 Kiepert.;
1645 4036 1724 4075 800
1749 4034 1975 4073 Juehereau
1996 4032 2048 4072 de
2077 4032 2292 4080 S.-Denis;
2331 4029 2434 4071 1150
2453 4032 2610 4070 Boutcn
2628 4060 2646 4093 ,Ι
