2808 4342
10 0 54 282 Ι
105 173 194 232 (ιο.)
481 206 489 215 .
706 171 724 184 '
818 174 1110 226 PERIPLUS
1155 180 1343 229 MAms
1378 186 1621 234 EXTERI.
1657 147 1838 236 LIBER
1873 192 1912 236 I.
2546 202 2631 249 527

102 274 176 336 δίᾳ
202 274 272 319 καὶ
295 278 346 336 τῇ
377 272 551 335 Ἐρήμῳ
577 274 747 337 Ἀραὸίᾳ
771 276 841 321 καὶ
879 282 929 340 τῇ
965 281 1225 344 Παλαιστίνῃ
1268 285 1338 330 καὶ
1404 295 1457 335 Ηί
1477 295 1601 350 igitur
1619 297 1743 339 vicini
1758 307 1857 340 sunt
1878 299 2040 341 Arabiae
2059 303 2222 343 Petraeae
2241 311 2280 344 et
2299 305 2492 358 Desertae,
2510 316 2549 349 et
2564 312 2637 351 Pa-

103 346 153 403 τῇ
182 342 350 404 Περσίδι
376 341 452 408 Ικαὶ
477 342 709 396 ἀκολούθως
730 349 780 407 τῇ
805 348 1077 411 πρῡεῑρημένῃ
1111 352 1339 413 Εὗδαίμονῑ
1404 362 1566 405 laestinae
1594 373 1634 405 et
1655 365 1814 407 Persidi
1837 375 1877 408 et
1908 378 2205 424 consequenter
2237 371 2441 426 praedicta}
2475 376 2638 419 Arabiae

31 426 43 467 g
102 410 291 473 Ἄραὸίᾳ.

457 479 611 528 [Λείπει
631 482 678 519 τὰ
697 483 794 520 κατὰ
815 485 920 533 μέρος
937 484 951 534 ]

478 617 962 668 ΑΠΟΣΠΑΣΜΑΤΑ.
986 655 997 669 .

11 751 75 811 53'5
163 764 218 794 18.
255 745 420 804 Ὀννη
435 783 446 804 ,
489 749 681 811 ἐμπόριον
715 754 786 807 τῆς
825 753 1079 814 Εὐδαίμονος
1129 756 1333 819 Ἀραὸίας.

12 824 15 841 ³
43 838 46 842 ·
98 816 340 876 Μαρκιανὸς
360 818 399 860 ἐν
425 816 638 880 Περίπλῳ.

11 932 15 951 ;
42 878 43 882 ¹
160 886 291 940 Σιδη
305 884 401 945 νοί,
420 884 528 937 ἔθνος
546 888 847 949 παρακείμενον
868 893 918 952 τῇ
936 890 1114 956 Ἐρυθρᾷ
1131 893 1333 957 θαλάσσῃ,

41 1012 44 1013 ⁷
95 953 148 1011 ὡς
169 953 410 1014 Μαρκιανὸς
430 955 468 999 ἐν
494 955 705 1018 Περίπλῳ.

10 1079 12 1082 ⁴
32 1063 33 1066 ,
159 1022 196 1066 Ζ
210 1039 234 1064 α
251 1021 302 1083 δρ
316 1021 340 1066 ά
355 1040 450 1081 μη,
478 1024 683 1089 βασίλειον
703 1029 783 1070 τῶν
803 1029 1193 1077 ΚιναιδοκοἎπιτῶν.
1238 1031 1332 1078 Εἰσὶ

10 1085 35 1130 ἶ)
49 1099 70 1131 ⁰
94 1090 135 1134 δὲ
160 1090 271 1142 ἔθνος
287 1093 358 1146 τῆς
379 1093 630 1152 Εὐδαίμονος
653 1094 860 1156 Ἀραὸίας.
931 1099 1168 1160 Μαρκιανὸς
1185 1102 1225 1145 ἓν
1244 1103 1328 1147 Πε·

9 1163 40 1176 ⁸
93 1158 225 1223 ρίπλῳ
247 1162 387 1224 αὐτῆς·
412 1181 428 1201 <e
450 1164 725 1225 Ζαδραμιτῶν
751 1165 873 1227 (καὶ)
894 1168 1288 1215 Κιναιδοκολπιτῶν.
1314 1191 1330 1210 »

10 1240 35 1290 'J
90 1229 151 1274 Τὸ
176 1229 329 1276 ἐθνικὸν
353 1232 637 1293 Ζαδραμαῖος.

156 1302 195 1345 Κ
209 1318 234 1344 α
252 1318 311 1345 σσ
326 1318 349 1345 α
363 1306 439 1345 νῖτ
453 1319 500 1345 αι
517 1336 529 1361 ,
556 1301 663 1353 ἔθνος
697 1304 736 1347 ἐν
760 1306 810 1364 τῇ
830 1305 1016 1367 παραλίᾳ
1039 1309 1109 1360 τῆς
1134 1306 1331 1368 Ἐρυθρᾶς

90 1367 316 1424 θαλάσσης.
348 1370 589 1430 Μαρκιανὸς
612 1373 652 1415 ἐν
679 1371 878 1435 Περίπλῳ
904 1375 1042 1429 αὐτῆς·
1068 1396 1087 1414 «
1116 1374 1327 1435 Ἐντεῦθεν

90 1435 303 1498 ἐκδέχεται
319 1438 364 1482 τὸ
386 1440 466 1483 τῶν
491 1442 764 1486 Κασσανιτῶν
782 1441 906 1493 ἔθνος.

110 1537 119 1545 ·
153 1508 253 1552 Μιν
267 1525 286 1550 ν
303 1513 351 1551 αἱ
365 1526 407 1552 οι
423 1543 434 1564 ,
453 1507 563 1560 ἔθνος
585 1511 624 1553 ἓν
645 1513 695 1570 τῇ
728 1511 914 1572 παραλίᾳ
932 1514 1002 1566 τ’ἧς
1027 1511 1229 1575 Ἐρυθρᾶς
1248 1517 1325 1557 θα·-

85 1574 260 1629 λοίσσης.
285 1577 526 1636 Μαρκιανὸς
542 1579 580 1621 ἓν
605 1577 802 1640 Περίπλῳ
823 1580 964 1633 αὐτῆς.

150 1643 208 1691 ‘O
224 1663 291 1702 μη
308 1646 424 1707 ρῒτα
442 1665 477 1702 ι,
504 1646 614 1697 ἔθνος
647 1648 872 1692 Αἰθιόπων.
901 1647 1142 1710 Μαρκιανὸς
1173 1651 1211 1692 ἐν
1234 1652 1324 1695 Πε-

88 1711 220 1775 ρίπλῳ
239 1713 296 1757 α’.

42 1831 45 1834 Α
148 1783 190 1828 Χ
205 1801 229 1827 α
242 1783 291 1844 δρ
307 1801 373 1842 αμ
385 1789 480 1827 ωτῖ
495 1802 519 1828 τ
533 1801 559 1827 α
575 1802 609 1841 ι,
638 1783 747 1834 ἔθνος
764 1783 857 1843 περὶ
877 1783 946 1828 τὸν
968 1783 1140 1830 Ἰνδικὸν
1150 1783 1322 1840 κόλπον,

1 1853 43 1908 ξ’,
83 1850 141 1911 τῷ
167 1849 311 1910 Πρίονι
335 1854 625 1911 παροικοῦντες
647 1852 825 1913 ποταμῷ
841 1884 855 1911 ‚
880 1849 934 1903 ὥς
956 1869 1055 1914 φησι
1081 1853 1322 1915 Μαρκιανὸς

1 1926 2 1932 ’
37 1951 47 1973 4
83 1919 124 1962 ἐν
148 1920 206 1980 τῷ
231 1918 430 1980 Περίπλῳ
454 1921 596 1966 αὐτοῦ.

29 1986 41 1998 “
146 1987 198 2032 Ἀ
211 1990 323 2033 σκῒτ
337 2007 385 2032 αι
401 2023 413 2045 ,
430 1987 543 2040 23!qu
565 1994 788 2051 παροικοῦν
806 1989 873 2035 τὸν
894 1989 1063 2037 Ἰνδικὸν
1083 1991 1234 2037 κόλπον
1252 1992 1323 2037 καὶ

1 2200 2 2207 ’
27 2198 31 2200 ·
83 2187 292 2228 Letronne
320 2202 364 2242 p.
390 2191 486 2230 280.
516 2192 530 2243 Η
558 2213 614 2219 -
640 2203 677 2230 1.
709 2191 998 2247 Παλαιστήνῃ..
1034 2192 1200 2249 Περσίδῃ
1225 2193 1320 2233 cod.

137 2252 160 2301 ὃ
180 2254 241 2291 18.
260 2249 515 2304 Sequebatur
530 2251 574 2289 in
591 2252 750 2305 integro
766 2266 891 2306 opere
906 2252 1087 2307 periplus
1103 2254 1216 2293 sinus
1225 2256 1326 2295 Ara-

8 2339 48 2366 .·,
79 2310 178 2360 bici,
202 2310 351 2351 deinde
370 2312 493 2351 maris
509 2312 712 2366 Erythraei
728 2327 861 2367 usque
879 2313 931 2353 ad
949 2315 1149 2368 Syagrum
1164 2328 1303 2369 prom.
1310 2347 1321 2366 ,

85 2381 174 2414 tum
204 2374 328 2414 maris
346 2372 481 2414 Indici
510 2389 639 2429 usque
658 2375 709 2415 ad
728 2376 867 2416 fauces
886 2378 998 2416 sinus
1016 2378 1184 2426 Persici,
1207 2376 1325 2418 deni-

11 2434 44 2466 -'
77 2449 161 2490 que
180 2436 362 2491 periplus
378 2436 491 2476 sinus
513 2437 665 2477 Persici
685 2452 817 2492 usque
839 2437 891 2478 ad
907 2438 1133 2492 Tigridem.
1154 2438 1323 2480 Adscri-

80 2499 237 2552 psimus
253 2512 344 2552 quae
361 2512 410 2538 ex
434 2498 497 2539 his
516 2499 745 2554 Stephanus
761 2500 896 2550 affert,
913 2500 1079 2541 laudato
1092 2502 1321 2543 Marciano.

73 2623 202 2663 citato
219 2630 400 2673 auctore,
425 2622 639 2676 leguntur,
674 2639 724 2664 ex
754 2624 902 2665 eodem
921 2624 1032 2665 fonte
1048 2627 1319 2667 manaverint.

15 2678 38 2719 ae
79 2685 272 2725 Ceterum
297 2693 400 2740 quot
421 2685 510 2726 loca
531 2687 767 2727 Marcianus
794 2696 834 2727 et
861 2702 1040 2741 quanam
1060 2688 1163 2728 serie
1179 2703 1321 2729 recen-

8 2719 37 2787 }
76 2749 220 2797 suerit,
238 2747 405 2788 docebit
426 2748 668 2789 Ptolemaeus
683 2751 758 2799 VI,
793 2765 831 2803 7.
854 2750 868 2804 11
892 2774 950 2780 -
968 2764 1033 2792 10.
1054 2751 1208 2805 Ζαδρά
1223 2767 1282 2805 μη
1303 2753 1318 2806 ]

10 2787 40 2896 *ξ
77 2811 125 2850 In
139 2810 397 2851 Ptolemaeol.
415 2810 442 2850 l.
463 2810 624 2851 codices
640 2813 769 2852 nostri
779 2811 938 2867 Ζαὸρὰμ
951 2813 1011 2852 vel
1026 2812 1196 2867 Ζάὸραμ,
1216 2813 1322 2869 Ζάμ-

27 2874 37 2903 ἶ
78 2872 165 2927 ὅρα,
188 2881 287 2913 vett.
303 2872 419 2914 editt.
439 2882 576 2913 autem
592 2874 765 2930 Ζααρὰμ,
784 2875 979 2930 βασίλειον
997 2873 1081 2931 (sc.
1098 2879 1173 2914 τῶν
1189 2874 1318 2915 Κιναι-

7 2937 10 2940 “
76 2934 378 2991 δοκολπιτῶν);
422 2934 520 2976 hinc
547 2936 811 2991 proficiscens
843 2939 886 2978 in
919 2937 1124 2992 Stephano
1163 2937 1322 2993 Ζαδράμ

10 3011 32 3050 [Δ
78 2999 240 3052 scripsit
270 2997 405 3038 editor
425 3000 687 3050 novissimus,
713 3000 909 3041 suadente
926 2999 1128 3048 Berkelio,
1156 3000 1318 3041 Holste-

13 3058 30 3117 ξέ
77 3062 163 3111 uio,
193 3061 295 3101 aliis.
325 3060 530 3114 Ambigua
550 3070 688 3102 tamen
723 3077 786 3102 res
816 3070 890 3113 est,
922 3076 1052 3117 quum
1081 3061 1247 3102 aliunde
1266 3061 1319 3102 de

5 3125 35 3173 ’ξ
76 3122 156 3163 hoc
177 3122 267 3163 loco
290 3137 374 3163 non
405 3131 587 3174 constet,
623 3121 793 3164 nomina
808 3133 945 3165 autem
975 3127 1133 3172 Zaara,
1156 3124 1314 3173 Zalem,

75 3185 246 3225 ΖαΙιι-(ιιι
279 3186 320 3225 in
351 3185 597 3240 geographia
635 3187 797 3227 Arabiae
826 3185 939 3227 haud
971 3201 1066 3227 raro
1099 3196 1320 3228 occurrant

16 3245 34 3295 ἦ,
76 3253 91 3298 (
109 3248 164 3286 V.
185 3246 308 3286 index
330 3246 381 3286 ad
398 3248 543 3287 Ritter.
562 3257 667 3289 tom.
690 3250 794 3289 XIII
813 3251 845 3303 ).
864 3249 1139 3289 Verisimilius
1155 3258 1215 3289 est
1231 3251 1317 3290 Ste-

15 3307 26 3315 ⁴'
75 3309 262 3363 phanum
296 3309 338 3348 in
375 3309 521 3349 vitioso
542 3310 684 3351 codice
706 3311 846 3364 legisse
869 3311 1102 3351 ZAAPAMH
1121 3325 1198 3366 pro
1213 3312 1320 3352 ZAA-

76 3370 232 3411 PAMH.
267 3371 425 3411 Vocem
456 3371 521 3410 καὶ
546 3381 640 3412 ante
664 3373 1016 3414 Κιναιῧοκολπιτῶν
1037 3374 1159 3414 tacite
1186 3375 1317 3416 inclu-

60 3433 127 3472 -sit
152 3431 356 3482 Meineke,
390 3432 515 3486 idque
537 3442 662 3483 recte,
695 3435 859 3488 opinor.
887 3437 941 3475 At
973 3449 1025 3474 ne
1058 3435 1116 3475 sic
1146 3435 1316 3489 quidem

20 3517 31 3541 ι,
59 3509 198 3535 ·sanus
214 3495 327 3536 locus
346 3510 431 3536 esse
448 3495 626 3536 videtur.
650 3499 699 3536 In
716 3497 922 3551 Stephano
939 3498 1140 3552 scriptum
1160 3498 1183 3537 s
1180 3500 1285 3540 uerit
1303 3513 1312 3539 :

28 3563 33 3566 ’
72 3557 253 3612 Ζαδράμη
271 3561 363 3607 τῶν,
381 3557 441 3597 vel
460 3558 598 3612 potius
619 3556 797 3612 ;Ζαδρὰμ
814 3556 838 3608 ἣ
856 3562 931 3598 τῶν
942 3558 1311 3600 Κιναιδοκολπιτῶν.

14 3614 18 3656 Ῐ
73 3620 164 3660 Hoc
179 3621 290 3660 enim
307 3620 450 3661 suadet
473 3620 586 3674 quod
609 3629 750 3675 postea
764 3619 934 3660 demum
962 3622 1148 3675 sequitur
1166 3622 1315 3674 gentile

72 3682 328 3738 Ζαδραμαῖος.
352 3682 482 3724 Aliter
493 3683 738 3724 Meinekius.
763 3700 778 3721 «
799 3684 1043 3738 Stephanus,
1060 3684 1211 3739 inquit,
1227 3685 1314 3725 sine

7 3764 22 3787 {c
72 3742 204 3784 dubio
239 3743 400 3786 dixerat
431 3745 660 3798 legitimum
687 3745 836 3799 gentile
873 3760 959 3786 esse
986 3745 1246 3801 Ζαδραμίτης,
1272 3756 1313 3787 at

6 3863 38 3910 ‚:.³'
74 3869 213 3909 σανῖτ
226 3871 292 3924 αι]
314 3868 532 3920 Ἐντεῧθεν,
555 3871 679 3922 scil.fa
695 3870 972 3919 Baetiossuvio,
995 3870 1067 3924 qui
1083 3871 1310 3911 Cassanitas

28 3971 31 3977 ¹
61 3936 114 3968 -et
145 3929 497 3986 Cynaedocolpitas
529 3931 687 3972 dirimit
723 3946 798 3990 ap.
826 3931 931 3972 Ptol.
970 3932 985 3985 [Ι
1012 3955 1068 3962 —-
1097 3945 1164 3986 17.
1191 3933 1230 3972 Μ
1247 3948 1312 3973 ιν-

73 4004 92 4031 ν
107 4005 130 4030 α
142 3992 190 4033 ῖο
206 4007 217 4033 ι
234 3993 319 4048 ]sie
330 3993 373 4034 h.
389 3994 417 4035 l..
437 3994 597 4035 codices
612 4010 622 4045 ;
641 3995 802 4036 Μιναῖοι
816 3993 922 4036 Ptol.
936 3995 1012 4045 VI,
1039 4009 1077 4049 7.
1102 3996 1311 4049 Frequens

10 2594 26 2611 „7
81 2560 171 2600 Alia
195 2560 329 2614 plura,
355 2574 446 2614 quae
479 2560 531 2600 de
556 2562 631 2601 hac
660 2577 732 2602 ora
757 2562 871 2617 apud
905 2563 1175 2618 Stephanum,
1207 2564 1323 2604 nullo
1357 2595 1362 2608 2

8 3846 22 3857 .⁷
70 3818 204 3858 gracco
218 3813 321 3862 typo
338 3808 460 3848 etiam
479 3808 721 3862 Ζαδραμαῖος
736 3807 816 3848 dici
831 3822 965 3862 posse.
989 3808 1005 3862 Η
1028 3832 1085 3839 —
1103 3811 1168 3857 14.
1188 3809 1250 3848 Κα
1263 3824 1312 3848 σ-
1332 3829 1334 3831 ·

1404 431 1542 472 Felici.

1485 486 1794 541 [Particularis
1811 505 1891 531 one
1910 492 2102 533 Arabicae
2124 492 2346 551 descriptio
2372 498 2517 552 periit.
2533 500 2548 554 ]

1818 633 2216 683 FRAGMENTA.

1460 769 1525 808 18.
1557 769 1730 820 Onne,
1758 772 1993 827 emporium
2020 772 2163 815 Felicis
2198 775 2373 818 Arabiae.
2398 778 2632 822 Marcianus

1400 836 1440 875 in
1460 835 1639 891 Pe'riplo.
2477 841 2481 845 ’

1454 903 1638 944 Sideni
1653 935 1664 954 ,
1687 919 1786 959 gens
1803 907 1922 962 juxta
1948 909 2136 950 Rubrum
2157 925 2268 952 mare
2300 912 2510 966 habitans,
2533 924 2633 965 teste

1397 971 1608 1012 Marciano
1633 973 1675 1012 in
1699 974 1879 1029 Periplo.

1453 1041 1513 1079 Za
1529 1039 1703 1083 drame
1720 1074 1731 1093 ,
1756 1045 1867 1098 regia
1887 1046 2316 1103 Cinaedocolpitarum,
2334 1064 2424 1104 quae
2454 1066 2551 1105 gens
2570 1061 2631 1093 est

1398 1108 1558 1150 Arabiae.
1574 1110 1732 1153 Felicis.
1754 1114 1986 1155 Marcianus
2009 1117 2050 1156 in
2067 1117 2229 1172 Periplo
2248 1117 2335 1171 ejus
2354 1132 2363 1159 z
2395 1139 2411 1154 α
2434 1120 2631 1162 Zadrame

1400 1176 1496 1216 urbs
1513 1178 1938 1234 Cynaedocolpitarum
1956 1185 1972 1235 (
1987 1183 2166 1239 Ζαδράμη
2183 1184 2206 1235 ἣ
2229 1189 2303 1225 τῶν
2318 1186 2348 1225 Κ
2365 1188 2398 1238 ).
2424 1203 2440 1224 n
2469 1189 2630 1229 Gentile

1396 1243 1669 1287 Zadramaeus.

1453 1314 1516 1353 Ca
1529 1328 1612 1355 ssa
1625 1316 1674 1355 ni
1688 1326 1742 1356 tae
1757 1347 1768 1366 ,
1806 1331 1902 1370 gens
1936 1320 1978 1358 in
2016 1334 2088 1360 ora
2117 1311 2240 1361 maris
2274 1323 2422 1365 Rubri.
2455 1326 2630 1367 Marcia-

1397 1394 1473 1420 nus
1493 1381 1538 1421 in
1559 1383 1722 1438 Periplo
1741 1382 1829 1438 ejus
1853 1386 1907 1425 ita
1930 1386 2052 1427 habet
2070 1400 2079 1428 ε
2108 1403 2123 1425 «
2144 1389 2251 1429 Hinc
2284 1392 2470 1444 sequitur
2488 1394 2628 1434 Cassa-

1395 1449 1578 1490 nitarum
1597 1465 1709 1504 gens,
1736 1470 1752 1487 »2

1449 1517 1670 1558 Minnaei
1686 1550 1696 1568 ,
1728 1533 1826 1573 gens
1849 1521 1890 1560 in
1920 1535 1992 1562 ora
2015 1523 2137 1562 maris
2161 1514 2307 1564 Rubri.
2330 1527 2563 1568 Marcianus
2586 1529 2627 1568 in

1394 1585 1557 1639 Periplo
1576 1585 1678 1639 ejus.
2230 1597 2233 1600 ’

1450 1654 1739 1694 Homeritae
1754 1685 1764 1705 ‚
1804 1670 1901 1709 gens
1933 1657 2189 1720 AEthiopum.
2220 1661 2455 1702 Marcianus
2491 1664 2628 1717 primo

1395 1721 1562 1774 Peripli.

1452 1791 1486 1828 C
1497 1789 1525 1829 h
1537 1789 1596 1829 ad
1607 1805 1629 1829 r
1640 1805 1662 1830 a
1675 1805 1715 1830 m
1728 1806 1752 1830 o
1765 1800 1781 1831 t
1793 1793 1806 1831 i
1817 1801 1874 1832 tae
1889 1825 1900 1842 ‚
1933 1808 2030 1846 gens
2052 1793 2104 1834 ad
2122 1796 2259 1835 sinum
2282 1797 2487 1850 Indicum,
2508 1801 2626 1840 Prio-

1396 1872 1491 1897 nem
1508 1859 1680 1899 fluvium
1692 1861 1892 1911 accolens‚
1913 1871 1960 1902 ut
1971 1871 2142 1904 testatur
2158 1866 2390 1919 Marcianus
2406 1868 2448 1908 in
2465 1869 2627 1923 Periplo

1395 1940 1498 1979 ejus.

1451 1995 1667 2045 Ascitae,
1705 2010 1802 2049 gens
1827 1997 1967 2036 sinum
2004 1997 2195 2039 Indicum
2217 2001 2400 2041 accolens
2432 2011 2473 2043 et
2506 2018 2628 2059 super

348 2117 2610 2139 Ἤ

1394 2195 1481 2234 haec
1499 2195 1727 2235 fluctuatio.
1750 2195 1929 2250 Simplex
1962 2210 1980 2236 ν
1994 2197 2312 2255 praeferendum
2331 2200 2507 2243 videtur.
2537 2204 2552 2256 Η
2572 2227 2628 2235 —

1398 2271 1463 2310 19.
1478 2256 1612 2297 Αἰθιό
1624 2273 1691 2297 πω
1702 2271 1720 2297 ν
1738 2258 1752 2312 ]
1772 2258 2079 2298 Homeritarum
2093 2261 2343 2301 mentionem
2359 2276 2483 2317 supra
2503 2263 2627 2306 habes

1394 2323 1415 2371 g
1443 2318 1507 2369 15,
1526 2319 1598 2359 ubi
1620 2333 1750 2374 usque
1772 2319 1825 2359 ad
1847 2318 2039 2360 Indicum
2057 2335 2169 2361 mare
2183 2323 2390 2416 pertinere
2406 2323 2624 2378 dicuntum

1394 2374 1508 2428 quod
1533 2389 1664 2428 quum
1685 2389 1760 2430 per
1782 2389 1824 2415 se
1846 2389 1869 2415 a
1884 2389 1981 2416 vero
1996 2390 2080 2416 non
2096 2379 2182 2416 sita
2198 2378 2354 2429 ienum,
2383 2394 2467 2420 non
2487 2388 2625 2423 tamen

1393 2436 1570 2490 quadrat
1592 2451 1688 2477 cum
1716 2445 1889 2490 angusto
1907 2445 2041 2478 tractu
2063 2452 2185 2492 quem
2208 2439 2450 2481 Ptolemaeus
2472 2444 2625 2485 Home-

1392 2499 1481 2538 ritis
1504 2500 1694 2553 assignat.
1715 2501 1765 2539 In
1792 2499 1998 2554 Stephano
2012 2508 2148 2541 autem
2168 2515 2247 2541 vox
2261 2501 2452 2544 Αἰθιόπων
2469 2519 2519 2544 ex
2537 2507 2623 2546 No·

1393 2570 1478 2601 stro
1496 2576 1581 2602 non
1597 2562 1737 2617 fluxit3
1762 2561 1926 2616 Ἀράὸων
1946 2564 2090 2618 reponi
2111 2563 2238 2604 voluit
2251 2564 2500 2607 Holstenius.
2523 2569 2555 2608 F
2557 2583 2622 2608 or-

1395 2632 1496 2664 tasse
1513 2625 1642 2664 serior
1659 2624 1785 2664 homo
1807 2625 2055 2675 Homeritas,
2073 2633 2215 2679 utpote
2229 2626 2462 2682 AEthiopico
2482 2631 2626 2671 Auxu-

1393 2687 1587 2726 mitarum
1610 2687 1784 2741 imperio
1800 2685 2025 2740 subjectos,
2050 2687 2260 2742 AEthiopes
2275 2687 2380 2728 dixit
2395 2698 2435 2730 et
2453 2691 2575 2744 ipsos
2604 2693 2619 2745 ΙΙ

1389 2772 1446 2779 ·—
1464 2762 1533 2790 21.
1554 2749 1586 2789 X
1598 2764 1621 2788 α
1633 2750 1653 2788 δ
1666 2764 1686 2804 ρ
1699 2764 1760 2804 αμ
1772 2765 1803 2788 ω
1814 2749 1972 2803 τῖ’ται]
1996 2749 2299 2805 Χαδραμωμῖται
2317 2750 2412 2792 cod.
2430 2752 2621 2807 Rhedig„

1391 2820 1500 2852 recte
1524 2811 1621 2853 fort.
1650 2811 1776 2866 Apud
1797 2811 2062 2852 Ptolemaeum
2079 2820 2172 2866 post
2195 2813 2429 2854 Homeritas
2444 2829 2623 2869 sequun-

1393 2882 1459 2914 tur
1478 2875 1522 2914 in
1537 2888 1622 2914 -ora
1641 2874 1847 2914 maritima
1887 2873 1940 2914 ad
1973 2874 2167 2915 Prionem
2195 2874 2370 2915 fluvium
2407 2874 2624 2931 Ἀδραμῖται

1390 2936 1407 2987 (
1427 2934 1647 2990 Ἀτραμῖται
1675 2949 1756 2975 sec.
1780 2935 2000 2984 Ummium,
2027 2933 2318 2991 Ἀτραμωμῖται
2339 2951 2418 2977 sec.
2451 2939 2626 2979 Artemi-

1389 2997 1482 3038 dor.
1501 3012 1565 3052 ap.
1593 2999 1651 3037 St.
1681 2998 1729 3037 B.
1744 2998 1776 3050 )‚
1802 2997 1952 3051 quibus
1977 3011 2001 3037 a
2018 3005 2132 3050 tergo
2152 3006 2247 3038 sunt
2267 2997 2429 3052 Χατρα
2443 3001 2562 3053 μμῖτ
2575 3016 2622 3040 αι

1390 3061 1406 3113 (
1424 3061 1482 3101 sic
1518 3068 1616 3101 vett.
1652 3059 1757 3100 Ptol.
1803 3059 1939 3110 editt.;
1976 3059 2273 3114 Χατραμωνῖται
2305 3059 2427 3100 codd.
2463 3062 2599 3102 Wilb.
2607 3078 2620 3116 3

1387 3124 1685 3180 Χατραμωτῖται
1724 3136 1790 3176 ap.
1833 3122 2022 3163 Strabon.
2060 3135 2103 3176 p.
2127 3124 2223 3175 768,
2249 3121 2503 3176 Χατραμῶται
2536 3138 2618 3167 sec.

1387 3187 1591 3227 Uranium
1610 3199 1676 3240 ap.
1702 3185 1759 3225 St.
1785 3185 1832 3224 B.
1863 3198 1896 3224 s.
1917 3197 1956 3223 v.
1984 3183 2295 3238 Χατραμωτῖτιςς
2327 3186 2452 3238 porro
2470 3184 2620 3240 Xoetpoe·

1389 3251 1547 3304 μῖτιςγῆ
1558 3246 1743 3289 Eustath.
1759 3246 1810 3286 ad
1823 3247 1947 3286 Dion.
1954 3276 1966 3296 ,
1981 3254 2020 3286 et
2030 3245 2222 3300 Χατραμὶς
2236 3248 2286 3300 γῆ
2304 3246 2475 3300 Dionys.
2492 3249 2572 3300 956
2583 3248 2618 3304 ).

1388 3311 1454 3352 Ad
1469 3312 1715 3365 scripturam
1735 3308 1895 3362 Χαδρα
1910 3323 1938 3363 μ
1951 3340 1959 3348 .
1986 3322 2059 3362 per
2085 3308 2105 3346 δ
2132 3307 2290 3348 literam
2316 3309 2486 3362 propius
2504 3323 2618 3350 acce·

1386 3373 1447 3416 dit
1465 3387 1617 3414 nomen
1645 3370 1870 3412 Arabicum
1887 3369 2183 3411 Hadlzramaut
2214 3370 2276 3410 vel
2304 3369 2613 3413 Hhaclramaut.

1391 3436 1407 3490 ll
1435 3460 1490 3466 -
1509 3448 1577 3475 22.
1606 3434 1759 3488 Πρίον
1776 3434 1815 3487 ι]
1845 3450 1859 3470 (ι
1888 3432 1951 3473 Cf.
1976 3432 2149 3473 Ptolem.
2170 3433 2247 3482 VI,
2274 3447 2314 3486 7,
2341 3446 2390 3473 10
2413 3445 2421 3472 :
2446 3432 2617 3488 Πρίωνος

1385 3513 1470 3539 ποτ.
1491 3495 1661 3544 ἐκὸολαὶ,
1687 3495 1758 3535 ubi
1780 3495 1903 3535 scrib.
1922 3494 2096 3548 Πρίονος.
2121 3494 2420 3535 Nomen-fluvio
2436 3493 2615 3535 inditum

1385 3560 1562 3608 videtur,
1578 3557 1690 3612 quod
1706 3571 1826 3597 serrae
1843 3557 1971 3596 instar
1986 3557 2120 3596 vicina
2138 3570 2237 3596 rura
2252 3556 2367 3610 quasi
2381 3556 2612 3610 stringeret,

1384 3637 1506 3678 quam
1535 3623 1577 3661 in
1609 3634 1698 3660 rem
1727 3619 1906 3659 notabile
1938 3627 1998 3659 est
2023 3619 2147 3659 etiam
2179 3617 2363 3659 Tiberim
2389 3618 2613 3672 antiquitus

1383 3687 1543 3726 Serram
1568 3682 1812 3737 appellatum
1847 3695 1948 3730 esse,
1982 3689 2082 3721 teste
2110 3681 2251 3722 Servio
2278 3679 2331 3721 ad
2363 3681 2479 3733 Virg.
2516 3679 2608 3719 AEn.

1381 3749 1497 3795 VIII,
1511 3746 1578 3787 83.
1595 3762 1611 3782 n
1627 3746 1844 3785 ΜΕῙΝἙΚΕ.
1863 3743 2089 3784 Danvillius
2109 3744 2150 3783 in
2170 3743 2246 3783 hac
2262 3756 2334 3783 ora
2348 3742 2462 3781 novit
2487 3743 2542 3781 W
2539 3741 2613 3782 adi
2672 3750 2676 3754 ’

1384 3809 1498 3849 Prim
1521 3809 1536 3859 (
1549 3806 1605 3847 cf.
1624 3807 1769 3846 Ritter.
1788 3806 1885 3855 XII,
1905 3819 1947 3860 p.
1967 3806 2045 3859 273
2064 3807 2096 3858 )‚
2115 3805 2185 3858 qui
2204 3803 2254 3843 ad
2272 3803 2462 3843 Prionem
2482 3802 2609 3855 perti·

1384 3867 1480 3910 nere
1497 3868 1673 3916 videtur,
1705 3866 1807 3907 adeo
1837 3875 1882 3906 ut
1912 3880 2042 3919 graeca
2061 3863 2318 3918 etymologia,
2345 3863 2448 3902 sicut
2469 3862 2510 3901 in
2525 3861 2607 3916 ple-

1383 3932 1518 3984 risque
1550 3928 1787 3969 nominibus
1819 3928 2005 3969 locorum
2029 3925 2323 3974 Arabicorum‚
2355 3922 2609 3964 admittenda

1383 4007 1464 4033 non
1486 3993 1551 4032 sit.
1573 3992 1588 4045 Η
1607 4013 1663 4040 -r
1678 3993 1746 4039 24.
1765 3989 1974 4029 Ἀσκῖται
1993 3990 2007 4043 ]
2028 3987 2091 4028 Cf.
2118 3994 2204 4028 not.
2224 3984 2275 4027 ad
2292 3988 2429 4028 Anon.
2443 3999 2485 4042 p.
2509 3987 2606 4039 278.
