2782 4348
109 139 262 199 (affl-24.)

9 254 22 284 ι.
45 251 89 290 t.
108 249 198 286 πεῖν
222 245 558 309 ἐκτραγῳδήσας,
591 248 658 294 τὸν
688 248 838 310 τρόπον
866 253 1118 314 ἀπαγγέλλει
1147 262 1219 313 τῆς
1240 261 1334 323 περὶ

12 310 15 315 ’
103 311 148 355 τὸ
176 313 346 373 χρυσίον
367 315 573 376 ἐργασίας.

162 395 218 428 25.
242 384 336 427 Τῶν
357 385 477 444 ὀρῶν,
498 383 640 445 φησίν,
661 386 701 429 ἐν
718 379 777 438 οἷς
800 390 820 431 ὃ
840 389 991 449 χρυσὸς
1006 391 1261 452 εὑρίσκεται,
1279 397 1331 442 τὰ

99 446 173 506 μὲν
197 450 385 509 ἀπότομα
404 451 474 495 καὶ
496 452 645 505 τελέως
663 455 847 517 σκληρὰν
869 456 1016 518 ἔχοντα
1035 460 1155 523 φύσιν
1179 466 1328 527 ἐκπρή·

52 525 72 555 5
97 515 240 569 σαντες
273 517 348 580 ὕλῃ
389 519 460 563 καὶ
497 524 634 582 χαῦνα
669 525 728 585 τῷ
763 525 864 587 ,πυρὶ
896 527 1168 591 ποιήσαντες,
1202 533 1327 588 οὕτως

95 586 230 636 αὐτοῖς
251 586 503 648 προσάγουσι
526 589 600 644 τὴν
624 594 787 654 πεῖραν,
812 594 861 639 τὰ
888 595 923 640 δ’
947 598 1140 657 ἀνειμένα
1163 605 1235 658 τῆς
1253 603 1326 649 πέ-

26 681 35 692 N
92 670 191 714 τρας
209 648 366 717 σιδήρῳ
395 658 612 722 λατομικῷ
643 662 973 722 κερματίζονται.
1000 669 1258 730 Καθηγεῒται
1283 673 1324 719 δὲ

90 723 170 766 τῶν
189 718 293 766 ὅλων
314 723 500 784 τεχνίτης
517 729 538 771 ὁ
561 727 628 772 τὸν
645 729 754 775 λίθον
772 732 955 795 διαιρῶν.
981 734 1119 783 ζὈταν
1144 739 1185 784 δὲ
1209 733 1324 811 οῇτος

86 789 179 841 τοῖς
194 793 442 850 μεταλλεῦσι
465 795 538 847 τὰς
566 796 680 850 ὁδοὺς
699 801 910 864 ὑποδείξῃ,
930 803 977 850 τὸ
1000 812 1082 851 πᾶν
1102 806 1219 870 ἔργον
1241 829 1322 857 κα-

0 857 64 905 ,Ῑο
84 860 345 922 ταμερίζεται
388 867 439 926 τῇ
482 868 561 910 τῶν
593 869 852 931 ἀτυχούντων
889 872 1046 939 ἀνάγκῃ
1078 882 1218 925 τοῦτον
1252 881 1320 927 τὸν

82 928 247 991 τρόπον.
290 933 344 977 Οἱ
379 932 453 992 μὲν
492 934 687 998 εὔρωστοι
728 941 799 986 καὶ
843 941 925 988 νέοι
963 946 1107 992 τυπίσι
1138 951 1321 1013 σιδηραῖς

83 997 280 1045 κόπτουσι
304 999 377 1056 τὴν
397 1002 540 1066 χώραν
559 1005 632 1062 τὴν
652 1011 1010 1076 μαρμαρίζουσαν,
1032 1017 1076 1060 οὐ
1097 1016 1220 1082 τέχνῃ
1245 1020 1318 1076 τὴν

81 1067 244 1128 πληγὴν
267 1069 538 1133 [ποιούμενοι
564 1075 580 1136 ]
608 1077 715 1123 ἀλλὰ
740 1079 826 1143 βίᾳ,
851 1081 923 1127 καὶ
941 1083 1134 1143 τέμνουσι
1158 1088 1224 1133 διὰ
1247 1093 1319 1146 τῆς

78 1133 230 1197 πέτρας
252 1139 482 1202 ὑπονόμους
500 1144 689 1198 πλείονας
707 1150 779 1193 οὐκ
803 1150 944 1212 εὐθεῖς,
966 1152 1112 1200 ἄλλοτε
1138 1154 1212 1216 μὲν
1234 1158 1317 1203 ἅνω

15 1215 54 1247 15
79 1207 150 1260 τῆς
169 1208 402 1268 χρυσίτιδος
428 1213 708 1273 ἀπονευούσης
736 1216 864 1276 λίθου,
884 1221 983 1266 ποτὲ
1005 1222 1046 1268 δὲ
1064 1227 1285 1291 κατωτέρω
1300 1265 1311 1284 ,

79 1275 207 1320 πάλιν
228 1275 270 1322 δὲ
287 1280 343 1330 εἷς
362 1278 436 1335 τὴν
457 1282 664 1343 εὐώνυμον
679 1287 827 1344 κλίσιν,
853 1289 977 1336 ἐνίοτε
994 1291 1035 1338 δὲ
1061 1295 1227 1341 σκολιὰν
1242 1299 1312 1344 καὶ

79 1344 407 1408 διεστραμμένην
432 1350 502 1395 καὶ
527 1356 824 1414 παραπλησίαν
847 1360 935 1412 ταῖς
953 1364 1033 1407 τῶν
1056 1363 1228 1427 δένδρων
1255 1369 1313 1428 ῥί-

73 1414 174 1465 ζαις.
201 1409 327 1461 Οὗτοι
347 1417 421 1477 μὲν
434 1413 500 1464 οὖν
518 1421 689 1483 λύχνους
707 1428 1054 1489 προσδεδεμένους
1071 1436 1151 1485 τοῖς
1171 1436 1305 1495 μετώ-

73 1499 162 1534 ποις
187 1482 345 1544 ἔχοντες
370 1487 636 1547 λατομοῦσιν,
664 1495 974 1551 ἀκολουθοῦντες
995 1493 1077 1546 οἷον
1098 1504 1218 1565 φλεὸὶ
1243 1508 1301 1568 τῷ

14 1576 21 1589 2
70 1551 368 1607 λευκανθίζοντι
383 1574 393 1584 ·
423 1557 493 1602 καὶ
515 1561 736 1623 πολλαχῶς
758 1570 1201 1629 μετασχηματίσαντες
1222 1577 1302 1620 τῶν

71 1621 275 1680 σωμάτων
301 1623 372 1676 τὰς
396 1625 545 1686 θέσεις,
565 1631 876 1680 καταὸάλλουσι
899 1636 952 1682 τὰ
976 1639 1223 1702 θραύσματα
1247 1647 1302 1696 εἷς

69 1686 235 1750 ἔδαφος,
261 1693 305 1736 οὗ
340 1694 440 1755 πρὸς
470 1695 541 1752 τὴν
565 1698 669 1744 ἰδίαν
699 1699 778 1753 ἕξιν
802 1722 845 1748 τε
874 1705 944 1750 καὶ
978 1708 1169 1769 δύναμιν,
1198 1713 1303 1758 ἀλλὰ

69 1758 169 1819 πρὸς
195 1762 405 1823 ὀφθαλμὸν
428 1766 666 1831 ἐπιστάτου,
686 1772 848 1832 πληγῆς
872 1774 946 1830 τὴν
970 1778 1208 1839 ἐπιτίμησιν
1234 1785 1298 1827 οὔ·

63 1824 207 1883 δέποτε
230 1831 486 1892 χωρίζοντος.
881 1849 883 1851 ’

21 1961 212 2013 ,παντὸς
228 1965 451 2026 φιλοτίμως
467 1971 716 2031 εἰργόμενοι·
737 1979 916 2037 φυλακαὶ
933 1980 1012 2043 γὰρ
1031 1984 1076 2027 ἐκ
1095 2002 1298 2046 στρατιω-

59 2031 138 2074 τῶν
161 2032 381 2096 βαρὸάρων
403 2036 473 2081 καὶ
493 2040 581 2091 ταῖς
601 2042 826 2097 διαλέκτοις
848 2049 1055 2112 ’διαφόροις
1070 2053 1296 2113 χρωμένων

58 2098 346 2162 ἐφεστήκασιν,
368 2105 474 2151 ὥστε
511 2110 667 2167 μηδένα
694 2112 891 2161 δύνασθαι
917 2119 968 2162 δι’
999 2120 1160 2178 ὁμιλίας
1179 2120 1205 2178 ἢ
1226 2142 1295 2185 φι-

57 2167 298 2231 λανθρώπου
322 2173 427 2226 τινὸς
456 2177 668 2232 ἐντεύξεως
697 2184 859 2243 φθεῖραί
893 2203 984 2232 τινα
1014 2192 1093 2233 τῶν
1115 2192 1296 2237 ε’πιστα-

54 2236 247 2286 τούντων.

117 2321 174 2351 25.
204 2310 293 2363 Τῆς
318 2309 358 2354 δὲ
382 2312 448 2356 τὸν
478 2315 631 2376 χρυσὸν
667 2318 841 2379 ἐχούσης
864 2326 937 2381 γ’ῆς
960 2323 1032 2379 τὴν
1062 2326 1136 2384 μὲν
1158 2331 1291 2386 σκλη-

56 2374 228 2434 ροτάτην
246 2379 344 2439 πυρὶ
364 2382 505 2444 πολλῷ
523 2383 749 2438 καύσαντες
764 2389 835 2433 καὶ
851 2392 1093 2447 ποιήσαντες
1114 2397 1290 2457 χαύνην,

53 2443 299 2504 προςάγουσι
328 2446 401 2503 τὴν
435 2450 499 2496 διὰ
538 2455 619 2498 τῶν
638 2458 792 2519 χειρῶν
824 2463 1125 2523 κατεργασίαν·
1148 2464 1221 2522 τὴν
1247 2468 1288 2513 δὲ

52 2511 269 2570 ἀνειμένην
292 2515 446 2579 πέτραν
466 2520 535 2565 καὶ
557 2523 711 2586 μετρίῳ
730 2525 841 2589 πόνῳ
859 2522 1085 2590 δυναμένην
1108 2536 1287 2582 ὑπείκειν

50 2581 263 2646 λατομικῷ
292 2585 448 2650 σιδήρῳ
474 2597 753 2639 καταπονοῦσι
777 2598 967 2658 μυριάδες
999 2602 1287 2664 ἀκληρούντων

19 2672 24 2683 ·
52 2649 289 2712 ἀνθρώπων.
316 2654 402 2700 Καὶ
426 2660 498 2712 τῆς
521 2658 594 2718 μὲν
618 2660 715 2717 ὅλης
739 2667 1029 2726 πραγματείας
1044 2673 1065 2714 ὃ
1089 2671 1158 2717 τὸν
1177 2673 1286 2720 λίθον

49 2717 263 2783 διακρίνων
301 2724 489 2786 τεχνίτης
529 2733 773 2790 καθηγεῖται
807 2737 877 2779 καὶ
900 2743 982 2789 τοῖς
1003 2741 1287 2802 ἐργαζομένοις

9 2809 13 2859 γ
49 2789 307 2838 ὑποδείκνυσι
322 2812 331 2821 ·
357 2797 439 2840 τῶν
460 2794 502 2841 δὲ
523 2798 624 2860 πρὸς
646 2802 719 2856 τήν
745 2804 919 2866 ἀτυχίαν
939 2807 1092 2864 ταύτην
1114 2813 1286 2858 ἀποδει-

10 2872 15 2920 γ
47 2855 224 2916 χθέντων
249 2862 285 2905 οἱ
315 2861 389 2921 μὲν
416 2863 605 2925 σώματος
639 2868 757 2932 ῥώμῃ
782 2872 1035 2937 διαφέροντες
1055 2879 1197 2926 τυπίσι
1220 2900 1282 2926 σι-

11 2921 14 2972 l
47 2924 187 2987 δηραῖς
201 2927 275 2984 τὴν
293 2933 633 2996 μαρμαρίζουσαν
647 2938 802 3001 πέτραν
816 2942 1055 3006 κόπτουσιν,
1074 2949 1119 2993 οὗ
1132 2949 1279 3011 τέχνην

45 3001 126 3046 τοῖς
149 2996 294 3060 ἔργοις,
314 3001 420 3047 ἀλλὰ
443 3005 536 3064 βίαν
563 3010 854 3072 προσάγοντες,
879 3016 1107 3076 ὑπονόμους
1127 3020 1168 3065 δὲ
1193 3023 1282 3067 δια-

46 3063 283 3125 κόπτοντες,
321 3071 395 3116 οὖκ
428 3073 493 3118 ἐπ’
519 3076 688 3135 εὐθείας,
715 3081 808 3126 ἀλλ’
843 3084 897 3134 ὡς
920 3082 968 3128 ἂν
997 3088 1021 3140 ἡ
1049 3084 1279 3152 διάφυσιςῇ

43 3136 114 3188 τῆς
146 3137 476 3200 ἀποστιλὸούσης
498 3144 666 3208 πέτρας.
691 3145 818 3195 Οῧτοι
840 3153 913 3211 μὲν
947 3147 1015 3199 οῧν
1047 3155 1114 3202 διὰ
1137 3158 1210 3212 τὰς
1238 3162 1278 3205 ἓν

43 3203 132 3254 ταῖς
156 3205 317 3267 διώρυξι
336 3212 507 3271 καμπὰς
530 3214 599 3260 καὶ
619 3219 885 3276 σκολιότητας
904 3224 945 3268 ἓν
965 3225 1102 3271 σκότει
1122 3228 1274 3291 διατρί-

46 3271 184 3324 6οντες
205 3276 377 3337 λύχνους
409 3281 475 3326 ἐπὶ
498 3286 579 3328 τῶν
605 3286 806 3345 μετώπων
826 3296 1275 3357 πεπραγματευμένους

44 3341 326 3402 περιφέρουσι·
350 3351 570 3413 πολλαχῶς
592 3354 634 3400 δὲ
654 3357 755 3418 πρὸς
769 3359 841 3411 τὰς
863 3365 935 3417 τῆς
950 3364 1105 3427 πέτρας
1121 3367 1273 3424 ἰδιότη-

43 3539 98 3582 fr.
126 3545 178 3591 48
214 3545 256 3585 in
280 3547 348 3588 Fr.
370 3549 477 3592 Hist.
499 3555 576 3605 III,
593 3569 637 3611 p.
669 3561 767 3613 273.
794 3562 808 3614 Η
832 3586 889 3595 —-
914 3578 952 3606 1.
977 3568 1185 3626 τρόπον]
1210 3573 1275 3613 τό-

41 3617 112 3642 πον
138 3619 229 3658 vgo.
250 3608 390 3650 Verba
408 3611 474 3653 τὸν
494 3616 635 3669 τρόπον
658 3618 804 3677 ἀπαγγ.
830 3639 868 3664 τ.
892 3641 933 3666 π.
957 3642 993 3668 τ.
1019 3644 1062 3683 χ.
1099 3629 1276 3687 ἐργασίας

41 3665 284 3709 exciderunt
299 3670 342 3710 in
361 3672 415 3723 C;
435 3684 577 3729 postea
591 3682 766 3735 margini
782 3684 1003 3743 adscripta.

97 3730 119 3779 S
149 3733 218 3778 25,
244 3730 271 3771 l.
298 3734 339 3780 4.
366 3731 730 3798 ἐκπρήσαντες]
765 3743 1026 3801 ἐμπρήσαντες
1053 3754 1101 3796 C.
1135 3758 1198 3798 De
1228 3774 1273 3801 re

40 3800 81 3827 v.
105 3789 256 3844 Georg.
289 3794 479 3846 Agricola
501 3799 564 3840 De
590 3815 636 3842 re
667 3807 819 3848 metall.
840 3808 913 3851 lib.
947 3813 1003 3863 V,
1027 3828 1071 3869 p.

40 3847 164 3890 dante
186 3853 480 3911 Wessclingio.
521 3862 535 3915 ΙΙ
559 3886 615 3894 -
648 3868 688 3906 6.
723 3870 811 3920 τῆς
842 3871 1054 3931 πέτρας]
1087 3882 1136 3934 τῇ
1156 3881 1273 3938 πέτρᾳ

40 3909 157 3953 editt.
182 3922 222 3954 et
255 3916 378 3959 codd.
403 3920 418 3974 ΙΙ
439 3945 494 3953 -
509 3925 549 3965 8.
573 3930 670 3967 τῶν
705 3929 868 3988 ὅλων]
892 3939 968 3976 τῶν
989 3936 1121 3981 ἄλλων
1143 3943 1267 3987 codd.

40 3978 80 4012 et
96 3972 230 4027 editt.;
258 3980 499 4035 emendavi,
535 3996 789 4034 monstrante
806 3994 915 4037 viam
944 3999 1144 4044 Diodoro.
1177 4005 1193 4059 ΙΙ
1215 4031 1271 4039 -

1033 155 1113 200 ΒΕ
1146 157 1303 205 ΜΑΒΙ
1340 161 1709 214 ERYTHRAEO.

2549 206 2630 243 125

1405 272 1590 315 mitatem
1607 277 1708 317 nihil
1730 279 1876 334 reliqui
1889 281 1966 322 sibi
1984 282 2133 326 faciant
2146 317 2156 335 ‚
2182 290 2353 332 modum
2372 302 2536 351 exponit
2551 318 2634 357 quo

1404 352 1552 380 aurum
1574 342 1821 388 elaboretur.

1459 408 1528 449 25.
1566 413 1775 455 Montium
1809 417 1990 470 illorum,
2026 423 2096 472 ait,
2132 423 2203 464 ubi
2241 440 2387 476 aurum
2414 439 2630 490 reperitur,

1368 497 1376 504 -
1401 486 1492 527 quae
1513 489 1718 534 praerupta
1750 493 1846 542 sunt
1874 494 1915 526 et
1936 501 2121 542 asperam
2151 494 2322 535 omnino
2351 506 2538 542 naturam
2561 506 2632 547 ha-

1399 540 1513 594 bent,
1550 546 1668 600 lignis
1697 562 1902 605 exurunt3
1939 570 2151 613 quumque
2182 561 2266 614 igni
2290 565 2426 607 mollia
2445 569 2629 626 fecerint,

1398 623 1598 654 manuum
1613 619 1944 671 experimentum
1956 624 2033 666 illis
2051 626 2332 683 admoventes,
2350 644 2507 688 petram
2524 639 2631 682 laxa-

1396 691 1480 726 tam
1501 685 1610 728 ferro
1631 689 1870 746 lapicidario
1903 697 1947 736 in
1976 697 2106 740 frusta
2136 702 2343 747 scindunt.
2372 710 2468 751 Toti
2492 723 2629 757 autem

1394 761 1560 813 negotio
1580 773 1727 817 praeest
1745 767 1908 819 artifex,
1931 772 2002 825 qui
2025 787 2169 815 saxum
2189 775 2398 823 discernit.
2423 786 2501 826 Hic
2517 799 2628 842 post-

1394 846 1519 894 quam
1549 836 1658 878 viam
1695 842 1847 883 metalli
1877 843 2103 887 fossoribus
2133 851 2326 904 ostendit,
2359 864 2491 900 totum
2524 877 2627 918 opus

1391 907 1644 951 misellorum
1667 915 1898 957 necessitati
1923 916 2037 959 hunc
2055 919 2098 960 in
2120 922 2293 965 modum
2313 926 2513 984 dispertit.
2546 938 2627 977 Ro-

1390 979 1492 1022 bore
1514 990 1556 1023 et
1579 992 1695 1027 aetate
1709 987 1858 1042 integri
1881 990 2035 1032 malleis
2058 1007 2110 1034 ex
2131 994 2240 1038 ferro
2266 999 2465 1045 incisoriis
2488 1007 2626 1059 locum⁴

1390 1069 1597 1099 marmore
1616 1061 1901 1115 splendentem
1920 1066 2198 1123 perfringunt,
2217 1073 2320 1115 ictus
2340 1091 2424 1119 non
2443 1090 2529 1122 arte
2552 1085 2623 1126 sed

1388 1127 1544 1170 viribus
1566 1131 1913 1188 administrantes,
1938 1147 1979 1180 et
2007 1140 2144 1195 plures
2163 1158 2237 1199 per
2252 1161 2397 1203 rupem
2415 1156 2623 1199 cuniculos

1387 1210 1528 1253 agunt,
1550 1217 1634 1244 non
1654 1206 1825 1260 quidem
1856 1218 1990 1252 rectos
2012 1225 2027 1271 εμ
2046 1228 2143 1255 nam
2163 1220 2411 1277 quandoque
2433 1241 2593 1270 sursum
2607 1263 2619 1281 ,

1386 1273 1635 1331 quandoque
1654 1277 1864 1331 deorsum,
1887 1297 1999 1324 nunc
2010 1285 2062 1326 ad
2078 1286 2180 1329 latus
2202 1291 2428 1347 sinistrum,
2450 1314 2560 1342 nunc
2579 1305 2620 1344 in

1384 1344 1599 1402 obliquum
1619 1357 1659 1390 et
1675 1358 1969 1407 transversum,
1988 1359 2161 1412 per‘nde
2175 1371 2222 1403 ut
2236 1365 2431 1409 arborum
2446 1372 2617 1426 radices,

1383 1417 1483 1472 lapis
1517 1434 1620 1461 auro
1647 1436 1862 1478 praegnans
1886 1427 2096 1484 devergit.
2138 1434 2201 1474 Illi
2234 1437 2359 1490 igitur
2379 1440 2538 1496 lychnis
2569 1448 2620 1488 ad

1379 1489 1534 1532 frontes
1548 1493 1717 1548 alligatis
1729 1496 1908 1552 lapidem
1921 1501 2100 1555 caedunt,
2119 1507 2226 1548 viam
2240 1513 2374 1564 operis
2387 1525 2620 1560 monstran-

1377 1568 1416 1600 te
1435 1569 1632 1618 tanquam
1651 1581 1754 1608 vena
1786 1570 1924 1612 colore
1948 1573 2094 1629 lapidis
2116 1578 2340 1634 albicante3
2372 1594 2412 1625 et
2441 1589 2618 1632 multifa-

1374 1637 1478 1678 riam
1494 1653 1717 1695 corporum
1736 1643 1882 1686 habitu
1901 1655 2172 1694 transmutato
2190 1655 2414 1710 fragmenta
2430 1663 2471 1702 in
2485 1664 2617 1706 solum

1376 1709 1591 1764 dejiciunt,
1627 1728 1711 1755 non
1734 1730 1812 1771 pro
1835 1720 1897 1759 sui
1929 1722 2103 1778 quisque
2138 1727 2299 1770 roboris
2328 1733 2512 1786 modulo,
2544 1738 2614 1779 sed

1374 1780 1426 1822 ad
1447 1783 1613 1825 oculum
1642 1786 1837 1840 praefecti,
1861 1793 1932 1846 qui
1953 1794 2122 1838 verbera
2145 1799 2196 1839 ab
2218 1801 2496 1858 increpatione
2512 1823 2616 1849 nun-

1373 1869 1498 1910 quam
1525 1857 1718 1912 sejungit.

68 1918 2607 1983 &R

1367 1994 1539 2039 diversis
1562 2004 1768 2044 utentium
1791 2005 1940 2060 linguis
1966 2012 2148 2053 excubiae
2178 2015 2253 2056 illis
2285 2019 2525 2072 imminent,
2556 2025 2610 2064 ita

1363 2090 1409 2122 ut
1426 2086 1581 2126 nemini
1598 2102 1672 2141 per
1690 2093 1890 2132 sermonis
1922 2100 2168 2140 commerCIa
2191 2111 2261 2142 aut
2281 2103 2487 2148 familiaris
2510 2124 2607 2150 con-

1362 2183 1523 2223 gressus
1562 2174 1844 2220 blandimenta
1885 2196 2135 2238 quemquam
2178 2191 2468 2235 excubitorum
2513 2210 2605 2237 cor-

1361 2258 1586 2311 rumpendi
1606 2261 1657 2299 sit
1677 2261 1859 2304 facultas.

1415 2343 1483 2383 25.
1501 2345 1673 2387 Terram
1689 2362 1791 2389 auro
1811 2352 2036 2403 gravidam,
2056 2355 2128 2395 ubi
2140 2356 2363 2401 durissima·
2374 2371 2448 2412 est,
2471 2366 2602 2406 multo

1356 2424 1441 2476 igni
1474 2424 1684 2467 subactam
1720 2430 1961 2483 emolliunt,
1997 2442 2037 2474 et
2074 2443 2162 2476 tum
2191 2437 2358 2480 demum
2399 2456 2598 2486 manuum

1355 2517 1458 2558 opus
1477 2506 1691 2549 adhibent.
1724 2512 1889 2552 Petram
1919 2514 1975 2554 ita
1997 2514 2171 2557 laxatam
2185 2548 2197 2567 ,
2226 2533 2316 2573 quae
2330 2520 2417 2574 jam
2440 2524 2599 2566 medio-

1356 2583 1415 2623 cri
1431 2583 1576 2626 cedere
1598 2586 1730 2628 labori
1755 2588 1924 2642 didicit,
1957 2593 2114 2648 aliquot
2135 2595 2354 2639 hominum
2372 2602 2597 2656 profligatae

1355 2665 1476 2706 sortis
1486 2668 1691 2722 myriades
1707 2669 1816 2712 ferro
1828 2672 2068 2727 lapicidario
2080 2676 2341 2733 diffringunt.
2352 2683 2446 2723 Toti
2459 2692 2597 2726 autem

1352 2744 1518 2795 negotio
1536 2745 1682 2787 artifex
1696 2757 1862 2802 praeest,
1881 2752 1952 2806 qui
1969 2760 2009 2792 et
2030 2767 2174 2795 saxum
2194 2755 2393 2810 dijudicat
2405 2790 2417 2809 ‚
2432 2769 2473 2800 et
2489 2762 2595 2804 viam

1352 2826 1618 2879 operantibus
1637 2829 1831 2871 ostendit.
1854 2834 1938 2885 Qui
1967 2834 2074 2875 inter
2093 2850 2326 2881 aerumnoso
2342 2840 2440 2882 huic
2461 2842 2592 2885 labori

1351 2900 1568 2957 deputatos
1587 2906 1626 2945 vi
1646 2908 1831 2961 corporis
1852 2910 2087 2964 praevalent,
2117 2915 2247 2954 acutis
2274 2930 2296 2955 e
2314 2916 2423 2958 ferro
2440 2920 2592 2961 malleis

1351 2987 1511 3034 petram
1531 2995 1738 3023 marmore
1760 2984 2056 3039 splendentem,
2075 3003 2161 3030 non
2178 2999 2278 3043 arte,
2301 2993 2373 3033 sed
2391 2995 2431 3035 vi
2451 2995 2590 3037 diffin-

1351 3054 1472 3107 dunt,
1500 3059 1795 3115 cuniculosque
1816 3072 1964 3116 agunt,
1991 3080 2075 3105 non
2091 3066 2143 3106 ad
2164 3067 2313 3109 lineam
2329 3078 2496 3122 rectam,
2517 3074 2587 3114 sed

1351 3146 1435 3186 quo
1455 3135 1570 3189 rupis
1590 3150 1703 3176 venae
1736 3138 2023 3181 interlucentes
2046 3141 2219 3184 ducunt.
2251 3145 2305 3184 Hi
2336 3159 2432 3203 ergo
2457 3161 2585 3201 quum

1347 3219 1518 3266 propter
1539 3212 1728 3268 obliquos
1755 3214 1991 3257 fodinarum
2012 3219 2239 3260 maeandros
2262 3229 2301 3261 et
2320 3221 2525 3263 anfractus
2542 3226 2584 3264 in

1347 3287 1517 3341 caligine
1550 3299 1778 3341 versentur,
1817 3291 1987 3347 lychnos
2023 3293 2228 3336 frontibus
2261 3296 2473 3352 adaptatos
2502 3301 2583 3340 cir-

1345 3373 1616 3418 cumgestant‚
1638 3370 1682 3407 'et
1698 3367 1978 3420 multifariam,
2001 3384 2078 3424 pro
2107 3380 2254 3413 natura
2271 3382 2411 3428 pctrae,
2437 3390 2583 3431 corpo-

41 3425 113 3458 τας
137 3418 565 3474 μετασχηματίζοντες
586 3420 647 3467 τὰ
669 3425 843 3485 σώματα
867 3431 1200 3482 καταὸάλλουσιν
1219 3439 1275 3489 εἷς
1344 3454 1439 3480 rum
1468 3441 1613 3482 habitu
1640 3450 1935 3495 transmutatO,
1977 3445 2112 3487 decisa
2147 3447 2331 3503 lapidum
2354 3449 2506 3492 frustra
2537 3453 2581 3492 in

56 3501 2572 3550 Ἂῇῂῇ-

1348 3575 1387 3615 8.
1408 3574 1428 3614 ὁ
1446 3583 1541 3615 ante
1558 3574 1625 3617 τὸν
1647 3576 1756 3618 λίθον
1776 3579 1897 3620 omis.
1928 3581 1981 3621 A.
2006 3581 2153 3636 [1-9.
2175 3584 2491 3639 μεταλλεῧσι]
2516 3601 2581 3640 με·

1345 3637 1573 3678 ταλλεύουσι
1590 3640 1639 3680 Β.
1670 3640 1685 3694 Η
1708 3664 1765 3671 —-
1783 3654 1850 3683 11.
1876 3661 1893 3678 «ι
1909 3643 2093 3695 Malleos,
2111 3659 2291 3700 quorum
2311 3647 2352 3687 in
2375 3661 2420 3688 re
2437 3649 2580 3688 metal-

1344 3698 1421 3740 lica
1446 3714 1569 3750 usus,
1600 3715 1762 3743 summa
1794 3718 1891 3744 cum
1923 3719 2023 3746 cura
2047 3705 2263 3763 descripsit
2285 3709 2437 3762 Geogr.
2457 3711 2573 3762 Agri-

1344 3761 1431 3802 cola
1450 3763 1512 3802 De
1524 3777 1559 3803 r.
1574 3777 1631 3804 m.
1650 3765 1726 3814 VI,
1745 3779 1789 3820 p.
1812 3767 1904 3808 108.
1928 3787 1945 3803 ε
1962 3768 2243 3810 WEsSEmNG.
2262 3770 2277 3823 ΙΙ
2291 3795 2347 3800 -
2364 3771 2429 3810 13.
2448 3771 2577 3810 ποιού·

1346 3839 1454 3878 μενοι
1486 3825 1661 3877 inserui3
1687 3829 1958 3884 καταφέροντες
1981 3833 2199 3886 proposuit
2215 3831 2435 3872 Bekkerus.
2473 3832 2488 3884 Η
2518 3855 2574 3862 —-

1348 3889 1413 3935 14.
1436 3886 1650 3942 ebobgvgo.
1673 3913 1731 3921 —-
1751 3890 1769 3945 Η
1812 3905 1877 3946 17.
1907 3893 2184 3949 ’διερρηγμένην
2208 3896 2259 3935 Α.
2291 3917 2347 3924 --
2371 3895 2454 3963 roc'f's
2478 3900 2572 3933 ante

1341 3952 1417 3989 τῶν
1451 3963 1537 3990 om.
1558 3950 1606 3991 C.
1640 3950 1656 4005 ΙΙ
1682 3975 1740 3983 --
1766 3965 1834 3994 20.
1873 3955 2277 4010 μετασχηματίσαντες
2307 3969 2356 3994 cx
2385 3953 2576 3996 Diodoro

1341 4011 1483 4066 scripsi
1504 4024 1580 4066 pro
1597 4027 1774 4069 αατασχη
1782 4016 2019 4070 ματίσαντες.
