2782 4348
86 165 229 246 (³5³2)

154 284 211 315 77.
241 268 509 328 [ΚΟΡΑΞΟΙ.
532 261 651 310 Μετὰ
672 259 714 307 δὲ
733 259 949 321 Ἡνιόχους
969 257 1149 320 Κοραξοὶ
1167 259 1319 320 ἔθνος.]

154 353 212 384 78.
238 339 452 383 ΚΩΛΙΚΗ.
482 330 603 379 Μετὰ
621 329 663 375 δὲ
684 327 892 392 Κοραξοὺς
916 328 1087 382 Κωλικὴ
1111 327 1236 379 ἔθνος.

154 424 210 454 79.
243 407 636 453 ΜΕΛΑΓΧΛΑΙΝΟΙ.
679 398 800 444 Μετὰ
831 395 874 441 δὲ
914 396 1110 451 Κωλικὴν
1145 395 1322 456 Μελάγ-

90 478 252 537 .χλαινοι
276 473 407 530 ἔθνος,
432 469 503 514 καὶ
525 465 709 527 ποταμὸς
731 469 772 512 ἐν
805 467 941 517 αὐτοῖς
978 465 1224 528 Μετάσωρις
1255 464 1326 510 καὶ

94 543 284 602 Αἷγίπιος
305 536 505 598 ποταμός.

155 628 213 658 80.
241 613 275 657 Γ
277 617 483 655 ΕΛΩΝΕΣ.
512 604 631 652 Μετὰ
656 603 698 649 δὲ
722 603 1064 666 Μελαγχλαίνους
1085 602 1283 654 Γέλωνες.

133 697 211 726 ‚81.
241 682 454 725 KOAXOI.
498 673 624 722 Μετὰ
655 673 697 718 δὲ
727 673 892 725 τούτους
924 673 1082 734 Κόλχοι
1114 671 1225 722 ἔθνος
1254 671 1326 716 καὶ

89 747 326 809 -Διοσκὸυρὶς
357 746 474 797 πόλις
503 744 573 789 καὶ
597 746 631 790 Γ
634 742 751 799 υηνὸς
771 741 888 793 πόλις
908 740 1101 796 Ἑλληνὶς
1130 739 1201 785 καὶ
1222 743 1256 787 Γ
1258 759 1326 795 υη-

93 897 188 928 stc-t.
213 887 333 928 Polit.
358 887 475 934 VIII,
503 886 543 934 3,
560 887 618 934 ”4;
654 882 778 924 Ovid.
802 884 865 922 Ex
888 884 1011 922 Pont.
1036 883 1113 930 IV,
1155 895 1220 931 10,
1250 881 1327 931 25;

88 951 281 990 Valerius
332 949 500 990 Flaccus
529 949 606 998 VI,
650 950 698 995 41
711 962 722 996 ;
755 946 836 986 Dio
866 946 978 985 Cass.
1019 945 1215 994 LXVIII,
1252 946 1300 986 18
1317 976 1328 995 ‚

97 1014 250 1062 LXXI,
281 1014 346 1060 14.

150 1077 171 1126 §
204 1089 272 1128 77.
294 1075 385 1114 Hoc
406 1086 569 1126 segmen
600 1073 642 1112 in
665 1070 759 1111 cod.
800 1070 929 1111 Paris.
960 1067 1097 1118 deest3
1130 1067 1332 1123 supplevit

90 1137 229 1178 scriba
261 1136 354 1177 cod.
390 1135 595 1176 Vaticani.
627 1137 689 1174 De
719 1141 837 1187 gente
872 1133 1085 1173 Hecataeus
1114 1130 1166 1171 fr.
1206 1130 1282 1171 185
1320 1145 1329 1171 ς

93 1199 274 1255 ’Κοραξοὶ,
314 1199 421 1245 ἔθνος
463 1197 646 1254 Κόλχων,
690 1195 855 1248 πλησίον
890 1194 1037 1234 Κώλων
1077 1192 1162 1246 (de
1183 1192 1334 1247 quibus

87 1265 118 1315 ‘S
139 1264 189 1316 78
207 1265 238 1315 ).
254 1260 319 1302 Cf.
342 1260 591 1309 Hellanicus,
609 1258 715 1299 Plin.
734 1266 774 1298 et
789 1256 898 1297 Mela
910 1255 952 1296 ll.
973 1255 1035 1304 ll.,
1054 1256 1225 1296 Aristot.
1247 1257 1335 1295 Me-

89 1332 201 1364 teor.
220 1326 255 1374 I,
278 1324 348 1373 133
380 1321 606 1376 Hesychius
633 1318 839 1374 εΚοραξοὶ,
874 1318 1029 1358 Σκυθῶν
1052 1316 1180 1367 ἔθνος,
1206 1319 1334 1358 Arca-

91 1386 191 1427 dius
215 1389 277 1426 De
300 1399 384 1426 acc.
409 1398 453 1439 p.
484 1387 552 1433 66,
588 1385 654 1432 14,
679 1383 753 1423 ubi
785 1388 978 1436 corrupte
1006 1379 1184 1434 Καραξοὶ.
1212 1382 1336 1421 Lanae

91 1449 307 1489 *Coraxicae
326 1446 421 1486 data
435 1445 650 1485 occasione
672 1443 862 1484 meminit
879 1441 1025 1483 Strabo
1040 1444 1117 1492 III,
1135 1456 1178 1497 p.
1203 1445 1277 1490 144
1297 1451 1338 1482 et

99 1512 195 1560 XII,
212 1513 267 1564 *p.
297 1508 391 1562 578.
417 1507 480 1548 Cf.
513 1507 735 1562 Hipponax
758 1520 824 1560 ap.
849 1505 986 1545 Tzetz.
1009 1504 1116 1545 Chil.
1147 1505 1203 1552 X,
1239 1505 1333 1545 380.

94 1575 175 1623 XI,
206 1575 302 1621 842.

71 1685 76 1688 ,
155 1638 178 1688 5
202 1637 269 1689 78.
292 1630 490 1683 Κωλικὴ
525 1631 572 1672 ἔθ
587 1646 605 1671 ν
621 1646 672 1679 ος
709 1638 824 1672 sueta
859 1628 1105 1682 ‘negligentia
1140 1628 1241 1669 dicit
1262 1644 1339 1684 pro

102 1698 279 1738 Κωλικὸν
303 1697 410 1744 ἔθνος
439 1695 502 1735 vel
522 1693 677 1745 Κωλικὴ
701 1696 825 1749 χώρα.
859 1694 1072 1734 Hecataeus
1092 1692 1144 1733 fr.
1174 1692 1249 1734 185
1274 1708 1336 1747 sq.

94 1768 300 1802 vmemorat
326 1758 497 1808 Κώλους,
520 1755 699 1808 Κωλικὴν
723 1758 877 1811 χώρανς
891 1764 931 1798 et
954 1754 1112 1797 Κωλικὰ
1135 1756 1203 1810 ὄρη
1231 1756 1247 1808 (
1274 1755 1340 1803 τὰς

91 1823 287 1878 ’ὑπωρείας
305 1825 373 1862 τοῦ
393 1821 593 1861 Καυκάσου
612 1822 644 1873 ).
673 1819 829 1860 Plinius
844 1822 921 1871 VI,
951 1821 972 1862 5
994 1827 1088 1875 post
1105 1818 1341 1859 Heniocho-

93 1900 193 1927 rum
218 1884 506 1925 mentionem:
543 1881 774 1936 Subjicitur
806 1883 934 1924 Ponti
967 1882 1075 1935 regio
1112 1881 1261 1929 Colica,
1298 1880 1339 1920 in

95 1962 183 2003 ›qua
197 1948 305 2002 juga
347 1944 520 1987 Caucasi
541 1944 600 1984 ad
626 1943 818 2000 Riphoeos
840 1955 994 1986 montes
1017 1953 1268 1999 torquentur,
1295 1952 1341 1982 ut

100 2010 259 2050 dictum
278 2018 338 2050 est
356 2007 438 2065 (V,
463 2021 515 2062 27
532 2006 566 2063 ),
584 2007 713 2047 altero
727 2007 849 2047 latere
873 2007 915 2048 in
935 2007 1148 2049 Euxinum
1163 2015 1202 2046 et
1216 2008 1341 2047 Maeo-

103 2072 344 2121 tindevexo,
374 2070 503 2113 altero
523 2070 566 2112 in
589 2069 780 2127 Caspium
806 2080 844 2112 et
859 2070 1114 2127 Hyrcanium
1127 2084 1254 2112 mare.

158 2138 180 2189 §
201 2151 269 2190 79.
302 2134 591 2189 Μελαγχλᾶναι
610 2133 755 2174 codex.
787 2136 977 2175 Hecataeo
1001 2135 1014 2190 (
1038 2134 1089 2174 fr.
1129 2134 1238 2187 154)
1256 2134 1343 2173 Me-

97 2197 317 2238 'lanchlaeni
340 2205 438 2237 sunt
475 2195 582 2242 ἔθνος
603 2196 804 2236 Σκυθικόν.
838 2197 1076 2236 Herodotus
1106 2197 1215 2248 (IV,
1250 2207 1302 2236 20
1326 2197 1342 2247 )

101 2274 188 2299 non
203 2274 288 2300 esse
304 2259 534 2313 Scythicam
553 2266 714 2311 gentem
734 2257 850 2308 dicit,
874 2258 947 2298 sed
961 2259 1053 2298 vitae
1070 2258 1228 2297 ratione
1250 2258 1344 2311 Scy-

103 2321 185 2361 this
204 2321 394 2370 similem,
416 2334 440 2359 a
452 2320 580 2359 borea
597 2318 817 2358 habentem
835 2318 948 2359 lacus
970 2328 1010 2359 et
1026 2318 1200 2369 deserta,
1223 2333 1247 2359 a
1260 2333 1343 2358 me-

97 2382 209 2423 ridie
249 2383 419 2437 Scythos
448 2382 597 2434 regios,
626 2381 678 2420 ab
709 2382 867 2421 oriente
895 2383 1072 2430 Tanain,
1109 2381 1160 2421 ab
1197 2395 1345 2421 occasu

105 2444 410 2499 Androphagos
434 2444 449 2496 (
471 2442 534 2483 Cf.
557 2441 616 2483 id.
648 2443 725 2492 IV,
752 2456 845 2484 100.
872 2456 966 2497 107.
996 2445 1071 2483 108
1089 2444 1120 2496 ).
1150 2443 1255 2483 Cum
1281 2442 1345 2482 his

98 2506 219 2546 conf.
240 2505 489 2560 Dionysium
522 2505 618 2558 309,
644 2505 715 2558 qui
746 2504 798 2544 ad
816 2505 1129 2559 Borysthenem,
1160 2512 1200 2544 et
1214 2504 1347 2544 Ptole-

106 2583 257 2609 maeum
274 2570 330 2618 V,
354 2570 377 2609 8
391 2599 402 2618 ,
425 2568 496 2621 qui
525 2567 577 2607 ab
600 2568 757 2607 oriente
778 2567 986 2607 Maeotidis
1018 2566 1179 2622 paludis
1193 2567 1347 2607 Melan-

99 2631 283 2671 chlaenos
293 2630 507 2671 collocant.
528 2632 669 2682 Longe
687 2629 802 2669 aliter
813 2629 971 2683 Scylax,
991 2644 1086 2670 cum
1097 2644 1180 2683 quo
1193 2628 1348 2670 faciunt

107 2694 217 2734 Mela
238 2696 275 2744 Ι,
305 2707 371 2746 19,
408 2696 457 2741 14
488 2701 528 2732 et
560 2692 716 2733 Plinius
745 2693 822 2742 VI,
855 2692 893 2732 5.
930 2692 993 2732 Cf.
1012 2684 1166 2733 'Ukert.
1203 2693 1281 2742 ΠΙ,
1303 2706 1345 2742 2,

105 2770 150 2811 p.
174 2759 270 2804 426.
290 2756 471 2808 Quinam
490 2754 615 2794 hodie
640 2755 722 2794 sint
735 2755 951 2795 Metasoris
966 2763 1006 2795 et
1026 2755 1211 2809 AEgipius
1232 2755 1349 2796 fluvii

104 2819 336 2858 accuratius
358 2816 440 2857 dici
463 2817 622 2870 nequit.
647 2816 823 2871 Lapieus
843 2831 940 2857 cum
961 2818 1157 2858 Metasori
1180 2832 1349 2872 compo·

109 2882 172 2921 nit
189 2879 441 2921 hodiernum
459 2878 722 2927 Kamisiliar‚
744 2893 839 2919 cum
854 2880 1017 2935 AEgipio
1038 2879 1140 2920 hod.
1159 2881 1351 2921 Kentclzi-

112 2942 158 2991 li,
182 2957 306 2996 quem
339 2941 519 2982 eundem
553 2942 675 2981 etiam
702 2941 827 2982 habet
864 2956 942 2997 pro
975 2942 1136 2983 Abasco
1165 2944 1348 2994 Arriani,

111 3005 163 3045 ab
185 3019 335 3045 occasu
365 3004 569 3059 Pityuntis
590 3003 705 3044 urbis
728 3003 969 3058 egredienti.
1000 3006 1194 3046 Ceterum
1220 3007 1351 3046 Meta-

102 3068 213 3114 soris
245 3067 355 3108 idem
389 3068 491 3107 mihi
521 3081 607 3107 esse
639 3066 803 3107 videtur
845 3082 941 3108 cum
980 3068 1184 3123 Thessyrz}
1227 3083 1352 3123 quem

113 3130 355 3171 Ptolemaeus
377 3129 441 3170 his
461 3129 698 3183 regionibus
722 3130 913 3184 assignat.
937 3130 1099 3171 Deinde
1117 3130 1228 3186 apud
1243 3131 1350 3172 Ptol.

105 3193 299 3246 sequitur
322 3191 445 3247 Κόραξ
466 3193 636 3242 ssuvius;
665 3193 694 3233 i.
720 3207 757 3233 e.
776 3204 952 3242 corvus,-
970 3193 1134 3234 idemne
1168 3194 1349 3234 fortassis

116 3261 177 3293 est
195 3253 365 3308 Αἷγὶπιος
382 3255 396 3311 (
411 3255 487 3308 leg.
510 3253 690 3309 Αἶγυπιός
709 3255 737 3295 1.
752 3269 789 3295 0.
812 3256 986 3296 vultur?
1000 3255 1189 3312 )?Corax
1205 3257 1354 3297 fluvius

117 3329 199 3355 sec.
224 3316 394 3356 Ptolem.
416 3316 577 3360 medius
600 3316 683 3358 sere
707 3317 816 3357 inter
832 3319 1167 3372 promontorium
1181 3320 1354 3374 Pityun-

118 3378 171 3417 tis
203 3378 285 3417 sive
306 3379 661 3420 Carteronteichos
684 3387 725 3420 et
745 3379 1062 3421 Dioscuriadem
1083 3382 1192 3432 exit,
1212 3383 1355 3422 termi-

118 3453 197 3478 nus
225 3438 397 3480 borealis
422 3442 599 3495 regionis
624 3441 840 3483 Colchicae.
871 3445 1024 3484 Errant
1045 3443 1292 3498 Forbigerus
1316 3454 1355 3485 et

120 3501 341 3555 Kiepertus
366 3503 437 3555 qui
460 3501 579 3556 juxta
611 3504 746 3559 ipsum
775 3505 1088 3547 Dioscuriadem
1113 3506 1356 3561 ponendum

112 3576 207 3602 *esse
231 3569 392 3616 putant.

182 3626 204 3676 §
223 3625 290 3664 80.
309 3623 436 3663 Γέλω
450 3639 468 3664 ν
484 3640 526 3672 ες
547 3626 562 3680 ]
587 3626 645 3666 510
679 3626 836 3678 00(1οΧ;
875 3631 1019 3669 ceteris
1051 3639 1149 3671 sunt
1167 3630 1354 3680 Γελωνοί,

121 3683 238 3739 quod
272 3699 423 3725 nomen
459 3687 580 3726 etiam
604 3687 721 3728 editt.
760 3689 934 3743 Scylacis
970 3691 1179 3733 exhibent.
1206 3694 1269 3732 De
1295 3692 1358 3733 his

122 3761 290 3802 quoque
325 3747 443 3801 longe
472 3748 587 3788 aliter
613 3759 751 3790 narrat
771 3751 1008 3793 Herodotus
1031 3762 1071 3795 et
1090 3757 1161 3809 qui
1185 3770 1280 3796 eum
1300 3771 1359 3796 se·

124 3818 312 3865 quuntur
346 3809 529 3864 plurimi.
566 3812 731 3852 Etenim
754 3813 902 3854 Geloni
937 3829 1018 3856 see.
1043 3817 1246 3859 Herodot.
1280 3820 1357 3867 IV,

130 3875 223 3922 108,
252 3873 410 3926 origine
425 3873 574 3922 Graeci,
605 3874 804 3927 agricolae,
838 3878 1054 3932 σιτοφάγοι,
1080 3882 1275 3935 emporiis
1304 3880 1356 3921 ad

122 3936 305 3975 Pontum
338 3935 425 3974 sitis
462 3933 579 3988 ejecti
604 3935 831 3989 migrarunt
858 3937 910 3977 ad
950 3939 1118 3994 Scythas
1153 3941 1352 3991 Budinos,

126 3997 199 4051 qui
221 4011 243 4038 a
264 3996 456 4038 Maeotide
479 3996 646 4038 boream
683 4012 821 4040 versus
848 3999 1076 4043 habitantes
1095 4003 1357 4045 nomadicam

1212 160 1524 208 PERIPLUS.

2558 184 2608 223 61

1452 284 1520 323 77.
1557 269 1754 324 [Coum.
1779 272 1876 311 Post
1891 271 2126 322 Heniochos
2149 287 2246 326 gens
2258 284 2318 316 est
2330 278 2620 339 Coraxorum.]

1453 339 1521 390 78.
1551 338 1726 378 Coch.
1751 339 1849 378 Post
1867 338 2050 378 Coraxos
2073 347 2133 378 est
2152 340 2298 381 Colicae
2311 344 2487 395 regionis
2507 361 2618 399 gens.

1454 421 1522 459 79.
1567 409 1903 469 Mnaucnnaem.
1942 409 2040 448 Post
2079 408 2260 448 Colicam
2311 413 2493 464 sequitur
2525 429 2622 468 gens

1396 474 1812 527 Melanchlaenorum,
1836 475 1948 531 apud
1977 490 2081 530 quos
2104 485 2165 516 est
2186 478 2401 518 Metasoris
2421 481 2567 523 fluvius
2589 494 2629 525 et

1397 542 1582 596 AEgipius
1598 543 1764 584 fluvius.

1456 612 1524 651 80.
1557 611 1769 651 GELONES.
1794 614 1892 653 Post
1906 613 2223 653 Melanchlaenos
2238 622 2333 653 sunt
2355 615 2545 657 Gelones.

1454 679 1502 718 81
1514 709 1522 718 .
1554 679 1730 718 comm.
1748 680 1835 719 Hos
1853 682 2039 734 sequitur
2057 680 2306 720 Colchorum
2326 696 2439 735 genS,
2460 692 2500 724 et
2515 687 2633 727 Dios-

1397 747 1530 786 curias
1545 746 1659 796 urbs,
1681 754 1722 786 et
1740 747 1910 801 Gyenus
1928 747 2028 787 urbs
2047 749 2205 797 Graeca,
2238 757 2278 788 et
2307 750 2473 804 Gyenus
2499 752 2633 809 (Tye-

1403 890 1530 940 agunt
1546 882 1670 921 vitam
1698 888 1738 920 et
1756 881 2089 935 φθειροτραγέουσι
2114 883 2337 935 μοῦνοιτῶν
2365 884 2496 940 ταύτῃ.
2520 887 2636 929 Cete-

1402 962 1497 988 rum
1515 957 1753 1000 quanquam
1768 950 1809 983 et
1828 942 1965 983 colore
1980 950 2020 982 et
2031 942 2198 996 reliquis
2216 942 2337 983 rebus
2353 945 2497 986 Geloni
2520 963 2543 988 a
2557 951 2638 990 Bu-

1403 1011 1512 1051 dinis
1534 1007 1744 1056 differant,
1771 1014 1990 1060 utramque
2017 1013 2179 1058 gentem
2210 1019 2233 1045 a
2255 1006 2406 1046 Graecis
2439 1010 2637 1053 confundi

1404 1073 1534 1113 solere
1559 1069 1659 1110 dicit
1679 1070 1694 1122 (
1712 1067 1776 1109 Cf.
1803 1067 1861 1108 id.
1886 1069 2079 1121 IV,·119.
2107 1068 2182 1107 123
2201 1068 2233 1120 ).
2256 1068 2453 1122 Scymnus
2472 1086 2638 1128 quoque

1405 1137 1422 1189 (
1439 1150 1477 1175 v.
1499 1134 1576 1175 823
1598 1147 1647 1172 ex
1664 1131 1834 1186 Ephoro
1852 1133 1867 1184 )
1888 1131 2069 1171 Gelonos
2088 1144 2183 1170 cum
2200 1131 2448 1172 Sauromatis
2473 1143 2513 1174 et
2532 1138 2638 1190 Aga·

1405 1198 1556 1252 thyrsis
1581 1202 1780 1235 recenset.
1818 1194 1964 1235 Strabo
1993 1208 2063 1233 005
2091 1207 2175 1233 11011
2203 1194 2402 1235 nominat.
2445 1198 2639 1240 Horatius

1405 1269 1543 1301 autem
1562 1258 1644 1299 Od.
1666 1259 1723 1308 ΙΙ,
1743 1273 1784 1311 9,
1803 1258 1872 1297 23.
1892 1270 1960 1306 20,
1982 1270 2047 1309 19.
2065 1258 2144 1305 ΙΙΙ,
2164 1258 2204 1305 4,
2225 1255 2274 1295 35
2292 1287 2302 1305 ,
2322 1258 2468 1310 Virgil.
2487 1261 2637 1316 Georg.

1405 1325 1482 1371 ΙΙΙ,
1511 1323 1606 1361 361.
1624 1322 1695 1375 Π,ἶ
1709 1319 1801 1359 115.
1819 1319 1914 1359 AEn.
1933 1320 2053 1368 VIII,
2073 1317 2169 1372 725,
2188 1317 2332 1359 Sidon.
2351 1320 2485 1374 Apoll.
2504 1324 2579 1373 IV,
2603 1338 2640 1374 1,

1407 1386 1565 1425 Lucan.
1590 1384 1668 1431 III,
1708 1384 1777 1431 28,
1812 1382 1852 1432 3,
1873 1381 1982 1421 Mela
2012 1383 2047 1430 I,
2078 1394 2144 1434 19,
2189 1394 2255 1434 19,
2284 1381 2439 1421 Plinius
2471 1385 2546 1431 IV,
2573 1390 2641 1435 26,

1407 1447 1535 1487 Solin.
1560 1459 1627 1486 20.
1653 1446 1720 1494 30,
1756 1444 1964 1485 Α1111111311.
1996 1445 2156 1492 XXXI,
2182 1457 2223 1494 2,
2250 1446 2298 1492 14
2322 1459 2465 1485 01111105
2495 1446 2547 1486 ad
2566 1449 2645 1487 He-

1407 1509 1546 1549 rodoti
1568 1508 1747 1549 rationes
1767 1506 1968 1547 accedunt
1992 1506 2004 1561 (
2024 1505 2087 1546 Cf.
2106 1507 2228 1546 etiam
2249 1507 2418 1547 Aristot.
2441 1509 2538 1549 Mir.
2575 1523 2643 1563 29,

1408 1571 1598 1613 Eustath.
1627 1569 1679 1610 ad
1709 1571 1836 1610 Dion.
1865 1570 1959 1620 310,
1983 1569 2116 1624 Orph.
2143 1571 2299 1622 Argon.
2339 1572 2491 1623 1062).
2530 1573 2579 1610 In
2602 1587 2648 1612 ea

1409 1635 1592 1688 regione,
1625 1647 1750 1687 quam
1775 1631 1919 1686 Scylax
1943 1632 2054 1685 genti
2084 1632 2275 1684 assignat,
2297 1631 2476 1672 Gelonos
2499 1632 2647 1691 diserte

1410 1704 1612 1737 memorat
1647 1710 1785 1735 nemo.
1823 1697 2018 1735 Attamen
2046 1694 2155 1734 Mela
2179 1696 2214 1743 I,
2246 1708 2295 1747 19
2320 1693 2438 1748 juxta
2467 1696 2648 1736 Coraxos

1411 1758 1583 1798 collocat
1619 1756 1965 1812 Phthirophagos.
1990 1759 2121 1797 Porro
2144 1757 2344 1796 Arrianus
2366 1757 2516 1811 Peripl.
2550 1761 2572 1811 §
2595 1772 2647 1813 27

1411 1820 1464 1861 ad
1482 1821 1661 1861 Niticam
1683 1834 1706 1860 a
1735 1819 2006 1859 Dioscuriade
2039 1819 2120 1861 500
2150 1818 2290 1859 stadiis
2313 1819 2531 1860 distantem
2553 1835 2648 1875 pro-

1412 1898 1589 1937 gressus,
1607 1883 1773 1934 ibi,·ait,
1802 1901 1818 1917 α
1841 1882 1962 1927 πάλαι
1976 1882 2068 1938 ᾤκει
2086 1881 2192 1928 ἔθνος
2207 1881 2408 1932 Σκυθικὸν,
2432 1880 2474 1921 οῧ
2496 1884 2649 1939 μνήμην

1411 1947 1522 1988 ποιεῖ’
1537 1945 1558 1985 ὁ
1576 1944 1787 2000 λογοποιὸς
1811 1943 2033 1999 εΗρόδοτος,
2060 1944 2124 1984 καὶ
2145 1943 2252 1998 λέγει
2269 1943 2423 1991 τούτους
2446 1943 2545 1984 εἶναι
2567 1946 2653 1993 τοὺς

1412 2009 1821 2064 φθειροτρωκτέοντας·
1849 2008 1915 2048 καὶ
1952 2007 2027 2063 γὰρ
2057 2007 2106 2055 εἰς
2137 2010 2251 2047 τοῦτο
2274 2006 2330 2047 ἔτι
2354 2007 2378 2058 ἣ
2404 2007 2494 2054 δόξα
2514 2007 2536 2058 ἣ
2558 2007 2650 2058 αὐτὴ

1412 2070 1502 2128 ὑπὲρ
1524 2070 1646 2113 αὐτῶν
1659 2071 1828 2127 κατέχει.
1849 2073 1912 2112 De
1928 2071 2073 2112 iisdem
2092 2070 2328 2124 regionibus
2342 2070 2496 2112 Plinius
2507 2072 2582 2122 vi,
2595 2077 2619 2121 4
2640 2086 2649 2113 ;

1415 2139 1521 2176 Gens
1543 2136 1647 2176 Sala’
1675 2135 1863 2190 antiquis
1885 2134 2190 2190 Phthirophagi
2211 2134 2318 2174 dicti
2339 2144 2377 2174 et
2399 2138 2541 2175 Suanl'.
2571 2138 2652 2175 De·
2681 2174 2683 2176 ,

1413 2200 1541 2252 nique
1566 2197 1713 2245 Strabo
1744 2211 1910 2251 quoque
1928 2198 2005 2246 XI,
2040 2211 2082 2251 p.
2114 2199 2211 2250 497.
2246 2199 2325 2250 499
2349 2211 2458 2251 pone
2480 2198 2653 2237 Colchos

1415 2260 1587 2300 collocat
1625 2259 1954 2313 Phthirophagos
1998 2266 2039 2298 et
2076 2258 2198 2298 sorde
2232 2259 2281 2297 iis
2321 2273 2438 2313 pares
2478 2261 2649 2300 Suanos.

1414 2322 1655 2361 Etiamnum
1689 2320 1745 2359 ibi
1785 2322 1838 2360 M
1839 2319 2028 2371 ingrelios
2063 2320 2171 2359 inter
2205 2320 2361 2361 vicinos
2396 2321 2570 2375 populos
2599 2326 2654 2376 τῷ

1415 2382 1520 2438 ῥύπῳ
1545 2383 1609 2423 καὶ
1632 2381 1731 2437 πίνῳ
1755 2381 1932 2434 insignes
1952 2394 2037 2420 esse
2059 2388 2228 2420 narrant
2251 2381 2267 2432 (
2288 2382 2343 2420 V.
2364 2382 2557 2422 Mannert
2573 2385 2649 2434 IV,

1415 2458 1459 2500 p.
1480 2443 1558 2498 375
1579 2446 1610 2497 ).
1645 2445 1789 2495 Itaque
1810 2455 1940 2495 quum
1960 2441 2108 2481 Geloni
2133 2455 2229 2481 cum
2248 2441 2420 2482 Budinis
2447 2457 2471 2483 a
2500 2444 2654 2485 Graecis

1417 2505 1782 2560 conjungerentur,
1796 2502 1948 2544 Budini
1964 2511 2102 2542 autem
2124 2504 2319 2557 spurcitie
2334 2513 2468 2544 essent
2482 2504 2651 2557 famosi,

1416 2584 1466 2610 ac
1488 2569 1640 2610 eaedem
1660 2565 1802 2607 sordes
1824 2565 1935 2620 apud
1965 2565 2173 2606 Colchidis
2197 2566 2352 2607 accolas
2374 2566 2655 2621 deprehende-

1418 2640 1590 2672 rentur:
1614 2629 1728 2670 facile
1751 2627 1990 2680 intelligitur
2016 2627 2228 2680 quomodo
2244 2627 2399 2668 factum
2417 2628 2485 2678 sit,
2509 2636 2556 2668 ut
2574 2630 2655 2669 Ge-

1418 2693 1536 2734 lonos
1575 2692 1718 2747 Scylax
1752 2704 1837 2730 una
1873 2703 1969 2730 cum
1998 2689 2303 2731 Melanchlaenis
2343 2690 2428 2730 huc
2467 2698 2656 2746 transpo-

1420 2757 1560 2797 suerit.

1477 2822 1500 2871 S
1524 2821 1590 2859 81.
1614 2815 1904 2870 Διοσκουρίς
1924 2816 1940 2870 ]
1969 2816 2027 2855 510
2059 2814 2211 2865 codex;
2237 2816 2380 2855 ceteris
2399 2815 2656 2871 Διοσκουριάς,

1420 2883 1483 2922 uti
1499 2889 1680 2930 constat;
1701 2878 1844 2919 eadem
1853 2886 1994 2933 postea
2008 2877 2281 2932 Sebastopolis
2297 2877 2406 2919 dicta
2420 2880 2518 2929 ;sita
2532 2894 2660 2935 prope

1421 2943 1674 2985 hodiernum
1697 2945 1851 2992 Isgaur
1879 2939 1933 2980 ad
1955 2954 2092 2995 prom.
2133 2938 2326 2979 Iscurialz
2346 2941 2362 2993 (
2382 2942 2437 2981 V.
2460 2941 2657 2992 Chardin,

1426 3009 1589 3061 Voyage
1620 3020 1667 3045 en
1686 3007 1806 3044 Perse
1821 3004 1858 3053 Ι,
1889 3017 1931 3057 p.
1973 3015 2065 3043 121.
2092 3002 2252 3042 Dubois
2288 3004 2390 3056 Voy.
2430 3005 2464 3052 I,
2493 3017 2535 3057 p.
2563 3004 2655 3057 307.

1424 3070 1505 3122 317
1534 3070 1565 3121 ).
1587 3069 1679 3119 Η-
1700 3064 1919 3118 Γυηνὸς]
1967 3084 1983 3099 α
2026 3067 2212 3105 Fortasse
2244 3064 2320 3117 leg.
2360 3072 2421 3103 est
2452 3064 2587 3115 Τυῆνις
2611 3080 2659 3105 ex

1423 3131 1631 3186 Stephano
1652 3144 1660 3170 :
1683 3131 1834 3181 Τυῆνις,
1853 3128 1963 3175 πόλις
1983 3128 2148 3182 Κόλχων
2171 3126 2244 3168 ἀπὶ)
2261 3127 2443 3178 Τυηνίδος
2468 3131 2656 3182 ποταμοῦ.

1423 3195 1512 3236 Ν151
1534 3193 1701 3234 mavelis
1738 3193 1893 3243 Πυῆνις.
1929 3191 2158 3245 Stephanus
2192 3190 2390 3240 εΠυῆνις,
2429 3189 2538 3237 πόλις
2560 3190 2659 3230 Κόλ-

1424 3272 1525 3312 χων.
1563 3274 1580 3295 1)
1607 3258 1805 3295 Vossms.
1850 3252 2055 3307 Equidem
2083 3252 2222 3292 malim
2255 3252 2390 3302 Τυῆνις
2416 3252 2478 3291 vel
2500 3253 2658 3304 Τυηνός,

1424 3322 1546 3361 Νι1110
1598 3323 1789 3371 Tgaanas
1828 3331 1902 3357 seu
1938 3319 2121 3368 Iguanas
2156 3329 2234 3355 sec.
2271 3314 2431 3354 Dubois
2479 3317 2523 3355 V
2519 3330 2580 3368 oy.
2622 3318 2658 3365 Ι,

1424 3398 1467 3438 p.
1509 3384 1604 3435 309.
1639 3381 1734 3421 335.
1760 3380 1908 3434 Pyenis
1930 3386 1971 3418 et
1998 3378 2149 3432 Tyenis
2178 3377 2372 3431 Stephani
2402 3376 2455 3417 ad
2483 3376 2659 3417 eundem

1426 3446 1564 3485 locum
1588 3442 1876 3499 pertinuerint.
1902 3440 2045 3491 Γυηνὸς
2067 3439 2215 3479 fluvius
2235 3438 2400 3486 Κυάνεος
2420 3438 2573 3479 dicitur
2592 3453 2657 3493 ap.

1427 3507 1693 3549 Ptolemaeum
1707 3506 1764 3554 V,
1783 3520 1824 3558 9,
1848 3518 1890 3559 p.
1918 3503 2014 3553 350,
2036 3503 2105 3553 30,
2130 3503 2202 3557 qui
2224 3502 2407 3557 primum
2435 3510 2529 3556 post
2544 3502 2662 3541 Dios-

1428 3569 1637 3611 curiadem
1652 3568 1825 3608 fluvium
1841 3574 2044 3607 memorat
2058 3566 2258 3620 Hippum,
2272 3563 2423 3605 deinde
2435 3565 2658 3619 Cyaneum.

1428 3632 1583 3673 Plinius
1605 3629 1773 3684 quidem
1797 3629 1874 3679 VI,
1897 3631 1921 3676 4
1942 3636 1983 3668 et
2003 3627 2231 3682 Stephanus
2253 3642 2286 3668 5.
2319 3642 2358 3668 v.
2384 3625 2461 3667 Αἶα
2479 3628 2660 3681 Hippum

1429 3703 1469 3735 et
1484 3695 1694 3749 Cyaneum
1715 3693 1757 3732 in
1776 3691 1927 3733 Phasin
1947 3691 2120 3731 influere
2134 3689 2294 3740 dicunt,
2322 3704 2397 3730 nec
2415 3703 2499 3729 non
2519 3688 2662 3729 Strabo

1429 3758 1506 3805 XI,
1524 3770 1566 3810 p.
1591 3757 1671 3808 498
1688 3763 1733 3795 et
1750 3754 1830 3796 500
1856 3754 2068 3808 Cyaneum
2086 3762 2127 3794 et
2140 3753 2342 3794 Glaucum
2363 3753 2404 3792 in
2429 3749 2601 3791 eundem
2620 3762 2662 3788 se

1431 3817 1633 3872 conjicere
1651 3816 1792 3858 tradit.
1807 3819 1862 3858 At
1879 3816 2030 3857 horum
2044 3816 2208 3856 testium
2228 3815 2408 3855 narratio
2424 3812 2567 3852 cedere
2590 3810 2661 3850 de-

1428 3881 1496 3920 bet
1515 3880 1748 3920 auctoritati
1778 3879 1945 3924 Arriani
1968 3878 2079 3918 testis
2109 3876 2280 3925 oculati,
2318 3876 2387 3929 qui
2412 3875 2593 3927 Hippum
2618 3873 2661 3913 in

1427 3955 1540 3981 mare
1553 3941 1727 3980 eructari
1744 3939 1880 3979 docet.
1902 3940 2110 3993 Cyaneum
2128 3938 2328 3978 Arrianus
2350 3948 2431 3974 non
2451 3932 2659 3980 nominat;

1429 4017 1571 4045 verum
1593 4002 1799 4044 Ptolemaei
1830 4002 2070 4042 sententiam
2106 3999 2241 4040 firmat
2267 3996 2423 4038 Tabula
2444 3995 2659 4048 Peutinge-
