2756 4354
0 0 58 224 3

87 273 234 326 Porro
254 281 334 324 vix
351 289 418 324 est
438 277 627 322 dubium
641 309 652 330 ‚
675 275 789 334 quin
811 275 1039 320 Lucianus
1060 291 1115 320 ex
1135 276 1314 321 Isidoro

87 372 181 401 non
199 356 332 401 modo
360 352 627 399 Artaxerxis
660 360 704 395 et
725 350 878 408 Goaesi
906 352 1202 410 mentionem,
1236 352 1314 396 sed

84 446 140 475 ea
163 443 343 491 quoque
363 426 576 488 petiverit
600 440 701 485 quae
718 420 881 469 eodem'
900 425 1002 469 loco
1023 425 1237 484 leguntur
1259 425 1315 470 de

87 503 336 549 Sinatrocle
357 511 401 546 et
428 500 645 555 Mascire,
673 499 948 544 Parthorum
967 501 1169 558 regibus,
1199 510 1243 544 et
1259 500 1315 544 de

87 579 300 624 Characis
321 575 391 621 καὶ
413 579 492 621 τῶν
525 576 615 619 κατ’
637 574 838 637 Ἐρυθρὰν
867 573 1002 619 τόπων
1030 575 1214 632 regulis,
1236 575 1314 619 Ili·

39 688 44 692 -
84 654 285 715 spasine,
309 651 349 696 Τ
351 652 462 696 iraeo
485 661 529 696 et
552 651 792 696 Artabazo.
816 651 927 705 Quae
951 651 1135 710 quidem
1160 651 1315 695 omnia

81 729 146 781 ad¹
162 728 375 773 Parthica
394 727 762 773 commodissime
781 728 1054 772 referuntur.
1078 718 1124 759 έ-
1144 729 1315 770 Plinius

83 806 133 850 in
157 805 279 850 libro
297 806 448 866 primo
473 804 703 849 Isidorum
738 815 940 849 recenset
969 805 1089 848 inter
1110 814 1314 849 auctores

83 896 140 925 ex
157 880 326 941 quibus
357 880 500 925 libros
523 879 589 935 11,
623 879 714 935 111,
741 879 814 936 lv,
838 879 892 934 V,
916 878 974 922 VI
1000 879 1248 937 collegerit,
1272 889 1315 924 et

84 956 237 1001 decem
265 956 357 1001 sere
374 956 488 1001 locis
506 955 731 1001 librorum
750 955 812 1010 ΙΙ,
835 953 911 1010 lv,
930 954 967 998 V
981 954 1193 999 disertam
1216 953 1315 1014 ejus

85 1033 359 1077 mentionem
375 1032 543 1091 injicit,
566 1033 866 1078 Characenum
880 1030 1069 1075 vocatin
1081 1041 1315 1084 auctorum

84 1108 289 1152 indiculo
312 1107 427 1152 libri
458 1107 674 1162 secundi,
698 1107 859 1151 ceteris
882 1107 1016 1161 locis,
1047 1106 1185 1150 missa
1210 1117 1316 1151 nota

83 1184 260 1242 patriae,
280 1184 552 1244 simpliciter
578 1183 804 1228 Isidorum
826 1182 980 1227 laudat
999 1198 1088 1226 una
1112 1198 1212 1227 cum
1234 1184 1316 1227 Ar-

86 1260 335 1315 temidoro,
362 1259 680 1314 Eratosthene,
699 1258 884 1317 Pythea‚
901 1258 1020 1303 aliis.
1048 1257 1316 1316 Fragmenta

86 1337 241 1380 omnia
265 1336 493 1396 pertinent
515 1336 571 1380 ad
592 1349 826 1379 mensuras
859 1332 986 1378 orbis
1017 1343 1239 1378 terrarum
1273 1344 1317 1378 et

86 1411 369 1469 singularum
388 1411 643 1468 regionum.
665 1409 797 1454 Unde
812 1419 934 1470 patet
950 1409 1090 1469 petita
1105 1409 1201 1453 haec
1219 1425 1316 1455 esse

85 1500 141 1530 ex
169 1485 479 1545 descriptione
502 1486 642 1530 totius
677 1484 829 1543 orbis,
856 1485 1033 1544 qualem
1058 1485 1314 1530 Eratosthe-

83 1577 164 1606 nes
177 1570 221 1606 et
233 1561 554 1606 Artemidorus
564 1561 883 1607 condiderunt.
898 1561 1021 1606 Idem
1037 1577 1152 1621 opus
1165 1562 1317 1606 innuit

85 1640 343 1680 Marcianus
357 1639 664 1680 Heracleensis
677 1637 725 1680 in
742 1637 972 1697 prooemio
990 1638 1159 1698 peripli
1177 1639 1315 1682 maris

83 1712 268 1767 interni,
290 1711 372 1756 ubi
392 1713 512 1757 inter
530 1713 684 1758 varios
708 1713 922 1773 periplon
948 1723 991 1757 et
1018 1714 1315 1774 geographia-

84 1804 186 1833 rum
205 1789 453 1849 scriptores
469 1790 604 1834 etiam
619 1788 848 1834 Isidorum
870 1789 1179 1835 Characenum
1199 1806 1316 1837 com-

85 1874 319 1911 memorat.
978 1877 981 1880 ’

150 1946 255 1992 124.
285 1939 368 1984 His
390 1940 658 2000 praemissis,
682 1942 862 2000 singula
883 1957 1164 2002 exponamus
1184 1958 1313 1987 accu-

25 2064 27 2068 Α
83 2014 241 2060 ratius.
270 2014 336 2058 Ac
359 2015 558 2074 primum
591 2016 775 2074 quidem
802 2018 950 2076 patria
983 2017 1154 2061 Isidori
1192 2033 1315 2076 quae-

82 2104 186 2132 nam
209 2088 389 2133 Charax
412 2090 550 2134 fuerit
578 2107 771 2150 quaeras.
794 2091 905 2135 Nam
941 2102 991 2137 ut
1017 2093 1128 2137 alias
1145 2096 1313 2138 mittam
1330 2116 1339 2123 ’

83 2164 304 2210 Chai-aces
323 2168 481 2221 urbes,
509 2168 558 2211 in
583 2169 683 2227 ipso
710 2168 986 2212 Parthorum
1011 2169 1207 2228 imperio
1231 2169 1314 2212 ha-

54 2232 162 2284 ffies
182 2239 425 2285 Characem
446 2240 608 2284 Mediae
637 2241 879 2298 Rhagianae
904 2245 964 2299 (v,
992 2242 1135 2288 Mans.
1161 2242 1312 2289 Parth.

82 2315 111 2372 5
135 2331 158 2370 7
184 2330 233 2373 p.
263 2315 347 2357 251
372 2314 385 2374 )
419 2325 463 2358 et
480 2314 724 2358 Characem
759 2315 879 2359 Sidae
908 2316 956 2358 in
990 2315 1317 2375 Mesopotamia

88 2390 168 2447 (v.
196 2388 340 2433 Mans.
371 2389 424 2434 P.
447 2391 473 2446 S
500 2406 516 2431 1
551 2406 596 2448 p.
627 2389 713 2441 245
737 2388 749 2449 )
792 2400 835 2433 et
857 2389 1100 2434 Characem
1135 2391 1316 2449 Spasini

86 2465 134 2506 in
160 2461 353 2507 Susiana
386 2463 505 2506 inter
540 2462 774 2520 Tigridem
812 2463 1005 2508 fluvium
1041 2474 1084 2507 et
1114 2463 1315 2508 Eulaeum

86 2539 186 2583 sita.
222 2538 366 2591 Quam
406 2548 638 2598 postremo
671 2538 773 2582 loco
798 2539 957 2598 posui,
982 2549 1033 2582 ut
1066 2539 1225 2583 ceteris
1252 2549 1319 2583 est

85 2613 220 2670 longe
247 2612 470 2667 nobilior,
512 2612 577 2656 sic
606 2613 741 2655 etiam
774 2612 930 2656 Nostri
965 2613 1104 2656 fuisse
1126 2613 1317 2671 patriam

84 2702 354 2748 persuasum
395 2697 477 2733 est.
522 2687 645 2731 Facit
666 2687 756 2731 huc
791 2687 914 2746 quod
954 2686 1180 2731 Lucianus
1213 2688 1245 2732 l.
1283 2689 1315 2732 l.

67 2762 205 2806 inter
236 2776 314 2820 ea,
340 2777 441 2820 quae
479 2776 536 2805 ex
571 2761 750 2805 Isidoro
789 2762 1051 2805 Characeno
1092 2772 1320 2806 mutuatus

87 2853 184 2884 esse
218 2837 354 2883 nobis
392 2837 591 2893 videtur,
635 2847 726 2881 tres
753 2837 935 2895 regulos
969 2836 1183 2881 Characis
1211 2837 1320 2896 Spa-

91 2914 181 2959 sini
216 2922 451 2959 memorat.
491 2911 580 2956 Sed
622 2913 765 2956 multo
814 2913 958 2969 magis
995 2927 1049 2955 eo
1096 2912 1323 2972 pertinere

89 3003 251 3034 censeo
284 2988 436 3033 locum
470 2987 739 3046 Pliniimsl,
769 2988 842 3042 31,
882 2989 908 3046 3
934 2988 1074 3042 138),
1100 3002 1233 3046 quem
1269 2988 1324 3032 de

92 3063 289 3108 Charace
318 3063 435 3109 urbe
461 3073 505 3108 et
530 3063 586 3108 de
614 3063 735 3123 ipso,
758 3073 808 3107 ut
830 3073 960 3123 puto,
983 3062 1162 3106 Isidoro
1187 3062 1323 3106 habe-

94 3154 194 3184 mus
210 3139 417 3183 omnium
442 3138 812 3183 disertissimum.
832 3137 997 3182 Totum
1016 3138 1145 3182 liceat
1160 3137 1325 3182 adscri-

92 3215 220 3261 bere.
245 3217 428 3260 Charax
445 3217 671 3274 oppidum,
698 3216 869 3274 inquit,
892 3217 1057 3258 Persici
1079 3220 1198 3257 sinus
1217 3220 1325 3257 intu-

95 3308 211 3335 mum
222 3327 238 3350 ,
257 3309 287 3335 a
304 3309 386 3350 quo
401 3294 571 3336 Arabia
589 3294 627 3334 E
629 3294 830 3335 udoemon
850 3296 1154 3349 cognominata
1169 3307 1323 3333 excur-

96 3372 172 3419 rit,
193 3366 419 3411 habitatur
436 3374 482 3411 in
504 3371 616 3412 colle
638 3367 918 3422 manufacto
946 3373 1059 3410 inter
1074 3368 1344 3422 confluentis

94 3446 249 3486 dextre
266 3446 451 3503 Tigrim,
475 3447 586 3487 loeoa
604 3447 824 3498 Euloeum,
842 3448 930 3487 III
942 3447 1032 3488 mil.
1047 3461 1096 3502 p.
1118 3446 1321 3487 laoeitate.

97 3520 329 3583 Conditum
348 3529 414 3562 est
425 3525 615 3577 primum
634 3522 691 3564 ab
712 3523 973 3563 Alexandro
991 3522 1162 3576 Magno
1168 3536 1185 3572 ;
1208 3522 1324 3561 colo-

703 170 1176 239 PROLEGOMENA.
1212 177 1292 222 DE
1325 178 1569 225 ISIDORO
1604 181 1984 229 CHARACENO.

2445 217 2591 251 Lxxxl

1385 285 1452 323 nis
1473 297 1531 324 ex
1549 281 1653 325 urbe
1679 288 1806 339 regia
1826 287 2011 338 Durine,
2041 304 2137 343 quoe
2153 301 2238 333 tum
2256 299 2437 349 interiit,
2468 305 2597 346 dedu.

1385 360 1475 406 ctis,
1497 359 1764 414 militumque
1778 359 1998 402 inutilibus
2022 362 2083 402 ibi
2095 365 2267 415 relictis,
2289 371 2599 418 Alexandriam

1385 435 1607 488 appellari
1626 439 1844 487 jusserat,
1881 450 2133 492 pagumque
2162 439 2371 483 Pelloeum
2404 461 2432 486 a
2456 455 2602 502 patria

1383 519 1486 556 sua,
1523 521 1647 562 quem
1669 511 1846 564 proprie
1870 509 2162 552 Macedonum
2189 509 2382 564 fecerat.
2407 520 2445 557 F
2446 521 2604 565 lumina

1387 581 1438 620 id
1459 581 1667 635 oppidum
1701 596 2021 639 expugnavere.
2058 585 2217 626 Postea
2248 591 2430 629 restituit
2453 594 2607 635 Antio·

1385 653 1492 695 chus
1515 658 1687 711 quintus
1703 671 1854 713 regum
1891 668 1934 699 et
1966 673 2043 700 suo
2076 663 2250 700 nomine
2271 664 2511 716 appellavit
2531 670 2607 707 ite-

1383 745 1563 787 rumque
1579 728 1832 784 infestatum
1854 734 2040 775 Pasines
2060 734 2372 792 Saggodanaci
2380 738 2506 796 filius
2530 756 2610 782 rea·

1377 806 1671 862 finitimorum
1683 807 1900 859 Arabum,
1915 822 2038 863 quem
2050 809 2166 850 Juba
2177 819 2398 866 satrapam
2408 815 2611 857 Antiochi

1372 879 1522 936 fuisse
1541 880 1672 936 salso
1697 883 1853 936 tradit,
1890 886 2096 939 oppositis
2127 885 2309 926 molibus
2337 892 2517 931 restituit
2538 906 2611 932 no-

1387 972 1569 1015 menque
1591 973 1715 1000 suum
1745 958 1888 1011 dedit,
1921 963 2105 1001 emunito
2129 963 2213 1002 situ
2239 965 2373 1016 juxta
2409 968 2452 1005 in
2477 967 2612 1022 longi·

1387 1034 1577 1076 tudinem
1603 1036 1695 1076 III
1719 1036 1813 1078 mil.
1839 1050 1908 1092 p.,
1946 1038 1990 1076 in
2029 1036 2303 1079 latitudinem
2339 1042 2494 1095 paullo
2535 1046 2611 1084 mi-

1386 1124 1481 1151 nus.
1506 1110 1636 1152 Prius
1651 1109 1752 1165 fuit
1770 1126 1800 1153 a
1821 1112 1943 1153 litore
1975 1112 2123 1153 stadia
2163 1114 2218 1154 Χ
2241 1119 2505 1158 maritimum
2536 1114 2610 1176 (Ἴ,

1385 1187 1516 1226 etiam
1549 1185 1596 1226 V
1594 1186 1783 1242 ipsanda
1800 1183 1993 1242 porticus
2015 1185 2166 1229 ¹babet
2211 1187 2223 1243 (
2248 1197 2292 1230 ut
2318 1190 2613 1247 Jamipsanda

1385 1256 1623 1299 Parthicus
1654 1258 1856 1316 habeti’),
1885 1260 2003 1301 suba
2035 1274 2136 1302 vero
2164 1262 2391 1318 prodente,
2425 1266 2513 1306 LM
2529 1281 2577 1321 p.
2594 1282 2611 1316 ,-

1386 1348 1501 1375 nunc
1540 1335 1692 1376 abesse
1741 1351 1769 1376 a
1813 1337 1937 1378 litore
1973 1336 2101 1378 CXX
2143 1338 2211 1379 M.
2255 1339 2388 1393 legati
2420 1338 2614 1381 Arabum

1385 1414 1600 1466 nostrique
1611 1414 1918 1466 negotiatores,
1930 1415 2006 1468 qui
2019 1413 2120 1454 inde
2129 1423 2349 1464 venerunt,
2370 1415 2614 1472 affirmant.

1386 1486 1482 1527 Nec
1515 1488 1610 1527 ulla
1637 1496 1770 1544 parte
1785 1489 1890 1544 plus
1912 1497 1991 1529 aut
2021 1489 2199 1530 celerius
2227 1487 2456 1545 profecere
2490 1501 2616 1533 terroe

1373 1560 1638 1615 fluminibus
1655 1566 1835 1604 invectae
1854 1567 1969 1604 mari
1976 1579 1993 1615 ,-
2018 1565 2068 1605 id
2083 1569 2238 1606 mirum
2259 1575 2343 1617 est,
2365 1575 2474 1608 oestu
2493 1568 2616 1622 longe

1390 1639 1504 1679 ultra
1521 1639 1569 1679 id
1583 1640 1817 1680 accedente
1835 1654 1920 1682 non
1939 1655 2182 1697 percussas,
2209 1643 2305 1683 Hoc
2326 1646 2370 1683 in
2388 1644 2477 1684 loco
2496 1647 2613 1698 inge-

1387 1717 1526 1754 nitum
1561 1728 1652 1755 esse
1676 1715 1927 1766 Dionysium
1968 1713 2084 1774 (leg.
2111 1716 2326 1764 Isidorum
2352 1715 2363 1770 )
2405 1726 2611 1758 terrarum

1385 1789 1502 1830 orbis
1515 1793 1621 1831 situs
1652 1794 1985 1833 recentissimum
2010 1801 2247 1852 auctorem,
2276 1806 2401 1847 quem
2422 1793 2485 1832 ad
2503 1807 2614 1833 com-

1388 1867 1632 1914 mentanda
1677 1871 1828 1908 omnia
1875 1871 1923 1908 in
1959 1870 2167 1909 orientem
2206 1870 2473 1923 praemiserit
2501 1868 2616 1909 diros

1388 1942 1632 1996 Augustus,
1661 1945 1771 1983 ituro
1800 1942 1866 1983 ad
1880 1945 2134 1983 Armeniam
2166 1943 2230 1982 ad
2248 1942 2479 1983 Parthicas
2495 1943 2614 1982 Ara-

1388 2018 1588 2073 bicasque
1599 2031 1668 2059 res
1690 2022 1857 2071 masore
1868 2018 1984 2071 silio,
2011 2033 2096 2059 non
2114 2032 2182 2058 me
2192 2020 2397 2073 proeterit,
2428 2031 2506 2057 nec
2519 2031 2612 2057 sum

1386 2092 1547 2133 oblitus
1562 2095 1629 2132 sui
1645 2106 1858 2147 quemque
1876 2095 1980 2133 situs
1995 2093 2379 2148 diligentissimum
2399 2100 2613 2132 auctorem

1388 2171 1530 2209 visum
1556 2169 1674 2208 nobis
1694 2171 1737 2208 in
1760 2171 1936 2208 introitu
1953 2167 2080 2221 liujus
2101 2171 2244 2224 operis
2254 2182 2268 2218 ,·
2297 2172 2339 2208 in
2359 2166 2445 2208 hac
2470 2177 2613 2208 tamen

1377 2244 1510 2298 parte
1539 2258 1668 2284 arma
1697 2244 1898 2284 Romana
1919 2247 2044 2298 sequi
2059 2244 2210 2299 placet
2228 2244 2350 2284 nobis
2370 2240 2614 2299 Iubamque

1388 2330 1535 2371 regem
1559 2318 1623 2357 acl
1654 2318 1837 2357 eundem
1874 2317 2027 2357 Gaium
2056 2317 2278 2358 Coesarem
2308 2319 2475 2371 scriptis
2498 2318 2611 2357 volu-

1388 2392 1576 2431 minibus
1593 2392 1647 2431 de
1665 2391 1818 2430 eadem
1847 2391 2125 2445 expeditione
2141 2390 2347 2430 Arabica.

1456 2464 1561 2516 125.
1586 2463 1690 2506 Haec
1709 2462 1889 2506 Plinius
1904 2480 1915 2516 3
1932 2463 1979 2506 in
1997 2461 2163 2520 quibus
2180 2466 2431 2517 Dionysium
2444 2461 2611 2506 Chara-

1389 2552 1550 2582 cenum
1586 2551 1823 2596 perperam
1865 2552 1948 2596 pro
1979 2538 2148 2579 Isidoro
2175 2536 2293 2593 legi,
2337 2537 2609 2590 rectissime,

1390 2613 1575 2672 opinor,
1609 2612 1865 2670 suspicatus
1892 2621 1960 2655 est
1992 2610 2312 2669 Bernhardyus
2335 2611 2391 2654 ad
2421 2611 2610 2669 Dionys.

1390 2687 1574 2744 Pei-ieg.
1596 2702 1644 2745 p.
1690 2693 1796 2742 497.
1835 2684 1947 2728 Nam
1971 2684 2193 2729 Isidorum
2209 2718 2221 2739 ‚
2250 2700 2341 2728 non
2364 2699 2476 2728 vero
2496 2685 2615 2728 Dio-

1392 2763 1601 2822 nysium,
1648 2762 1695 2805 in
1730 2762 1893 2821 primis
1923 2762 2075 2821 operis
2114 2759 2426 2804 voluminibus
2450 2760 2505 2804 de
2528 2760 2615 2803 situ

1392 2849 1618 2883 terrarum
1655 2838 1836 2881 Plinius
1873 2852 2084 2882 unacum
2116 2836 2417 2880 nobilissimis
2437 2850 2618 2893 geogra-

1392 2914 1497 2974 phis
1549 2914 1734 2957 laudare
1776 2913 1911 2967 solet;
1950 2910 2085 2971 hujus
2122 2912 2263 2969 igitur
2313 2911 2532 2955 memoria
2569 2911 2616 2954 in

1395 2988 1614 3033 Characis
1645 2987 1876 3031 mentione
1908 2985 2174 3035 renovanda
2192 2995 2305 3030 erat.
2332 2985 2433 3038 Quo
2451 2984 2619 3029 accedit

1395 3064 1518 3124 quod
1542 3065 1590 3108 in
1614 3074 1852 3108 auctorum
1888 3062 1998 3106 libri
2023 3062 2137 3107 sexti
2156 3061 2361 3106 indiculo
2392 3060 2617 3118 Isidorus,

1395 3140 1549 3184 nullus
1562 3154 1673 3183 vero
1686 3138 1936 3198 Dionysius
1955 3146 2245 3182 memoratur.
2267 3135 2492 3179 Laudatur
2515 3149 2619 3178 sane

1395 3215 1650 3274 Dionysius
1691 3214 1874 3273 quidam
1899 3229 1990 3258 una
2026 3229 2126 3257 cum
2169 3211 2349 3272 Ephoro
2374 3211 2428 3254 de
2468 3210 2619 3268 prisco

1396 3293 1580 3335 nomine
1623 3289 1806 3335 Euboeae
1842 3289 1921 3334 lib.
1946 3288 2020 3344 IV,
2054 3305 2106 3332 21
2132 3304 2141 3330 :
2180 3292 2324 3329 Antea
2353 3291 2536 3328 vocitata
2559 3295 2623 3327 est

1399 3368 1671 3411 Chalcodotis
1686 3377 1762 3409 aut
1776 3369 1941 3409 Macris
1958 3364 2037 3424 (Η)
2047 3399 2058 3419 ,
2071 3376 2117 3407 ut
2130 3366 2358 3421 Dionysius
2367 3372 2409 3405 et
2423 3363 2461 3405 E
2458 3362 2565 3420 phot
2573 3376 2621 3403 us

1397 3444 1596 3494 tradunt;
1623 3451 1668 3485 et
1696 3441 1752 3485 de
1774 3441 1838 3484 Co
1854 3441 2005 3484 insula
2033 3440 2112 3485 lib.
2139 3439 2192 3494 V,
2218 3439 2273 3482 36
2301 3455 2311 3482 :
2339 3440 2433 3490 Cos,
2464 3448 2510 3480 ἰι
2526 3439 2621 3494 plu-

1397 3534 1465 3561 res
1483 3522 1753 3576 existimant,
1773 3503 1954 3575 Merope
1971 3526 2132 3569 vocata,
2166 3517 2274 3568 Cea,
2293 3524 2340 3556 ut
2362 3512 2619 3570 Staphylus,

149 3677 198 3724 ff)
229 3677 367 3714 Etiam
398 3677 604 3725 Uispanda
623 3679 731 3716 codd.
757 3681 839 3718 ΡΤδ
858 3680 1013 3727 Silligii;
1030 3681 1158 3717 etiam
1175 3677 1380 3726 inpsanda
1403 3677 1550 3716 codices
1573 3677 1747 3723 Barbari3
1770 3677 1914 3724 etjam
1950 3674 2159 3724 Vipsanda
2183 3676 2361 3723 porticus
2379 3671 2501 3710 habet
2522 3669 2623 3707 dedit

99 3732 281 3778 Silligius,
301 3732 470 3768 ceterum
492 3731 638 3770 deloco
657 3739 832 3782 corrupto
855 3736 947 3772 nihil
970 3735 1190 3783 dijudicans.
1218 3733 1433 3782 Requirilur
1460 3744 1599 3772 nomen
1617 3733 1792 3770 auctoris.
1820 3734 1945 3776 Quare
1967 3732 2004 3768 in
2026 3733 2210 3779 porticus
2241 3729 2370 3766 latebit
2393 3724 2621 3764 Parthicus.

101 3786 320 3825 Praecedens
342 3797 477 3823 nomen
498 3787 674 3835 inceperit
705 3800 726 3826 a
758 3790 871 3827 literis
891 3793 975 3828 iam
999 3792 1056 3828 vel
1080 3793 1164 3837 ian,
1188 3802 1305 3838 quum
1326 3790 1455 3827 crebra
1475 3790 1550 3826 sint
1573 3788 1756 3835 ejusmodi
1776 3789 1930 3824 nomina
1952 3786 2059 3834 apud·
2076 3785 2277 3831 Asiaticos5
2304 3783 2373 3820 nisi
2397 3781 2489 3818 forle
2512 3782 2589 3815 erat
2613 3793 2620 3813 ³

100 3843 356 3879 maritimum
376 3843 503 3879 etiam
518 3844 566 3879 ut
585 3843 849 3892 Psanda(ve1
866 3856 877 3882 τ
901 3845 981 3895 [ut]
1004 3846 1207 3894 Ipsanda)
1234 3846 1360 3891 habet,
1379 3846 1513 3883 collato
1529 3845 1680 3883 nomine
1706 3844 1923 3881 Characeno
1945 3846 1978 3880 H
1986 3843 2199 3889 ispasines,
2216 3842 2422 3885 spasmos,
2444 3837 2622 3872 Pasines.

101 3895 325 3943 scriptorem
343 3896 558 3934 Parthicum
569 3907 615 3934 ne
625 3899 780 3936 mireris,
793 3891 1098 3949 Memincrisquae
1111 3902 1156 3939 de
1169 3902 1316 3949 Hyrode
1331 3901 1500 3939 Parthico
1511 3904 1547 3938 et
1561 3899 1763 3939 Artavasde
1774 3899 1949 3936 Armenio
1961 3897 2083 3944 prodit
2099 3893 2363 3932 Plutarchusin
2374 3893 2503 3927 Crasso
2513 3897 2545 3953 cr.
2560 3889 2622 3924 33.

151 3949 218 3996 (**)
235 3952 290 3987 De
312 3960 356 3988 eo
372 3950 503 3987 insulae
521 3951 672 3988 nomine
686 3953 880 3991 Macrones
909 3956 1081 3993 Ponticos
1100 3966 1236 3993 nomen
1258 3957 1395 3994 habere
1415 3956 1610 4002 Dionysius
1634 3954 1778 3991 statuit.
1801 3955 1842 3989 V.
1862 3952 1989 3990 schol.
2012 3950 2128 3998 Apoll.
2151 3949 2222 3986 Rli.
2253 3950 2282 3994 l,
2305 3948 2414 3984 1024:
2439 3946 2626 3982 Διονυσῑος

102 4003 140 4040 δὲ
157 4004 176 4040 ὁ
195 4005 389 4048 Χαλκιδεὺς
405 4006 567 4055 εἰρῆσθαί
584 4020 690 4055 φησιν
713 4008 842 4052 αὐτοὺς
859 4010 1073 4058 Μάκρωνας,
1092 4013 1215 4057 ἐπειδὴ
1233 4013 1400 4051 Εὐὸοέων
1416 4013 1486 4050 εἰσὶ
1514 4010 1707 4060 Μάκρωνες
1723 4010 1883 4048 ἄποικοι.

267 4071 396 4109 elioen-
414 4085 436 4110 1.

2412 4086 2447 4129 s
