2782 4348
502 0 554 38 U
811 36 821 39 ,

715 69 762 118 0

144 207 231 247 128
532 212 582 257 Ο

13 292 126 332 mm·
202 315 257 346 28.
282 298 429 352 Οὕτως
461 291 531 345 οὖν
563 291 679 350 οὗτος
695 299 718 343 ὁ
757 293 986 357 οηλαγγεὺς
1016 293 1297 357 περικαθάρας
1317 293 1371 340 τὰ

137 368 341 432 ψήγματα
357 373 429 414 τοῦ
450 371 607 431 χρυσοῦ
633 365 893 428 παραδίδωσι
922 369 1006 415 τοῖς
1034 363 1222 427 ἑψηταῖς.
1247 364 1304 412 Οἱ
1327 362 1372 410 δὲ

137 437 334 490 λαὸόντες
356 437 494 500 μέτρῳ
510 455 553 482 τε
567 436 637 481 καὶ
656 435 830 494 σταθμῷ
844 431 892 478 τὸ
908 429 1163 492 συνηγμένον
1174 433 1232 485 εἷς
1249 431 1373 494 ἄγγος

138 511 365 571 κεραμεοῦν
385 506 593 558 ε’νέὸαλον,
607 502 678 548 καὶ
698 500 887 560 μίξαντες
902 498 1011 546 κατὰ
1028 500 1149 561 λόγον
1166 506 1239 548 τοῦ·
1257 501 1373 559 πλή-

97 588 118 619 5
140 580 232 628 θους
246 574 442 636 μολίὸδου
458 574 592 633 βῶλον
604 571 674 616 καὶ
685 569 878 632 χόνδρους
889 568 1021 630 ἁλῶν,
1040 569 1114 616 καὶ
1127 570 1374 635 κασσιτέρου

141 644 278 707 βραχὺ
298 644 367 688 καὶ
384 642 558 703 κρίθινον
574 638 758 699 πίτυρον,
780 636 959 685 κᾶπειτα
982 639 1185 692 ἃπιθέντες
1197 640 1374 700 ἐπίθεμα

140 715 276 762 καλῶς
300 708 560 772 ἡρμοσμένον
580 707 651 754 καὶ
673 706 872 753 πάντοθεν
884 707 1118 771 χρίσαντες,
1143 708 1308 773 ἕψουσιν
1332 711 1374 756 ἐν

135 781 296 841 καμίνῳ
308 779 428 824 πέντε
447 777 608 840 ἡμέρας
621 775 778 830 καὶτὰς
791 776 886 831 ἴσας
901 775 1066 839 νύκτας,
1083 778 1198 824 οὐθὲν
1220 778 1373 825 διαλεί-

134 865 293 898 ποντες.
356 849 424 908 Τῇ
450 846 484 891 δ’
520 845 699 908 ἐχομένῃ
737 845 975 910 σύμμετρον
1008 850 1060 909 τῇ
1090 846 1373 910 πεπυρωμένῃ

80 930 117 959 to
137 916 410 980 προσάγοντες
441 914 559 979 ψύξιν
600 917 655 968 εἷς
683 918 848 977 ἀγγεῖον
871 914 1135 978 κατήρασαν,
1161 914 1264 961 ἄλλο
1299 914 1375 975 μὲν

134 989 215 1032 τῶν
234 985 633 1046 συνεμὸεὸλημένων
657 983 771 1031 οὐθὲν
795 984 1078 1048 εὑρίσκοντες,
1116 982 1215 1029 αὐτὸ
1238 982 1281 1030 δὲ
1303 989 1373 1031 τοῦ

133 1056 304 1118 χρυσίου
338 1056 384 1101 τὸ
428 1055 572 1118 χύμα,
611 1059 812 1118 βραχεῖαν
850 1054 1014 1119 εἰληφὸς
1050 1053 1254 1100 ἀπουσίαν
1293 1053 1374 1100 ἀπὸ

133 1130 206 1173 τοῦ
231 1126 467 1190 ψήγματος.

196 1205 253 1236 29.
281 1189 334 1237 Ἥ
362 1188 436 1249 μὲν
468 1181 537 1235 οὖν
573 1187 674 1251 πρὸς
708 1194 792 1240 τοῖς
817 1186 1036 1248 μετάλλοις
1071 1185 1259 1232 ἀπώλεια
1292 1189 1374 1233 τῶν

73 1274 110 1303 tt»
138 1261 299 1306 πολλῶν
334 1261 542 1320 σωμάτων
566 1259 668 1320 πρὸς
699 1257 746 1303 τὸ
780 1257 899 1321 ῥηθὲν
921 1257 1036 1309 τέλος
1057 1255 1270 1317 κομίζεται
1299 1255 1375 1313 τὴν

135 1328 329 1389 διέξοδον,
351 1329 497 1390 σχεδὸν
518 1330 643 1383 αὐτῆς
665 1330 737 1382 τῆς
760 1325 918 1390 φύσεως
941 1326 1202 1382 δεικνυούσης
1217 1325 1279 1371 ὅτι
1303 1329 1375 1372 τοῦ

134 1398 308 1462 χρυσίου
333 1396 601 1458 συμὸέὸηκεν
625 1396 826 1459 ὑπάρχειν
849 1395 921 1442 καὶ
950 1395 1025 1452 τὴν
1046 1399 1203 1457 γένεσιν
1228 1394 1373 1441 ἐπίπο-

134 1486 202 1514 νον
225 1467 296 1514 καὶ
315 1466 387 1523 τὴν
412 1465 602 1529 φυλακὴν
622 1465 832 1529 σφαλερὰν
855 1465 926 1511 καὶ
951 1464 1027 1522 τὴν
1051 1463 1233 1521 σπουδὴν
1258 1463 1376 1526 μεγί-

136 1555 237 1592 στην
261 1537 332 1583 καὶ
357 1537 430 1592 τὴν
450 1539 600 1598 χρῆσιν
624 1536 772 1591 ἡδονῆς
790 1533 863 1580 καὶ
881 1534 1015 1590 λύπης
1039 1532 1118 1579 ἀνὰ
1140 1532 1265 1594 μέσον
1285 1551 1374 1579 κει-

70 1618 113 1650 20
136 1607 277 1667 μένην,
298 1606 372 1661 τήν
396 1622 440 1651 τε
461 1604 655 1668 ἐργασίαν
672 1605 823 1665 τρόπον
842 1604 933 1650 τινὰ
953 1608 1025 1650 τοῦ
1041 1603 1180 1666 γένους
1199 1605 1375 1667 ἀρχαιο-

134 1676 277 1732 τάτην.
323 1674 509 1738 Εὕρηται
532 1673 607 1735 μὲν
628 1673 708 1737 γὰρ
737 1674 818 1720 ὑπὸ
838 1676 920 1720 τῶν
941 1674 1117 1737 πρώτων
1151 1677 1223 1719 τοῦ
1247 1673 1374 1718 τόπου

136 1744 339 1806 βασιλέων
359 1748 439 1791 τῶν
456 1744 675 1806 μετάλλων
690 1747 716 1800 ἡ
737 1745 855 1807 φύσις
868 1779 881 1801 ,
902 1742 1060 1789 διέλιπε
1077 1742 1120 1789 δὲ
1139 1744 1374 1806 ένεργοῧσα,

134 1813 233 1860 ποτὲ
254 1814 329 1875 μὲν
352 1814 564 1862 Αἰθιόπων
599 1814 667 1860 ἐπὶ
689 1812 765 1869 τὴν
784 1812 998 1875 Αἴγυπτον
1022 1812 1202 1869 πλήθους
1231 1814 1375 1859 συνελ-

134 1884 270 1936 θόντος
293 1886 364 1930 καὶ
388 1884 525 1931 πολλὰ
557 1882 631 1937 τὰς
661 1883 801 1935 πόλεις
834 1883 906 1939 ἔτη
941 1881 1246 1947 φρουρήσαντος
1273 1880 1372 1944 (ὑφ’

66 1966 109 1996 2⁶
133 1946 191 2000 ὧν
214 1953 285 1999 καὶ
303 1953 356 1999 τὰ
373 1953 608 2014 Μεμνόνεια
629 1951 916 1999 συτετελέσθαι
932 1952 1077 2015 φασί),
1094 1951 1192 1997 ποτὲ
1210 1949 1252 1996 δὲ
1275 1949 1372 2005 Μή-

118 2025 216 2069 -δων
237 2024 309 2069 καὶ
331 2024 504 2086 Περσῶν
537 2022 921 2085 ἐπικρατησάντων.
951 2021 1226 2084 Εὗρίσκονται
1246 2020 1288 2066 δὲ
1315 2020 1374 2066 ἔτι

134 2093 207 2139 καὶ
229 2094 321 2138 καθ’
338 2096 449 2153 ἡμᾶς
468 2095 508 2138 ἐν
533 2093 616 2144 τοῖς
636 2092 842 2154 χρυσείοις
858 2097 944 2143 τοῖς
961 2091 1032 2136 ὑπ’
1054 2091 1220 2137 ἐκείνων
1243 2108 1373 2135 κατα-

135 2163 394 2208 σκευασθεῖσι
428 2162 647 2221 λατομίδες
669 2161 743 2221 μὲν
770 2163 952 2223 χαλκαῖ,
981 2160 1048 2206 διὰ
1076 2159 1123 2205 τὸ
1142 2159 1271 2219 μήπω
1290 2158 1374 2219 τὴν

8 2299 117 2339 Diod.
136 2295 341 2348 θλίὸοντες
357 2295 403 2341 τὸ
424 2298 576 2358 χαῦνον
605 2294 677 2340 καὶ
695 2295 844 2356 γεῶδες
863 2293 930 2340 διὰ
950 2293 1103 2339 τούτων
1121 2291 1374 2354 ἅναλαμὸά-

68 2380 110 2411 ³0
132 2382 270 2422 νουσι,
294 2364 420 2428 μέχρι
457 2363 505 2410 ἂν
526 2362 621 2410 ὅτου
655 2362 836 2425 καθαρὸν
866 2363 1036 2425 γένηται
1057 2362 1105 2410 τὸ
1129 2366 1278 2427 ψῆγμα
1303 2365 1374 2409 τοῦ

131 2454 140 2460 ·
187 2452 302 2480 υσου.

131 2454 253 2551 1923.
275 2503 334 2550 Τὸ
354 2503 397 2550 δὲ
416 2506 650 2550 τελευταῖον
675 2503 795 2550 ἄλλοι
812 2510 996 2567 τεχνῖται
1018 2502 1375 2566 παραλαμὸάνον·

132 2592 196 2626 τες
226 2573 364 2637 μέτρῳ
389 2574 463 2620 καὶ
496 2577 669 2637 σταθμῷ
696 2573 742 2619 τὸ
772 2571 1027 2635 συνηγμένον
1057 2574 1112 2625 εἷς
1148 2576 1375 2636 κεραμεοῦς

133 2642 306 2706 χύτρους
333 2642 610 2702 ἐμὸάλλουσι·
631 2643 818 2704 μίξαντες
832 2642 875 2690 δὲ
895 2642 1005 2688 κατὰ
1024 2641 1071 2688 τὸ
1090 2643 1244 2699 πλῆθος
1272 2641 1373 2688 ἀνά·

70 2716 112 2748 at>
133 2713 254 2773 λογον
275 2712 472 2771 μολίὸδου
495 2714 627 2775 βῶλον
647 2714 719 2759 καὶ
736 2713 931 2776 χόνδρους
949 2712 1076 2769 ἁλῶν,
1092 2710 1153 2757 ἔτι
1169 2711 1212 2758 δὲ
1235 2710 1371 2774 βραχὺ

134 2779 374 2842 καττιτέρου
416 2782 487 2826 καὶ
527 2781 703 2844 κρίθινον
751 2781 917 2844 πίτυρον
962 2779 1371 2842 προσεμὸάλλουσιν·

134 2848 342 2911 ἁρμοστὸν
363 2848 396 2894 δ’
420 2849 596 2910 ἐπίθεμα
619 2849 864 2905 ποιήσαντες
893 2848 966 2895 καὶ
995 2851 1118 2912 πηλῷ
1148 2849 1376 2913 φιλοπόνως

133 2918 447 2982 περιχρίσαντες
484 2921 665 2965 ὀπτῶσιν
690 2920 732 2965 ἐν
754 2918 919 2983 καμίνῳ
957 2919 1078 2966 πέντε
1116 2918 1275 2982 ἡμέρας
1304 2919 1375 2964 καὶ

134 2986 284 3041 νύκτας
301 2987 394 3041 ἴσας
417 2988 718 3041 ἀδιαλείπτως·
744 2988 885 3034 ἔπειτα
910 2990 1105 3040 ἐάσαντες
1140 2990 1371 3051 ψυχθῆναι,

67 3062 111 3095 ⁴⁰
134 3059 217 3103 τῶν
237 3056 313 3118 μὶν
329 3058 466 3108 ἄλλων
501 3054 615 3103 οὐδὲν
638 3056 894 3121 εὑρίσκουσιν
917 3060 958 3104 ἓν
981 3060 1063 3111 τοῖς
1085 3058 1281 3118 ἀγγείοις,
1304 3056 1372 3102 τὸν

137 3126 181 3173 δὲ
196 3125 351 3191 χρυσὸν
366 3125 547 3190 καθαρὸν
566 3126 866 3189 λαμὸάνουσιν,
884 3128 1025 3190 ὀλίγης
1042 3127 1241 3179 ἀπουσίας
1264 3145 1374 3189 γεγε·

133 3215 183 3252 νη
219 3195 327 3253 ἕνης.

187 3215 254 3315 ἓν.
276 3266 328 3314 Ἥ
347 3265 422 3327 μὲν
443 3258 511 3312 οὗν
526 3266 698 3330 ἕργασία
717 3269 788 3314 τοῦ
804 3270 960 3330 χρυσοῦ
971 3267 1065 3331 περὶ
1083 3266 1155 3320 τὰς
1178 3266 1375 3330 ἰσχατιὰς

133 3340 207 3392 τῆς
231 3335 444 3399 Αἰγύπτου
465 3333 660 3402 γινομένη
673 3336 779 3398 μετὰ
801 3336 1006 3384 τοσούτων
1029 3336 1102 3383 καὶ
1122 3337 1374 3393 τηλικούτων

51 3407 91 3439 ⁴³
135 3404 268 3451 πόνων
301 3408 574 3453 συντελεῖται·
605 3405 710 3462 αὐτὴ
730 3406 810 3469 γὰρ
828 3408 865 3467 ’,ἡ
904 3405 1049 3471 φύσις,
1074 3405 1239 3466 οἴομαι,
1266 3406 1377 3452 ποιεῖ

87 3536 89 3539 Ι
135 3475 338 3536 πρόδηλον
360 3477 415 3528 ὡς
434 3479 455 3521 ὁ
473 3476 624 3539 χρυσὸς
641 3476 798 3538 γένεσιν
816 3477 891 3537 μὲν
912 3475 1103 3524 ἐπίπονον
1120 3475 1225 3540 ἔχει,
1242 3477 1377 3541 φυλα-

142 3584 223 3597 ..-

189 3655 214 3707 S
234 3657 305 3705 28,
327 3653 356 3696 l.
375 3659 415 3696 6.
442 3655 532 3697 Καὶ
562 3659 813 3715 κρίθινον]
835 3659 1079 3701 Dindorfius
1114 3660 1156 3701 in
1184 3657 1385 3702 Diodoro¹

125 3713 251 3757 dedit
265 3728 362 3757 cum
382 3715 588 3771 plurimis,
610 3727 654 3760 ut
673 3718 851 3771 videtur,
868 3720 1083 3762 codicibus
1103 3720 1229 3777 §ipa-lja
1246 3734 1374 3763 καττι·

132 3776 243 3832 τέρου
263 3777 434 3833 κρίθινον
460 3778 639 3834 πίτυρονς
671 3789 710 3822 at
738 3782 803 3821 καὶ
822 3791 916 3823 ante
936 3783 1104 3837 κρίθινον
1126 3791 1207 3824 troe
1231 3781 1375 3825 saltem

134 3837 260 3881 codd.
283 3838 460 3882 Diodori
479 3840 568 3897 (AF
584 3844 637 3883 D.
654 3856 722 3898 ap.
742 3843 892 3898 Dind.)
908 3844 1120 3895 exhibent,
1141 3846 1248 3887 sicut
1264 3844 1375 3887 Pho-

135 3901 231 3944 tius.
253 3901 603 3946 Admiscebantur
630 3905 704 3947 ista
727 3906 875 3961 partin·
905 3915 952 3947 ut
985 3906 1139 3949 facilius
1167 3921 1296 3949 massa
1327 3907 1376 3950 li-

133 3972 360 4018 quesceret,
380 3965 533 4022 partim
553 3974 601 4008 ut
617 3965 797 4009 sulfurea
818 3966 1167 4020 discernerentur,
1191 3969 1373 4027 denique

136 4034 181 4067 ut
196 4035 409 4082 argentum
434 4027 487 4071 ab
505 4042 608 4072 auro
621 4037 894 4087 separaretur.
918 4032 935 4086 ΙΙ
965 4056 1021 4064 ·-
1037 4047 1078 4087 7.
1096 4033 1245 4075 πάντα
1258 4033 1278 4075 θ
1291 4048 1308 4075 ε
1321 4033 1369 4090 ν]

1113 193 1192 239 Ex
1225 192 1703 247 AGA’rnaltcntot:

2764 58 2782 89 »ἒ

2701 0 2782 82 '³²5

2520 198 2679 259 ‹um›
2775 179 2782 215 ³

1497 304 1567 347 28.
1590 303 1685 347 Hoc
1707 304 1836 360 igitur
1855 303 1983 347 modo
2013 304 2231 359 Selangeus
2259 312 2477 361 postquam
2496 306 2587 348 auri
2612 320 2679 350 ra·
2716 293 2752 365 *⁸-

1442 378 1583 414 menu
1609 373 1876 429 expurgavit,
1902 372 2139 415 eoctoribus
2168 373 2437 423 transmitti13
2463 373 2535 428 qui
2557 374 2680 418 simul

1442 453 1491 482 ae
1507 448 1698 484 eoaetum
1717 441 1818 484 illud
1838 441 1893 484 ad
1914 456 2150 485 mensuram
2182 450 2223 483 et
2244 442 2391 484 libram
2410 450 2680 498 acceperunt,

1443 508 1487 550 in
1506 522 1576 551 vas
1594 509 1825 552 immittunt
1843 509 1982 561 fictile,
2001 518 2043 552 et
2058 508 2111 552 ad
2143 509 2421 552 multitudinis
2449 511 2682 566 proportio·

1443 591 1541 619 nem
1563 576 1706 620 bolum
1723 577 1886 635 plumbi
1898 587 1941 620 et
1957 578 2050 621 salis
2064 592 2234 634 grumos
2246 578 2557 636 pauxillumque
2572 588 2683 622 stan·

1445 645 1489 687 ni
1508 654 1550 687 et
1573 644 1776 688 furfurem
1794 645 2074 689 hordeaceum
2095 646 2339 690 admiscent.
2360 647 2469 689 Hinc
2488 648 2683 704 imposito

1444 712 1559 770 quod
1577 713 1683 756 bene
1714 721 1823 769 tegat
1850 714 2063 770 operculo,
2094 723 2137 757 et
2156 714 2343 771 undique
2366 714 2621 767 circumlito,
2639 717 2681 758 in

1446 780 1610 823 torn-oe
1642 789 1831 838 coquunt
1861 780 1951 824 die·
1970 782 2156 839 quinque
2178 792 2221 824 ct
2238 782 2411 825 totidem
2435 791 2576 826 noctes
2594 785 2684 827 sine

1446 850 1766 893 intermissione.
1794 851 1991 906 Sequenti
2019 850 2216 909 deinceps
2251 852 2335 903 die,
2369 852 2480 909 justa
2503 854 2684 896 materiae
2772 883 2782 906 f

1446 917 1634 959 ustulatae
1667 916 1979 972 refrigeratione
2017 917 2201 961 adhibita
2215 950 2229 972 ,
2259 921 2306 963 in
2337 921 2543 963 vasculum
2572 921 2684 964 aliud
2760 905 2782 936 '⁴

1445 985 1684 1037 extrahunt,
1699 984 1884 1040 nihilque
1898 998 2040 1027 rerum
2056 986 2180 1029 simul
2193 986 2435 1043 injecturum
2451 990 2682 1041 inveniunt,
2764 1005 2771 1015 ι

1445 1053 1518 1096 sed
1535 1054 1665 1097 solam
1689 1055 1779 1097 auri
1798 1069 1972 1097 massam
1993 1056 2228 1108 conflatam,
2253 1071 2347 1113 qua:
2370 1072 2395 1101 a
2411 1059 2535 1101 scobe
2548 1060 2688 1116 pristi·
2765 1059 2767 1062 ’

1445 1139 1499 1166 na
1525 1139 1611 1166 non
1633 1124 1812 1167 multum
1835 1124 1989 1167 deficit.
2769 1135 2782 1205 1

1503 1206 1575 1247 29.
1595 1194 1694 1235 Haec
1709 1194 1847 1249 itaque
1861 1192 1915 1235 ad
1931 1191 2093 1236 fodinas
2109 1193 2196 1235 illas
2214 1207 2438 1250 corporum
2460 1194 2687 1238 multorum
2776 1216 2782 1241 i

1445 1261 1627 1319 perditio
1646 1260 1699 1303 ad
1733 1275 1846 1312 eum,
1871 1275 1996 1317 quem
2031 1260 2136 1314 dixi,
2169 1260 2295 1304 finem
2318 1262 2476 1303 exitum
2500 1264 2688 1316 sortitur,
2762 1270 2767 1271 ⁷

1446 1332 1534 1387 ipsa
1552 1345 1683 1387 prope
1707 1338 1854 1373 natura
1873 1329 2185 1373 demonstrante
2205 1339 2247 1373 et
2267 1332 2575 1387 generationem
2598 1333 2689 1375 auri
2756 1351 2758 1353 ·

1445 1400 1693 1443 laboriosam
1722 1408 1765 1442 et
1785 1399 2015 1443 custodiam
2043 1399 2246 1443 lubricam
2278 1408 2321 1442 et
2345 1399 2530 1443 studium
2550 1402 2690 1458 aequi·

1446 1470 1567 1513 rendi
1578 1469 1667 1527 ejus
1684 1470 1914 1512 maximum
1926 1485 2028 1523 esse,
2046 1485 2252 1527 usumque
2260 1471 2303 1512 in
2315 1470 2454 1514 medio
2470 1471 2689 1528 voluptatis
2755 1471 2756 1474 ’

1446 1549 1489 1582 et
1510 1538 1765 1595 aegritudinis
1789 1540 2028 1582 consistere.
2062 1539 2297 1582 Elaboratio
2318 1547 2454 1582 autem
2486 1538 2609 1596 hujus
2623 1555 2690 1595 ge-

1446 1611 1558 1652 neris
1581 1608 1893 1666 quodammodo
1925 1610 2208 1665 antiquissima
2239 1617 2316 1652 eet.
2348 1610 2455 1651 Nam
2491 1624 2516 1651 a
2543 1610 2689 1666 primis

1446 1678 1526 1719 loci
1548 1677 1714 1733 regibus
1742 1677 1909 1719 inventa
1934 1685 1995 1718 est
2012 1691 2059 1719 ea
2085 1677 2235 1719 metalli
2256 1686 2418 1729 natura,
2440 1676 2564 1719 desiit
2590 1692 2690 1720 vero
2724 1679 2726 1681 ’

1447 1747 1490 1789 in
1530 1754 1625 1789 actu
1657 1760 1744 1788 esse
1781 1754 1887 1798 tum,
1925 1746 2094 1803 quando
2127 1747 2368 1804 AEthiopum
2405 1747 2505 1790 olim
2541 1761 2691 1804 agmen

1445 1815 1668 1872 AEgyptum
1690 1814 1934 1866 incursavit,
1958 1823 2001 1857 et
2022 1814 2162 1865 multis
2180 1816 2299 1857 annis
2319 1815 2443 1858 urbes
2465 1814 2692 1859 custoditas

1445 1882 1646 1939 presidiis
1665 1883 1750 1925 suis
1776 1884 1913 1925 tenuit
1943 1882 1958 1940 (
1980 1898 2005 1925 a
2022 1883 2174 1939 quibus
2202 1885 2326 1927 etiam
2342 1884 2584 1926 Memnonia
2601 1898 2691 1927 etse
2709 1891 2723 1900 '

1445 1950 1627 2007 perfecta
1637 1950 1919 2008 memorant),
1933 1959 2023 1993 tum
2039 1951 2207 2007 quando
2217 1951 2331 1994 Medi
2346 1960 2388 1995 et
2402 1954 2536 1995 Persa·
2545 1966 2689 1995 rerum
2780 1957 2782 1975 ¹

1445 2018 1725 2075 potiebantur.
1749 2021 1804 2062 Et
1825 2019 2091 2076 reperiuntur
2112 2021 2235 2062 etiam
2267 2028 2510 2077 tempestate
2548 2029 2690 2063 nostra

1447 2089 1491 2129 in
1510 2087 1758 2131 aurifodinis
1787 2087 1952 2131 illorum
1982 2102 2110 2131 manu
2135 2088 2251 2131 sactis
2270 2089 2405 2142 mallei
2429 2090 2613 2132 incisorii
2636 2105 2687 2132 ex

1445 2172 1526 2200 aere
1547 2156 1563 2215 (
1585 2157 1699 2214 quod
1719 2158 1979 2214 temporibus
2007 2158 2084 2200 illis
2111 2158 2208 2201 ferri
2230 2173 2330 2201 usus
2357 2158 2547 2203 nondum
2573 2161 2690 2202 inva-

1448 2308 1512 2342 ter
1532 2300 1736 2355 appressis
1755 2300 1971 2341 materiam
1988 2300 2155 2341 inanem
2173 2308 2216 2342 et
2230 2308 2462 2343 terrestrem
2481 2299 2688 2351 attollunt,

1445 2388 1581 2431 donee
1603 2387 1847 2430 defaecatum
1866 2388 1955 2430 auri
1979 2395 2216 2430 ramentum
2235 2389 2423 2431 evaserit.

1501 2508 1571 2549 28.
1594 2505 1646 2548 Id
1674 2505 1842 2548 tandem
1871 2506 2038 2563 opifices
2070 2506 2137 2548 alii
2158 2514 2273 2548 certo
2295 2505 2423 2549 modo
2448 2514 2489 2548 et
2506 2503 2694 2564 pondere
2760 2508 2777 2543 ὶ·

1444 2590 1686 2638 congestum
1708 2581 1762 2624 ad
1781 2596 1824 2623 se
1850 2583 2072 2639 recipiunt,
2099 2590 2311 2638 receptum
2335 2582 2378 2623 in
2401 2581 2544 2625 fictiles
2565 2596 2693 2625 urnas

1443 2657 1648 2710 condunt,
1670 2672 1831 2715 proque
1850 2656 2009 2700 conditi
2039 2658 2215 2709 ratione,
2238 2657 2399 2714 plumbi
2414 2672 2606 2710 massam,
2626 2673 2693 2702 sa·
2756 2693 2771 2715 .·

1443 2734 1491 2776 lis
1516 2747 1657 2790 grana,
1681 2732 1909 2790 pauxillum
1932 2733 2069 2773 stanni
2097 2731 2386 2789 furfuremque
2410 2732 2687 2777 hordeaceum
2758 2747 2776 2788 :⁴

1442 2809 1656 2867 adjiciunt.
1676 2809 1786 2850 Tum
1805 2815 1902 2864 apto
1923 2807 2184 2850 obstructum
2201 2808 2398 2865 operculo
2412 2817 2453 2852 et
2470 2809 2572 2853 limo
2593 2809 2691 2853 dili·
2755 2803 2774 2857 Ιἰ

1438 2892 1582 2941 genter
1605 2883 1886 2927 circumlitum
1910 2884 2110 2926 continue
2131 2898 2206 2940 per
2232 2885 2417 2942 quinque
2445 2884 2534 2929 dios
2550 2894 2593 2930 et
2614 2900 2689 2930 no·
2732 2919 2746 2938 ,-
2770 2879 2775 2899 ⁵

1439 2969 1524 3003 ctes
1542 2962 1586 3003 in
1609 2960 1776 3003 fornace
1797 2968 1999 3017 coquunt.
2053 2960 2163 3002 Hine
2185 2969 2279 3017 post
2287 2959 2450 3017 justum
2472 2962 2691 3019 refrigera·
2775 2970 2780 3021 ¹,

1443 3038 1567 3080 tionis
1600 3036 1858 3080 intervallum
1902 3045 2047 3079 eeterae
2082 3036 2251 3093 quidem
2286 3040 2467 3081 materiae
2508 3040 2552 3082 in
2582 3041 2692 3083 mis
2780 3031 2782 3050 ³

1445 3114 1547 3157 nihil
1570 3114 1792 3171 reperitur,
1814 3112 1886 3155 sed
1919 3126 2072 3170 purum
2095 3121 2327 3170 putumque
2345 3128 2511 3168 aurum,
2538 3117 2695 3172 exiguo
2723 3114 2726 3123 “

1445 3205 1542 3233 sane
1558 3189 1723 3233 defectu
1733 3221 1747 3243 ,
1763 3204 1820 3232 ex
1841 3189 1917 3231 illis
1933 3188 2055 3231 redit.
2718 3179 2726 3186 ’

1501 3280 1571 3323 29.
1592 3268 1691 3310 Haee
1715 3274 1776 3308 est
1805 3266 1870 3308 illa
1889 3266 1979 3308 auri
1999 3266 2107 3308 circa
2135 3274 2361 3309 extremam
2383 3266 2546 3325 AEgypti
2571 3281 2690 3313 orem
2727 3266 2729 3270 ’

1444 3337 1713 3394 pra-paratim
1754 3344 1816 3378 tot
1847 3335 1952 3378 adeo
1986 3336 2192 3393 tantisque
2219 3335 2409 3379 laborum
2436 3333 2734 3394 vementis&

1446 3406 1511 3449 illa
1527 3414 1856 3449 consummatur.
1898 3407 2131 3463 Ipsa,reor,
2149 3414 2297 3450 natura
2310 3406 2572 3450 manifestum
2591 3420 2726 3466 ραι-ζ

1446 3474 1510 3518 dit
1529 3484 1817 3532 argumentum
1833 3507 1845 3527 ,
1874 3490 2021 3518 aumm
2052 3484 2094 3518 et
2115 3475 2317 3519 laboriose
2338 3477 2524 3532 generari
2545 3485 2587 3519 et
2605 3467 2726 3538 ‘¹¹⁵’ssss
2770 3496 2772 3498 ·

1444 3657 1688 3712 πανταχόθεν
1706 3658 1754 3700 C.
1781 3658 1799 3712 ΙΙ
1821 3681 1878 3689 -
1898 3658 1922 3699 8
1954 3665 1996 3699 et
2032 3670 2099 3700 11.
2120 3655 2228 3699 οὗδὶν
2266 3670 2359 3712 vgo.
2385 3657 2402 3712 ΙΙ
2421 3670 2535 3711 -9.
2555 3669 2608 3699 an
2630 3650 2763 3714 ἡκ

1443 3720 1727 3777 πεπυρωμένῳὲ
1753 3733 2004 3777 quamquam
2027 3717 2330 3774 subintelligere
2351 3716 2446 3760 lieet
2470 3716 2560 3775 ῦλῃ.
2587 3718 2604 3773 ΙΙ
2628 3732 2715 3752 -α

1449 3795 1516 3824 n.
1545 3781 1655 3823 αὐτοὶ
1676 3797 1769 3838 vgo.
1796 3783 1813 3838 11
1838 3806 1897 3815 -
1918 3795 1984 3825 12.
2010 3781 2177 3838 εἰληφὼς
2197 3795 2290 3837 vgo.
2699 3777 2710 3798 *

1501 3847 1525 3899 S
1551 3848 1620 3896 29,
1646 3845 1674 3888 l.
1703 3858 1773 3889 2ο.
1792 3845 2066 3902 ἐργασίαν]
2096 3843 2249 3900 εδρησιν
2268 3840 2446 3885 Diodor.
2469 3840 2577 3884 Male
2653 3894 2659 3899 ῃ

1445 3907 1618 3950 Photius
1644 3921 1741 3950 cum
1770 3906 2110 3951 antecedentibus
2124 3904 2279 3962 jungit,
2306 3917 2438 3960 quum
2465 3899 2717 3959 sepem
2771 3923 2773 3926 ’

1447 3970 1700 4012 enuntianda
1716 3978 1865 4023 essent,
1891 3978 1937 4013 ut
1949 3984 2017 4027 ap.
2036 3967 2288 4012 Diodorum.
2311 3967 2328 4022 ΙΙ
2354 3990 2411 3999 -
2428 3978 2499 4008 22.
2519 3961 2684 4007 Bistam
2722 4000 2734 4006 s.

1450 4034 1497 4075 B.
1521 4035 1538 4088 ΙΙ
1564 4058 1621 4067 -
1639 4035 1710 4077 25.
1740 4034 1805 4077 καὶ
1825 4032 1923 4077 add.
1955 4036 2007 4077 A.
2037 4033 2055 4089 11
2078 4045 2218 4088 -27,
2240 4029 2333 4073 ἓν...
2358 4025 2695 4072 κατασκευασθεῖσι
2716 4013 2751 4062 l*
