2808 4342
714 95 757 139 Ο

205 157 296 199 208

290 250 486 310 Ζάγκλη,
507 238 682 303 [strabun
695 282 707 302 ,
730 243 987 295 Καλλίπολις
1005 241 1096 303 ἔσχ’
1115 239 1327 288 ἀποικίαν.

290 318 426 367 Πάλιν
448 316 483 363 δ’
506 315 589 362 ἀπὸ
606 314 760 362 τούτων
782 311 854 358 δύο
870 312 1035 369 πόλεις,
1057 305 1219 357 Εὗὸοια
1240 309 1315 356 καί

288 386 431 436 hmo·
453 383 768 448 κατῳκίσθησαν
790 378 1136 439 ἐπικαλούμεναι,

288 449 360 502 εἶθ’
383 454 531 517 Ἱμέρα
554 452 625 498 καὶ
648 446 933 510 Ταυρομένιον
955 444 1165 509 ἐχομένη·

203 542 268 574 aso
290 525 391 571 εἰσὶν
414 523 458 570 δὲ
479 529 611 567 πᾶσαι
634 516 876 567 Χαλκιδέων
895 509 1021 562 αὗται
1041 514 1196 569 πόλεις.

286 594 372 645 Τὰς
393 589 581 652 Δωρικὰς
599 586 641 633 δὲ
660 585 788 631 πάλιν
808 586 1033 647 ἀναγκαῖον
1053 583 1228 649 φράσαι.

288 662 491 723 Μεγαρεῖς
510 658 763 716 Σελινοῧνθ“,
790 656 828 701 οῖ
851 655 1007 718 Γελῷοι
1031 654 1068 701 δ’
1091 654 1257 702 ἔκτισαν

287 728 569 791 Ἀκράγαντα,
596 724 823 781 Μεσσήνην
843 725 879 771 δ’
896 722 1039 777 Ἴωνες
1057 727 1104 772 ἰκ
1124 724 1272 785 Σάμου
1285 760 1300 787 ,

284 796 529 861 Συρακόσιοι
549 794 593 842 δὲ
613 793 690 851 τὴν
712 793 962 857 Καμάριναν
985 793 1233 855 λεγομένην·

199 884 261 916 aas
284 865 400 913 αὐτοὶ
423 864 467 912 δὲ
489 863 643 920 ταύτην
662 857 768 927 ἦραν
787 865 834 909 ἐκ
856 862 1020 927 βάθρων
1043 862 1188 919 πάλιν,

282 936 382 1000 πρὸς
402 933 443 989 ἓξ
467 934 539 991 ἔτη
558 933 631 980 καὶ
648 932 938 995 τετταράκοντ’
962 932 1203 996 ᾧκημένην.

284 1000 419 1054 Airai
443 1003 518 1063 μὲν
540 996 608 1050 οὖν
630 1004 706 1049 εἷσ’
729 1004 771 1048 αἱ
792 1001 931 1053 πόλεις
952 1001 1215 1058 Ἑλληνίδες·

280 1074 334 1122 τὰ
356 1075 399 1121 δὲ
422 1072 546 1120 λοιπὰ
573 1072 751 1136 βάρδαρ*
773 1071 862 1118 ἐστὶ
882 1075 964 1119 τῶν
987 1070 1274 1133 πολισμάτων,

283 1143 582 1208 Καρχηδονίων
606 1142 919 1205 ἐντειχισάντων
941 1140 1035 1195 τοὺς
1058 1141 1224 1194 τόπους.

197 1231 263 1262 300
284 1213 341 1262 Ἦ
364 1213 399 1259 δ’
420 1211 581 1260 Ἰταλία
602 1210 811 1276 προσεχὴς
836 1211 911 1271 μέν
940 1213 1024 1257 ἐστ’
1050 1209 1280 1274 Οἰνωτρία,

288 1283 467 1346 μιγάδας
487 1283 535 1328 τὸ
561 1282 756 1345 πρότερον
778 1280 868 1338 ἥτις
887 1281 986 1343 ἔσχε
1011 1279 1267 1343 βαρὸάρους,

283 1353 367 1399 ἀπὸ
389 1356 460 1399 τοῦ
485 1350 833 1403 δυναστεύσαντος
851 1350 1018 1397 Ἰταλοῦ
1036 1349 1218 1410 τοῦνομα

281 1422 494 1473 λαὸοῦσα,
520 1421 682 1482 μεγάλη
707 1422 743 1466 δ’
764 1422 932 1483 ὕστερον
953 1419 1054 1484 πρὸς
1077 1420 1256 1482 ἑσπέραν

200 1558 317 1600 didos
334 1559 412 1607 VI,
427 1560 468 1607 4.
490 1556 555 1599 Cf.
570 1558 747 1598 Pausan.
763 1556 841 1605 IV,
863 1555 933 1606 23,
963 1555 1003 1596 3.
1023 1554 1241 1611 Callipolin
1258 1569 1283 1596 a
1300 1556 1442 1596 Naxiis

198 1619 409 1663 conditam
429 1621 527 1661 item
551 1628 691 1669 narrat
708 1619 855 1660 Strabo
875 1633 918 1675 p.
945 1632 1043 1674 272,
1064 1614 1139 1660 sua
1159 1627 1276 1661 aetate
1293 1618 1442 1660 urbem

198 1683 402 1725 desertam
432 1681 600 1732 dicens;
625 1690 824 1738 praeterea
855 1690 1112 1723 memoratur
1135 1695 1203 1738 ap.
1236 1680 1438 1723 Herodot.

200 1747 298 1796 vn,
320 1745 397 1795 154
423 1753 465 1787 et
481 1744 678 1801 Stephan.
702 1746 819 1801 Byz.,
843 1743 956 1800 apud
977 1743 1104 1785 alium
1128 1745 1353 1786 neminem.
1379 1744 1441 1785 Si·

200 1817 267 1850 tus
289 1809 485 1849 incertus.
507 1808 650 1849 Fuisse
681 1814 831 1863 putant
846 1805 1094 1848 hodiernam
1126 1804 1347 1848 Gallodoro
1379 1804 1442 1847 vel

199 1883 332 1926 prope
352 1868 538 1912 Mascula·
566 1868 746 1910 vecchio.
771 1869 788 1923 ΙΙ
810 1892 869 1900 -
896 1870 994 1924 287.
1017 1867 1188 1910 εὖὸοικαὶ
1213 1867 1329 1918 cod.;
1356 1882 1437 1909 em.

200 1932 432 1975 Cluverius.
456 1930 615 1974 Euboea
630 1931 933 1973 Leontinorum
954 1930 1118 1973 colonia
1136 1930 1215 1972 suit
1229 1945 1311 1972 sec.
1330 1931 1440 1972 Stra·

200 1994 301 2036 bon.
318 2008 364 2050 p.
386 2006 494 2049 272;
514 1991 609 2034 coll.
630 1993 687 2043 X,
707 2006 751 2049 p.
784 1995 883 2047 449,
905 1992 977 2034 ubi
998 2005 1008 2035 ε
1046 1991 1190 2034 Εὕὸοια
1220 1993 1441 2034 Χαλκιδέων

198 2061 276 2099 τῶν
297 2055 383 2098 ἐκεῖ
392 2056 535 2111 κτίσμα
549 2086 560 2106 ,
581 2055 628 2108 ἢν
646 2055 776 2097 Γέλων
793 2054 1016 2108 ἐξανέστησε
1031 2086 1043 2107 ,
1063 2055 1130 2097 καὶ
1151 2054 1304 2112 ἐγένετο
1325 2055 1440 2111 φρού-

200 2134 283 2175 ριον
319 2117 581 2175 Συρακοσίων.
614 2117 826 2159 Strabonis
865 2126 982 2159 aetate
1006 2117 1108 2159 urbs
1149 2117 1310 2160 deserta
1337 2127 1438 2159 erat.

200 2180 380 2225 Aliunde
397 2195 483 2224 non
502 2188 614 2223 nota.
633 2181 747 2222 Fort.
769 2178 1015 2222 hodiernam
1038 2179 1196 2221 Eubuli
1213 2179 1276 2221 vel
1293 2178 1347 2221 ad
1369 2179 1442 2222 Li-

198 2245 361 2287 codiam
376 2244 500 2287 fuisse
515 2244 754 2299 opinantur.
778 2244 795 2297 ΙΙ
813 2266 871 2274 -
885 2243 984 2285 288.
1002 2242 1141 2297 Myloe,
1159 2242 1442 2285 Zanclaeorum

201 2322 274 2349 seu
294 2307 599 2349 Messaniorum
629 2305 794 2347 colonia
817 2305 861 2345 in
884 2305 972 2361 ipsa
988 2319 1135 2346 eorum
1154 2303 1313 2347 ditione
1330 2320 1445 2347 com·

200 2370 416 2426 prehensa.
451 2370 507 2409 V.
536 2367 683 2410 Strabo
705 2381 749 2423 p.
775 2380 858 2422 272
881 2375 922 2408 ει
946 2375 1034 2408 not.
1063 2366 1117 2408 ad
1141 2367 1296 2423 Scylac.
1318 2370 1341 2421 S
1367 2371 1440 2420 14,

200 2446 242 2487 p.
260 2443 330 2473 22.
351 2429 531 2473 Condita
544 2428 610 2471 Ol.
635 2433 701 2480 16,
724 2443 761 2471 1.
782 2432 880 2484 716,
898 2428 959 2470 uti
974 2443 1026 2470 ex
1046 2443 1131 2471 uno
1148 2429 1340 2471 novimus
1358 2431 1444 2471 Eu·

198 2494 328 2535 sebio.
346 2494 540 2536 Ceterum
556 2491 609 2534 de
623 2492 881 2549 temporibus
895 2491 1146 2548 reliquarum
1166 2493 1209 2534 in
1226 2492 1363 2535 Sicilia
1377 2508 1445 2535 co·

200 2556 405 2598 loniarum
423 2555 528 2597 nihil
541 2570 707 2607 moneo,
721 2570 854 2612 quum
873 2555 1063 2597 intricata
1077 2556 1131 2597 sit
1144 2555 1330 2611 quaestio,
1352 2570 1445 2612 quae

201 2620 343 2674 paucis
357 2619 567 2675 profligari
582 2626 772 2673 nequeat.
797 2619 814 2673 ΙΙ
832 2642 890 2649 -
904 2620 1002 2672 289.
1020 2617 1236 2659 Himeram
1250 2617 1288 2658 οἱ
1304 2618 1343 2660 ἐν
1363 2619 1446 2659 Μύ-

202 2680 287 2727 λαις
299 2679 451 2721 ἔκτισαν
467 2679 696 2735 Ζαγκλαῖοι,
710 2681 770 2721 uti
782 2679 929 2722 Strabo
943 2681 1016 2721 ait.
1037 2677 1166 2735 Ἱμέρα
1179 2678 1254 2722 ἀπὸ
1269 2680 1446 2736 Ζάγκλης

198 2741 348 2797 ᾠκίσθη
362 2742 554 2797 Thucyd.
572 2743 650 2792 vl,
670 2745 692 2791 4
709 2758 720 2793 ;
737 2742 905 2798 Olymp.
920 2742 990 2793 33,
1012 2756 1027 2783 1
1039 2774 1048 2783 .
1066 2745 1146 2791 648
1167 2757 1249 2784 sec.
1264 2742 1441 2786 Diodor.

202 2805 330 2855 XIII,
357 2808 425 2846 62.
457 2807 473 2858 Η
496 2828 552 2835 —
574 2804 930 2860 Ταυρομένιον
954 2804 995 2845 δὲ
1019 2809 1094 2846 τῶν
1118 2805 1158 2846 ἐν
1181 2804 1312 2862 ’Υὸλῃ
1341 2806 1443 2862 Ζαγ-

203 2866 350 2908 κλαίων
374 2866 592 2923 (κτίσμα),
614 2866 761 2909 Strabo
779 2881 822 2922 p.
845 2869 941 2909 268.
960 2868 1077 2909 Hanc
1096 2867 1273 2923 Hyblam
1296 2869 1444 2911 Noster

203 2930 429 2971 iia-antem.
454 2942 684 2971 memorare
706 2930 865 2979 omisit;
889 2937 949 2970 est
976 2929 1108 2984 Hybla
1126 2944 1256 2986 prope
1279 2931 1444 2973 AEtnam

204 2990 258 3034 ad
278 2990 532 3048 Symaethum
555 2990 730 3032 fluvium
766 2991 865 3042 sita,
887 3005 980 3046 quae
1007 2989 1031 3042 ἡ
1064 2991 1205 3047 μείζων
1236 3006 1303 3047 ap.
1330 2993 1445 3035 Thu·

198 3052 302 3111 eyd.
334 3055 413 3105 VI,
442 3057 495 3109 94
532 3052 702 3105 dicitur,
733 3053 838 3096 dum
872 3052 997 3095 altera
1028 3063 1155 3109 quam
1189 3055 1446 3109 Megarenses

205 3110 338 3152 Dores
359 3118 665 3167 occupaverant
678 3141 690 3162 ,
709 3108 735 3162 ἣ
756 3108 871 3165 μικρὰ
894 3116 1079 3151 vocatur.
1096 3110 1186 3151 Sec.
1209 3109 1445 3154 Diodorum

204 3172 531 3215 Tauromenium
544 3172 732 3229 Dionysii
744 3171 915 3214 demum
928 3170 1201 3228 temporibus,
1221 3186 1290 3214 an.
1310 3174 1390 3229 396
1405 3189 1442 3217 a.

205 3235 274 3287 (3.,
293 3249 318 3277 a
333 3234 487 3277 Siculis
506 3234 608 3277 urbs
626 3233 825 3276 aedificata
845 3242 921 3277 est.
946 3238 1088 3287 Quare
1113 3235 1183 3276 Du
1199 3234 1320 3277 Tbeil
1334 3235 1446 3292 apud

206 3297 450 3340 Strabonem
461 3295 683 3354 legendum
694 3296 867 3354 putabat
874 3301 950 3339 τῶν
961 3295 1000 3339 ἰν
1009 3295 1141 3355 ‘retu
1150 3296 1338 3340 Σικελῶν.
1349 3301 1448 3353 Quo

207 3373 313 3416 opus
327 3374 413 3402 non
438 3374 525 3402 csse
542 3359 645 3403 dicit
659 3357 967 3412 Groslturdius5
990 3373 1087 3402 nam
1105 3358 1313 3402 Zanclaeos
1334 3359 1447 3402 haud

207 3422 336 3465 dubie
372 3422 496 3465 fuisse
523 3422 681 3466 Siculos
698 3454 710 3475 ,
749 3423 821 3479 qui
855 3421 1005 3465 Zancle
1032 3420 1209 3479 profecti
1240 3430 1283 3465 et
1315 3422 1448 3480 Mylas

158 3518 164 3534 ,
208 3490 250 3524 ει
277 3483 452 3539 Hyblam
482 3486 730 3538 tenuissent,
765 3483 870 3527 adeo
888 3492 937 3527 ut
971 3482 1147 3526 Diodori
1169 3491 1212 3527 et
1234 3483 1447 3527 Strabonis

207 3546 463 3587 narrationes
475 3547 684 3589 conciliari
697 3555 878 3604 possent.
897 3549 1091 3590 Attamen
1105 3545 1322 3589 haecnihili
1333 3555 1445 3590 sunt.

204 3606 314 3648 Nam
336 3621 464 3662 quum
496 3610 644 3651 Noster
665 3619 706 3652 et
734 3610 879 3652 Strabo
905 3609 959 3652 de
988 3609 1135 3652 Siculis
1155 3608 1329 3653 coloniis
1345 3608 1450 3652 adeo

210 3668 320 3711 inter
340 3682 384 3711 se
411 3671 653 3723 concinant,
686 3681 732 3714 ut
753 3688 803 3714 ex
826 3671 972 3715 eodem
995 3672 1178 3715 hausisse
1194 3670 1306 3715 sonte
1323 3685 1449 3730 appa·

210 3738 344 3783 reant,
361 3731 563 3787 Scymnus
577 3742 713 3775 autem
735 3736 1063 3777 Tauromenium
1083 3736 1193 3778 inter
1205 3732 1450 3778 Chalciden·

210 3805 276 3835 ses
307 3792 490 3836 colonias
521 3804 751 3847 recenseat,
789 3806 1110 3840 consentaneum
1150 3805 1214 3840 est
1243 3795 1448 3840 Zanclaeoe

211 3854 403 3912 Hyhloeos
419 3871 487 3915 ap.
511 3858 754 3901 Strabonem
774 3874 856 3900 non
879 3860 1035 3902 Siculos
1058 3860 1163 3913 dici,
1188 3859 1261 3904 sed
1282 3861 1449 3904 Graeoos

212 3917 406 3971 colonos,
422 3922 495 3977 qui
511 3921 839 3963 Tauromenium
866 3922 926 3963 vel
955 3933 1213 3979 occuparunt
1239 3922 1300 3966 vel
1319 3921 1447 3966 aedifi·

213 3990 362 4025 earunt
380 3981 527 4026 eodem
556 3982 642 4027 sere
668 3992 854 4042 tempore
875 3999 961 4043 quo
989 3986 1159 4029 Himera
1181 3985 1349 4030 condita
1365 3994 1442 4029 est.

979 140 1276 190 ANONYMI
1311 140 1507 203 (νυιοο
1540 142 1773 193 senam
1807 144 1963 207 GRH)

2577 149 2652 234 (17,
2669 154 2739 214 ¹⁸³

1505 250 1679 304 Zancle,
1702 259 1745 295 et
1761 252 1915 295 Catane
1935 260 1977 295 et
1994 252 2200 310 Callipolis
2217 268 2410 310 accepere
2427 253 2610 300 colonos.

1506 321 2088 374 Rursusabhisurbesduae,
2110 322 2267 365 Euboea
2284 332 2325 365 et

1505 387 1648 445 Myle,
1667 403 1770 446 quas
1787 398 1937 432 vocant
1948 421 1961 442 ,
1981 399 2078 432 sunt
2094 390 2294 443 eonditoeg

1507 455 1660 499 deinde
1680 457 1850 500 Himera
1865 466 1909 500 et
1923 458 2249 501 Tauromenium
2272 460 2519 512 finitimu1n3
2757 514 2760 519 ἦ
2804 485 2808 503 ,ε

1507 525 1583 567 11ae
1599 539 1744 568 omnes
1764 534 1862 569 sunt
1885 526 2007 569 urbes
2027 528 2375 572 Chalcidensium.
2758 535 2763 540 '
2798 506 2808 576 li

1507 596 1602 637 Jam
1621 609 1721 638 vero
1742 596 1916 639 Doricas
1933 611 2101 654 quoque
2122 612 2285 639 necesse
2306 606 2372 639 est
2390 597 2543 640 dicere.
2789 577 2808 646 i

1508 664 1769 720 Megarenses
1789 665 2061 719 Selinuntem,
2082 667 2201 709 Geloi
2223 667 2499 710 condiderunt
2806 673 2808 678 '

1508 733 1802 789 Agrigentum,
1828 736 2061 779 Messanam
2084 738 2204 778 Iones
2223 751 2272 779 ex
2289 738 2433 789 Samo,

1508 802 1712 857 Syracusii
1729 803 1990 846 camarinam
2007 802 2187 857 dictam;

1509 869 1587 925 ipsi
1605 877 1744 912 autem
1760 870 1869 912 hanc
1888 870 2143 915 sustulerunt
2161 887 2326 917 rursum
2351 874 2537 917 funditus

1509 937 1563 979 ad
1580 951 1652 979 sex
1666 952 1798 980 annos
1815 946 1857 980 et
1877 938 2148 995 quadraginta
2168 941 2407 986 habitatam.

1509 1008 1584 1049 11ae
1601 1007 1727 1062 igitur
1743 1006 1868 1050 urbes
1888 1016 1987 1050 sunt
2001 1009 2273 1062 Graecanicae3

1509 1075 1665 1131 reliqua
1682 1074 1856 1118 barbara
1874 1084 1973 1118 sunt
1989 1076 2188 1133 oppidula
2201 1109 2213 1129 ,

1510 1143 1670 1185 munita
1688 1158 1713 1185 a
1729 1143 2136 1199 Carthaginiensibus
2153 1145 2257 1187 loca.

1509 1211 1625 1253 Italia
1644 1220 1784 1255 autem
1801 1212 1976 1256 finitima
1996 1222 2058 1255 est
2074 1215 2288 1256 OEnotriae
2302 1246 2313 1266 ,

1509 1294 1602 1335 quae
1618 1281 1735 1337 prius
1751 1279 2009 1323 diversarum
2027 1283 2213 1337 gentium
2231 1283 2427 1325 barbaros
2446 1284 2589 1327 habuit
2603 1317 2614 1336 ,

1509 1349 1563 1391 ab
1585 1350 1814 1408 imperante
1835 1351 1939 1392 Italo
1961 1365 2116 1393 nomen

1510 1427 1651 1470 nacta,
1674 1426 1816 1475 postea
1830 1427 1968 1461 autem
1984 1421 2135 1474 Magna
2155 1418 2209 1461 ad
2227 1419 2484 1463 occidentem

1512 1557 1687 1596 Prorsus
1720 1555 1847 1609 igitur
1877 1554 1931 1596 ab
1951 1554 2016 1595 his
2047 1554 2209 1596 diversa
2238 1562 2337 1596 sunt
2365 1568 2457 1610 quae
2487 1554 2674 1597 ducenti»
2710 1567 2746 1598 et
2788 1563 2790 1565 '

1512 1618 1811 1673 quinquaginta
1833 1615 1917 1658 sere
1934 1617 2054 1658 annis
2085 1625 2180 1672 post
2204 1615 2306 1658 sacta
2334 1630 2421 1659 oese
2439 1627 2576 1659 narrat
2596 1619 2750 1660 Diodo-

1510 1693 1597 1721 rus.
1622 1677 1784 1733 Quodsi
1806 1687 2031 1735 utrumque
2053 1693 2303 1735 componere
2336 1679 2449 1731 velis,
2484 1681 2748 1724 statuendum

1512 1740 1618 1782 soret
1632 1741 1960 1783 Tauromenium
1980 1741 2124 1797 priscis
2148 1740 2226 1794 jam
2248 1742 2503 1798 temporibus
2524 1745 2747 1794 exstitisse,

1511 1801 1662 1845 deinde
1673 1817 1771 1845 vero
1785 1802 1988 1855 dirutum,
2003 1803 2191 1859 Dionysii
2205 1802 2386 1860 denique
2404 1806 2662 1861 temporibus
2676 1806 2748 1849 de·

1511 1880 1597 1907 nuo
1614 1880 1703 1908 esse
1719 1865 1982 1908 aedificatum.
2003 1866 2147 1921 Neque
2165 1866 2245 1908 hoc
2259 1865 2363 1909 adeo
2379 1868 2650 1924 improbabile
2663 1884 2750 1912 esse

1511 1929 1777 1979 concesseris,
1804 1929 1837 1969 si
1861 1928 2037 1970 aliorum
2054 1928 2134 1970 sata
2152 1929 2385 1971 Siculorum
2404 1930 2655 1987 oppidorum
2676 1933 2749 1974 ite·
2805 1940 2808 1967 i

1512 2004 1608 2031 rum
1630 1990 1863 2045 iterumque
1883 1988 2120 2032 dirutorum
2150 1999 2556 2048 restauratorumque
2574 2007 2749 2050 perpen-

1512 2050 1636 2093 deris.
1656 2054 1848 2093 Attamen
1872 2050 2176 2094 dubitationem
2192 2062 2331 2095 movet
2351 2068 2431 2095 vox
2451 2054 2620 2111 ἐχομένη
2639 2058 2751 2113 apud

1512 2115 1753 2170 Scymnum.
1771 2114 1879 2155 Nam
1890 2115 2220 2156 Tauromenium
2239 2114 2354 2171 quod
2377 2131 2521 2159 omnes
2538 2119 2749 2171 novimus,

1513 2176 1566 2218 ab
1585 2176 1755 2218 Himera
1784 2175 1900 2218 abest
1915 2175 2165 2231 longissime.
2197 2179 2339 2231 Quare
2366 2178 2560 2236 λεγομένη
2589 2182 2754 2238 scripsit

1512 2237 1767 2290 Meinekius;
1791 2236 1909 2294 quod
1938 2239 2090 2280 imitari
2120 2253 2247 2283 ausus
2277 2254 2364 2282 non
2398 2255 2507 2284 sum.
2533 2243 2641 2287 Nam
2661 2244 2752 2286 fleri

1513 2309 1649 2357 potest
1675 2309 1723 2343 ut
1740 2299 1853 2342 aliud
1881 2314 2053 2357 prorsus
2069 2302 2399 2345 Tauromenium
2428 2303 2543 2347 haud
2563 2305 2685 2362 longe
2698 2307 2752 2349 ab

1487 2416 1490 2420 Δ
1514 2364 1685 2405 Himera
1708 2361 1899 2405 dissitum
1924 2362 1939 2420 (
1959 2362 2057 2406 sort.
2081 2377 2167 2420 quo
2189 2363 2281 2406 loco
2306 2365 2620 2422 Cephaloedium
2637 2381 2663 2411 a
2678 2381 2754 2426 po·

1513 2427 1698 2469 sterioris
1711 2426 1785 2468 aevi
1808 2426 2080 2483 scriptoribus
2097 2427 2382 2485 memoratur)
2402 2427 2621 2482 indicetur,
2637 2430 2755 2488 quod
2795 2473 2798 2478 ,

1514 2504 1612 2531 cum
1646 2497 1746 2531 nota
1773 2489 1940 2531 serioris
1969 2490 2043 2531 aevi
2074 2489 2178 2531 urbe
2199 2489 2347 2532 Strabo
2366 2489 2619 2536 confuderit.
2654 2494 2673 2550 ΙΙ
2696 2516 2755 2528 -

1514 2565 1613 2608 292.
1627 2554 1691 2594 De
1701 2551 1829 2608 ipsius
1840 2551 1951 2593 Gelae
1965 2552 2125 2607 origine
2139 2566 2310 2594 monere
2320 2561 2467 2595 auctor
2480 2554 2671 2610 neglexit.
2689 2558 2754 2602 De

1514 2615 1767 2670 Agrigento,
1797 2615 1986 2656 Messana
2006 2623 2049 2656 et
2079 2615 2300 2656 Camarina
2327 2629 2368 2656 ν.
2394 2615 2531 2658 Thuc.
2559 2617 2635 2669 VI,
2663 2618 2704 2663 5.
2727 2621 2746 2677 ΙΙ
2789 2622 2805 2659 ³,

1512 2702 1570 2710 —
1588 2678 1687 2732 293.
1710 2676 1867 2728 Μέσσην
1886 2675 2000 2727 cod.;
2022 2690 2104 2717 em.
2125 2676 2270 2730 Scalig.
2294 2677 2310 2731 ΙΙ
2332 2680 2501 2731 -294.
2523 2677 2751 2735 Μακαρίναν

1516 2739 1630 2791 cod.;
1653 2753 1736 2781 em.
1754 2738 1945 2792 Scaliger.
1971 2740 1987 2792 ξΙ
2010 2762 2067 2769 -
2095 2742 2191 2792 296.
2225 2737 2404 2780 Condita
2422 2740 2639 2784 Camarina
2666 2757 2750 2788 see.
2797 2767 2802 2786 2

1515 2801 1671 2845 Euseb.
1695 2803 1815 2844 Arm.
1836 2799 1903 2842 Ol.
1923 2801 1993 2850 45,
2017 2800 2058 2841 3.
2082 2800 2161 2854 598
2187 2800 2287 2855 (45,
2309 2812 2335 2841 2
2351 2814 2432 2842 sec.
2455 2802 2699 2861 Hieronym.
2716 2805 2751 2865 );
2780 2802 2808 2867 ff

1516 2865 1652 2922 prima
1672 2861 1761 2919 ejus
1778 2862 1936 2904 eversio
1956 2860 2103 2903 incidit
2121 2863 2163 2903 in
2192 2861 2259 2904 Ol.
2293 2863 2359 2917 57.
2390 2863 2469 2906 552
2485 2895 2496 2916 ,
2516 2880 2598 2908 sec.
2620 2868 2750 2912 schol.
2780 2868 2801 2905 ἲ

1516 2924 1687 2969 Pindar.
1706 2924 1773 2967 ΟΙ.
1795 2925 1851 2975 V,
1882 2927 1946 2965 16.
1967 2922 2264 2966 Intermedium
2286 2924 2411 2979 igitur
2428 2927 2608 2982 spatium
2624 2942 2755 2973 anno-

1517 3002 1612 3030 rum
1630 2986 1897 3044 quadraginta
1926 2999 2013 3027 sex.
2050 2987 2107 3029 V.
2140 2986 2322 3029 Clinton.
2350 2985 2404 3028 ad
2421 3002 2490 3030 an.
2532 2990 2628 3045 599.
2653 2993 2670 3046 ΙΙ
2697 3015 2757 3027 —-
2779 2991 2783 3014 ⁷

1517 3051 1614 3106 295.
1630 3047 1742 3092 αὗται
1758 3050 1878 3106 μόνον
1894 3048 1933 3089 αἶ
1948 3048 2079 3098 πόλεις
2093 3047 2188 3091 εἰσὶν
2205 3048 2403 3102 ἱλληνίδες
2416 3049 2536 3103 eod-3
2553 3066 2634 3095 eni.
2651 3054 2756 3103 Mei-

1517 3112 1677 3154 nekius.
1704 3110 1885 3154 Multum
1906 3109 2021 3152 abest
2052 3118 2099 3152 ut
2125 3124 2270 3152 omnes
2292 3111 2537 3155 Graecorum
2572 3114 2756 3159 colonias

1515 3174 1672 3218 Siculas
1682 3181 1829 3215 auctor
1847 3172 2115 3214 recensuerit.
2139 3169 2231 3228 ΙΙ’-
2248 3174 2344 3216 300.
2366 3172 2485 3217 Italia
2503 3187 2587 3218 sec.
2608 3177 2772 3221 Antio-.

1517 3237 1642 3279 chum
1665 3237 1965 3292 Syracusanum
2006 3233 2020 3290 (
2052 3234 2104 3277 fr.
2130 3237 2155 3285 4
2179 3249 2271 3291 sqq.
2293 3234 2309 3293 )
2345 3249 2414 3293 ap.
2454 3237 2650 3281 strabon.
2673 3237 2775 3294 vlf

1517 3314 1560 3355 p.
1585 3299 1683 3349 254,
1705 3298 1951 3354 Dionysium
1972 3296 2064 3338 Hal.
2086 3299 2122 3348 1,
2152 3297 2202 3339 35
2218 3305 2260 3339 et
2277 3297 2449 3341 Aristot.
2470 3298 2561 3343 Pol.
2585 3300 2685 3353 vn,
2708 3314 2752 3357 9,

1519 3362 1543 3403 3
1570 3361 1752 3417 primum
1770 3368 1859 3402 erat
1892 3374 1940 3401 ea
1959 3359 2174 3402 OEnotriae
2204 3373 2302 3416 pars
2328 3373 2422 3417 que
2447 3359 2547 3404 inde
2566 3375 2593 3405 a
2622 3362 2757 3422 Napa-
2802 3395 2808 3413 ,f

1518 3424 1607 3466 tino
1616 3432 1658 3466 et
1674 3422 1889 3479 Scylletico
1908 3422 2004 3464 sinu
2023 3420 2239 3465 meridiem
2250 3435 2393 3466 versus
2405 3424 2611 3479 excurrit3
2628 3424 2786 3486 ipsiu}

1520 3501 1618 3528 vero
1635 3485 1828 3529 Antiochi
1845 3493 1960 3527 aetate
1978 3484 2103 3527 Italiae
2118 3499 2271 3528 nomen
2278 3484 2366 3543 jam
2380 3486 2615 3544 pertinebat
2768 3487 2788 3543 §j-

1515 3548 1569 3591 ad
1589 3552 1721 3592 Laum
1741 3549 1917 3591 fluvium
1928 3556 1970 3590 et
1982 3549 2301 3605 Metapontium.
2316 3548 2478 3593 Eodem
2490 3548 2752 3597 modoetia-

1516 3610 1807 3668 Thucydidem
1825 3610 2012 3653 statuisse
2038 3610 2138 3653 inde
2157 3610 2378 3667 colligitur,
2408 3610 2524 3668 quod
2541 3613 2753 3670 Mmpoe·
2806 3638 2808 3642 ·

1519 3676 1622 3717 tium
1651 3677 1719 3727 τῆς
1752 3672 1929 3722 Ἰταλίας.
1948 3671 2050 3715 dicit
2071 3672 2200 3730 (vn,
2222 3674 2291 3726 33,
2316 3674 2339 3715 5
2364 3675 2398 3729 ),
2413 3674 2641 3717 Tarentum
2655 3681 2752 3717 m

1519 3737 1694 3792 Iapygia:
1722 3750 1936 3778 accensere
1969 3734 2133 3779 videtur
2154 3738 2260 3790 (VI,
2282 3739 2352 3787 44,
2387 3749 2414 3779 2
2434 3739 2467 3791 ),
2487 3744 2536 3779 ιιι
2564 3744 2751 3792 expr-

1521 3797 1616 3840 facit
1647 3798 1878 3841 Antiochus
1907 3812 1974 3855 ap.
2010 3798 2255 3841 Strabonem
2285 3812 2328 3854 p.
2359 3797 2457 3850 254,
2482 3795 2572 3840 coll.
2603 3809 2647 3853 p.
2677 3796 2761 3856 ⁶7}

1518 3862 1721 3916 scymnus
1756 3870 1894 3902 autem
1931 3860 2185 3917 (Ephorum
2222 3859 2432 3916 sequens)
2463 3858 2515 3901 ab
2547 3850 2784 3901 Andeda*

1517 3932 1683 3964 eatenus
1699 3922 1903 3974 dissentit,
1927 3922 2043 3979 quod
2057 3923 2284 3965 Tarentum
2307 3921 2452 3963 urbem
2476 3917 2602 3962 Italic
2618 3924 2752 3977 mue

1519 3995 1699 4029 mci-aiv.
1721 3987 1815 4030 330.
1842 3985 1895 4029 cs.
1924 4000 1962 4029 v.
1990 3986 2084 4029 361.
2109 3986 2126 4041 11
2148 4008 2205 4017 -
2220 3985 2316 4029 301.
2335 3998 2376 4027 τι
2392 3981 2574 4039 πρότερον
2592 3972 2746 4026 eodem
