2808 4342
960 141 1342 207 STADIASMUS
1375 146 1565 192 MARIS
1602 148 1800 194 MAGNI

180 257 258 286 203.
297 239 396 286 Ἀπὸ
426 239 696 295 νησιαζούσης
730 240 857 303 ἄκρας
890 243 944 294 εἷς
975 245 1222 290 Σελινοῦντα
1246 244 1352 291 στά-

115 310 192 354 διοι
220 310 268 372 ρ’.

177 395 253 425 204.
289 377 388 424 Ἀπὸ
405 379 664 432 Σελινοῦντος
680 379 747 429 ἐπὶ
756 379 823 425 τὸν
841 379 1079 441 Ἀκάμαντα
1094 385 1163 437 τῆς
1181 381 1352 445 Κύπρου

116 446 272 493 στάδιοι
297 446 395 509 ‘otc'-

176 533 252 563 205.
292 515 390 561 Ἀπὸ
410 515 451 561 δὲ
472 518 734 569 Σελινοῦντος
750 520 805 568 εἷς
824 517 1010 568 Ναύλους
1028 517 1187 563 στάδιοι
1208 519 1284 580 ρκ’.

175 601 255 631 206.
294 583 393 630 Ἀπὸ
412 587 491 629 τῶν
516 583 694 630 Ναύλων
715 584 781 628 ἐπὶ
804 584 955 647 χωρίον
978 585 1195 645 λεγόμενον
1214 586 1348 649 Λαέρ-

111 670 184 707 την
203 652 270 698 ἐπὶ
294 653 502 709 θαλάσσης
525 654 682 698 στάδιοι
704 652 782 699 τκ’.
1141 651 1150 657 ’

174 738 250 768 207.
285 721 383 766 Ἀπὸ
407 721 592 783 Λαέρτου
609 723 666 772 εἷς
692 721 952 783 Κορακήσιον
973 722 1130 767 στάδιοι
1155 723 1204 783 ρ’.

173 807 249 836 208.
285 789 384 836 Ἀπὸ
420 789 681 850 Κορακησίου
720 793 775 842 εἷς
805 789 984 847 Αὔνησιν
1023 792 1075 851 (⁴‘
1101 793 1167 836 ἐπὶ
1201 791 1349 854 χωρίον

49 876 87 906 10
110 858 334 919 Ἁμαξίαν)
359 859 516 904 στάδιοι
539 859 601 905 π’.

109 1000 218 1033 recte
239 991 387 1043 habet,
420 1001 561 1033 nostro
589 993 680 1033 loco
710 994 813 1034 illud
831 994 1155 1048 intelligendum,
1188 994 1301 1048 quod
1326 1009 1349 1035 a

106 1054 316 1096 Selinunte
335 1055 450 1096 abest
461 1057 665 1111 proxime.

163 1119 186 1170 S
209 1121 306 1160 203.
332 1117 472 1158 Σελιν
484 1120 566 1159 οῦν
580 1120 663 1173 τα]
686 1118 932 1171 Σεληνοῦντα
948 1128 988 1159 et
1007 1121 1121 1171 §204
1138 1119 1350 1171 Σεληνοῦν-

107 1194 171 1226 τος
198 1179 344 1221 codex.
368 1178 486 1220 Idem
501 1180 646 1220 vitium
667 1179 791 1221 codd.
814 1181 971 1221 Chron.
990 1180 1173 1222 Paschal.
1190 1195 1233 1235 p.
1267 1182 1346 1235 473

106 1239 174 1281 ed.
214 1242 350 1282 Bonn.
379 1250 420 1282 et
446 1256 514 1296 ap.
554 1243 707 1296 Geogr.
734 1244 836 1284 Rav.
863 1244 919 1293 V,
947 1257 971 1297 7
1002 1243 1102 1296 (ubi
1122 1242 1344 1293 Seleuceam,

106 1301 207 1342 dum
223 1311 333 1344 recte
355 1303 460 1345 Tab.
486 1306 606 1344 Peut.
625 1304 828 1345 Selinunte
850 1306 882 1358 ).
909 1303 972 1345 Cf.
995 1303 1048 1345 de
1066 1304 1170 1345 urbe
1198 1304 1242 1344 in
1265 1303 1347 1345 alto

104 1366 395 1421 promontorio
423 1366 500 1407 sita
524 1368 539 1416 (
561 1381 688 1420 quare
716 1382 871 1408 nomen
905 1382 930 1407 a
957 1367 1072 1417 Sela,
1099 1367 1129 1408 i.
1152 1381 1191 1407 e.
1226 1380 1346 1422 rupe,

104 1424 275 1467 deducit
313 1429 478 1468 Movers
512 1429 540 1469 l.
563 1428 589 1468 l.
632 1443 674 1484 p.
711 1432 837 1484 174),
873 1444 957 1470 non
979 1429 1098 1483 longe
1120 1444 1144 1470 a
1162 1429 1345 1480 fluviolo,

105 1488 264 1544 Scylax,
284 1491 427 1531 Livius
438 1492 639 1542 XXXIII,
666 1505 735 1542 2ο,
756 1492 912 1534 Plinius
926 1494 983 1543 V,
1002 1505 1070 1542 22,
1089 1492 1345 1543 Ptolemaeus,

105 1551 366 1595 Constantin.
391 1553 540 1594 Them.
566 1556 601 1604 Ι,
626 1567 690 1604 12,
712 1569 753 1609 p.
779 1555 830 1596 38
851 1568 860 1595 :
888 1554 1088 1605 Σελινοῦς,
1121 1553 1254 1610 μικρὸν
1277 1570 1347 1596 πο-

104 1612 309 1669 λισμάτιον
330 1615 394 1656 καὶ
426 1616 601 1671 ποταμὸν
631 1616 838 1671 ὁμώνυμον
866 1615 1040 1671 ἕχουσαε
1070 1631 1120 1656 ex
1149 1631 1234 1670 quo
1256 1616 1347 1657 loco

104 1685 215 1730 patet
239 1692 376 1719 errare
409 1679 652 1720 Cramerum
681 1680 724 1718 in
745 1679 854 1720 notis
882 1678 935 1719 ad
958 1678 1148 1719 Strabon.
1181 1692 1224 1732 p.
1248 1682 1344 1732 669,

106 1739 178 1779 ubi
196 1739 416 1793 legendum
431 1749 491 1781 est
516 1753 526 1781 :
550 1740 754 1790 Σελινοῦς,
784 1739 1018 1795 [πολίχνιον
1039 1739 1135 1794 καὶ]
1159 1740 1344 1794 ποταμός.

103 1803 183 1842 Per
201 1810 363 1856 tempus
382 1801 549 1856 aliquod
562 1802 662 1842 urbs
679 1801 965 1857 Trajanopolis
980 1801 1091 1842 dicta
1102 1800 1154 1842 de
1168 1800 1347 1856 Trajano

102 1862 160 1903 ibi
200 1871 382 1905 mortuo.
427 1865 483 1905 V.
543 1864 624 1904 Dio
673 1865 868 1915 LXVIII,
917 1865 983 1905 33.
1028 1864 1091 1905 Cf.
1138 1865 1347 1906 Hierocles

103 1939 146 1980 p.
177 1928 255 1980 708
286 1934 327 1967 et
342 1941 433 1981 quae
452 1926 510 1967 ibi
527 1926 830 1981 Wesselingius
847 1927 968 1968 affert
996 1942 1018 1968 e
1040 1927 1189 1967 Basilio
1209 1927 1346 1968 Seleu·

103 1989 215 2029 censi
238 1991 300 2029 De
315 1990 459 2030 mirac.
485 1990 623 2031 Sanct.
644 1989 807 2031 Theclae
826 1992 881 2040 II,
905 2005 942 2030 c.
968 2003 1014 2031 11
1035 2003 1044 2030 z
1070 1989 1251 2038 Σελινοῦς
1267 1989 1347 2031 ἐστὶ

67 2059 70 2062 ’
101 2050 213 2099 πόλις
226 2050 340 2106 μικρὰ
358 2051 425 2107 μὲν
438 2051 505 2093 καὶ
518 2051 685 2107 ἐφάλιος,
704 2053 866 2108 μεγίστη
880 2052 972 2094 ποτὲ
986 2052 1052 2094 καὶ
1067 2052 1346 2108 εὖδαιμονοῦσα

101 2112 146 2154 τὸ
163 2113 249 2168 πρὶν
264 2113 321 2155 ἐπ’
343 2113 508 2169 εἰρήνης,
524 2114 723 2170 ἐπίφθονος
743 2114 783 2156 δὲ
796 2115 861 2156 καὶ
874 2116 962 2156 τότε
978 2114 1044 2156 καὶ
1063 2118 1128 2155 νῦν
1145 2111 1243 2155 οῦσα
1265 2116 1347 2162 τοῖς

101 2175 314 2232 πολεμίοις.
329 2176 481 2229 Ταύτην
497 2180 702 2232 τοιγαροῦν
716 2177 964 2218 καὶθάλαττα
982 2176 1048 2231 μὲν
1065 2176 1342 2226 ὗποζώννυσιν,

7 2255 24 2266 “
98 2240 228 2294 ὥσπερ
244 2255 299 2287 τις
320 2238 628 2294 περιεληλαμένη
645 2241 783 2295 τάφρος
813 2239 1129 2294 άχειροποίητος·
1161 2239 1227 2279 καὶ
1252 2256 1344 2294 κρη-

105 2301 196 2355 μνὸς
212 2300 252 2341 δὲ
263 2300 591 2356 ὃπερανεστηκὼς,
613 2302 781 2356 καθάπερ
801 2317 837 2341 τι
852 2302 989 2356 κράνος
1004 2298 1190 2355 κεφαλὴν,
1204 2300 1345 2355 φυλάτ-

102 2376 160 2402 τει
180 2377 219 2402 τε
241 2362 306 2403 καὶ
330 2361 373 2402 οὖ
406 2364 515 2403 ποιεῖ’
538 2362 737 2417 πολεμίοις
768 2362 990 2417 ἐπίδρομον.
1024 2363 1147 2402 Nune
1171 2362 1340 2403 Selindc'.

105 2427 167 2464 De
186 2425 318 2466 ruinis
342 2439 382 2465 v.
406 2425 618 2466 Beausort.
643 2440 686 2480 p.
713 2427 806 2466 181.

158 2490 180 2539 §
218 2491 314 2530 204.
346 2486 461 2543 ,ας-’]
484 2488 692 2543 Scriptum
726 2487 850 2528 suerit
868 2484 944 2543 ‘ab'
965 2487 1026 2527 vel
1048 2486 1133 2543 ,αξ’.
1160 2487 1345 2528 Debebat

99 2556 245 2588 auctor
283 2548 346 2604 ψ’;
377 2557 439 2589 tot
476 2550 587 2589 enim
618 2557 738 2598 sunt;
775 2558 816 2589 at
837 2549 1038 2589 consentit
1061 2563 1155 2589 cum
1194 2550 1345 2590 Nostro

100 2609 247 2651 Strabo
274 2624 315 2666 p.
347 2613 427 2652 682
458 2624 467 2651 :
497 2611 519 2651 ὁ
545 2610 586 2652 δὲ
610 2610 781 2667 Ἀκάμας
818 2610 1025 2652 ἀνατείνων
1050 2611 1140 2666 πρὸς
1169 2611 1341 2666 ἄρκτους,

103 2672 301 2728 ἐγγυτάτω
324 2672 390 2728 μὲν
427 2673 519 2728 πρὸς
548 2664 783 2715 Σελινοῦντα
809 2676 877 2726 τῆς
901 2674 1089 2729 Τραχείας
1112 2673 1283 2721 Κιλικίας
1305 2675 1343 2715 ἐν

101 2736 281 2792 διάρματι
296 2736 449 2791 χιλίω
463 2751 482 2777 ν
504 2738 685 2788 σταδίων,
710 2737 804 2793 πρὸς
825 2737 942 2789 Σίδην
973 2736 1013 2777 δὲ
1026 2739 1098 2788 γτῆς
1119 2737 1345 2792 Παμφυλίας

100 2798 241 2853 χιλίων
262 2799 327 2840 καὶ
348 2798 554 2847 ἑξακοσίων
593 2799 703 2857 (fig-¹
720 2815 801 2842 sec.
826 2799 921 2841 cod.
947 2797 1165 2840 Stadiasm.
1191 2802 1213 2851 5
1236 2799 1313 2840 215
1330 2832 1341 2850 ‚

100 2859 174 2900 ubi
192 2859 270 2913 leg.
296 2861 373 2901 erit
398 2875 448 2901 ex
464 2862 665 2902 Strabone
685 2860 817 2918 1⁰‘X⁷)2
843 2861 935 2916 πρὸς
958 2860 1181 2908 Χελιδονίας
1202 2860 1342 2915 χιλίων

101 2920 336 2963 ἐννακοσίων
356 2916 471 2979 (Ιαω’
488 2938 569 2964 sec.
592 2923 704 2964 Stad.
725 2924 841 2976 §233
860 2923 893 2979 ).

155 2988 181 3037 S
208 2989 305 3027 205.
348 2983 455 3027 Ἀπὸ
485 2985 536 3026 δὲ
562 2985 923 3040 Σελινοῦντος]
958 2984 1032 3026 ἀπὸ
1065 2984 1106 3025 δὲ
1140 2987 1208 3025 τοῦ
1243 2983 1345 3026 Ἀκά-

103 3062 245 3102 μαντος
264 3046 410 3088 codex.
438 3049 454 3102 Η
487 3072 544 3080 -
579 3047 650 3096 εἰς
669 3047 913 3102 Ναύλους]
946 3048 1109 3088 Nomen
1138 3047 1342 3100 ignotum.

101 3109 227 3165 Apud
247 3110 516 3151 Ptolemaeum
540 3109 688 3152 eodem
717 3110 802 3151 fere
832 3109 1046 3150 intervallo
1071 3108 1085 3165 (
1108 3117 1223 3164 parte
1255 3123 1345 3162 gra-

102 3169 180 3211 dus
201 3171 349 3228 tertia)
368 3173 555 3227 sequitur
583 3171 750 3224 Ἷωτάπη
767 3202 778 3222 ,
805 3186 932 3226 quam
947 3172 1139 3212 novimus
1153 3172 1279 3212 etiam
1295 3186 1345 3212 ex

99 3233 260 3274 Concil.
289 3233 541 3275 Chalcedon.
575 3249 618 3290 p.
646 3234 743 3289 659,
773 3234 962 3276 Hierocle
988 3233 1096 3290 (ubi
1134 3232 1291 3286 Ἰοτάπη
1309 3235 1342 3288 ),

98 3296 337 3351 Geograph.
359 3299 461 3337 Rav.
479 3298 536 3346 V,
566 3312 589 3351 7
616 3299 631 3349 (
643 3298 864 3347 Selenunte,
890 3300 1053 3353 lotape,
1076 3296 1255 3352 Syedra,
1276 3300 1346 3338 Co-

27 3369 30 3370 ’
101 3358 306 3399 racesium
328 3360 361 3412 ),
387 3367 428 3399 et
456 3358 568 3413 apud
590 3359 770 3400 Plinium
791 3361 846 3410 V,
876 3373 945 3409 22,
972 3363 994 3412 S
1018 3361 1103 3413 92(
1124 3359 1196 3401 ubi
1219 3359 1344 3401 codd.

109 3421 235 3469 Tebe,
273 3421 427 3471 Thebe,
456 3420 616 3469 Thabe,
652 3421 849 3470 Thambe,
881 3422 1133 3478 Exaelzabe)
1162 3422 1347 3477 reposuit

102 3482 359 3524 narduinus.
401 3483 612 3536 Quaeritur
640 3497 691 3524 an
728 3482 880 3523 Ναῦλοι
909 3482 1125 3524 Stadiasmi
1161 3481 1343 3538 ejusdem

102 3544 182 3586 loci
208 3560 360 3587 nomen
382 3545 591 3587 diversum
606 3576 618 3596 ,
640 3554 736 3595 aut,
759 3554 805 3586 ut
822 3560 898 3599 ego
920 3553 1044 3600 put0,
1071 3545 1184 3586 locus
1206 3547 1345 3600 proxi-

102 3621 197 3648 mus
219 3607 355 3650 suerit.
389 3608 516 3664 Apud
543 3608 797 3663 Stephanum
831 3610 929 3663 Byr..
959 3607 1136 3661 legitur:
1165 3607 1341 3663 Σύαγρα,

103 3669 248 3725 χωρίον
270 3671 442 3719 Κιλικίας
472 3670 637 3723 πλησίον
672 3670 784 3711 ’Ἀδου
805 3670 870 3711 καὶ
901 3670 1090 3724 Λαέρτου,
1116 3671 1158 3710 in
1192 3671 1344 3725 quibus

100 3731 259 3788 Σύαγρα
280 3732 390 3774 idem
420 3733 568 3788 procul
588 3732 717 3774 dubio
744 3733 857 3773 locus
885 3740 945 3772 est
966 3733 1074 3772 inter
1101 3734 1276 3787 Jotapen
1305 3742 1344 3774 et

105 3794 295 3835 Laertem
334 3794 518 3845 medius,
559 3796 630 3849 qui
665 3795 752 3835 aliis
790 3802 961 3834 vocatur
998 3794 1164 3848 Σύεδρα,
1213 3809 1343 3849 eoque

102 3857 273 3898 momine
292 3857 404 3913 apud
418 3858 557 3913 ipsum
574 3859 697 3898 etiam
725 3857 977 3912 Stephanum
998 3871 1037 3896 v.
1054 3856 1201 3911 Σόεδρα
1222 3872 1244 3897 e
1266 3859 1342 3897 Ca-

102 3918 258 3971 1pitonis
297 3920 486 3960 Isauricis
526 3928 794 3961 memoratur.
828 3922 924 3972 Quo
959 3933 1178 3969 concesso,
1218 3918 1343 3960 facilis

101 3978 343 4034 conjectura
367 3990 428 4023 est
452 3982 497 4023 in
516 3982 650 4024 verbis
678 3981 859 4035 πλησίοΝ
890 3981 1008 4023 ’ΆΑου
1032 3981 1156 4023 latere
1178 3981 1341 4034 πλησίον

2573 165 2684 204 487.

1481 257 1580 297 203.
1620 259 1654 298 Α
1695 258 1984 312 promontorio
2025 258 2277 313 peninsulari
2319 259 2372 300 ad
2408 260 2661 304 Selinuntem

1423 323 1553 364 stadia
1579 338 1672 366 100.

1480 397 1575 443 204.
1609 396 1645 435 A
1663 395 1873 457 Selinunte
1891 394 1943 436 ad
1962 398 2229 437 Acamantem
2243 429 2255 448 ,
2274 399 2398 453 Cypri
2417 409 2658 454 promonto-

1422 449 1547 500 rium,
1569 449 1697 491 stadia
1721 455 1840 492 1006.

1477 518 1574 560 205.
1606 521 1643 560 A
1665 519 1874 560 Selinunte
1893 519 1945 560 ad
1964 520 2117 562 Naulos
2132 519 2261 562 stadia
2285 535 2378 564 120.

1477 592 1573 628 206.
1604 591 1641 627 A
1662 587 1802 627 Naulis
1821 587 1873 628 ad
1892 588 2028 629 locum
2056 589 2336 640 maritimum,
2363 603 2487 644 quem
2510 600 2658 632 vocant

1421 657 1611 705 Laerten,
1637 653 1767 695 stadia
1789 667 1842 696 20
1872 654 1959 710 (κ’).

1476 737 1572 776 207.
1606 730 1642 763 Α
1665 724 1810 763 Laerte
1826 722 1879 763 ad
1898 724 2159 764 Coracesium
2184 723 2313 765 stadia
2339 738 2431 766 100.

1477 794 1572 833 208.
1596 794 1631 832 Α
1654 792 1869 832 Coraeesio
1889 791 1940 832 ad
1963 793 2147 833 Aunesin
2168 792 2309 845 (Hinc
2323 793 2382 833 ad
2400 795 2657 836 Hamaxiam

1366 861 1368 864 ’
1422 860 1552 900 locum
1573 858 1910 900 mediterraneum
1933 858 2076 900 stadia
2099 862 2182 913 40)
2206 859 2336 900 stadia
2359 863 2426 902 80.

1419 993 1565 1034 ΝΑΛου
1595 993 1657 1033 vel
1686 992 1858 1033 Ναύλου.
1883 994 1933 1033 In
1959 994 2109 1033 Leonis
2126 994 2327 1047 Sapientis
2346 994 2488 1035 Indice
2508 997 2650 1038 eccles.

1417 1069 1460 1110 p.
1486 1058 1539 1104 46
1555 1054 1622 1099 ed,
1646 1053 1760 1095 Tafel
1779 1055 1885 1095 inter
1904 1056 2115 1109 episcopos
2130 1064 2394 1096 recensentur
2412 1070 2422 1097 ε
2440 1057 2461 1096 ὁ
2486 1058 2656 1112 Κορακη-

1418 1118 1522 1167 σίου,
1550 1117 1570 1157 ὁ
1593 1117 1787 1172 Συνέδρων
1816 1116 1828 1171 (
1848 1117 1876 1158 l.
1899 1117 2070 1172 Συέδρων
2087 1119 2119 1171 ),
2142 1117 2162 1156 ὁ
2185 1117 2355 1158 Μύλων
2379 1117 2466 1169 ἤτοι
2497 1118 2655 1161 Ἰουστι-

1419 1178 1713 1226 νιανουπόλεως.
1743 1181 1806 1218 De
1824 1178 1901 1218 hac
1918 1178 2123 1234 Mylarum
2149 1179 2250 1220 urbe
2269 1194 2352 1220 non
2375 1189 2558 1232 constat,
2577 1184 2655 1224 nisi

1418 1240 1533 1296 quod
1551 1241 1724 1281 eandem
1742 1240 1868 1281 habes
1884 1241 1927 1280 in
1952 1242 2083 1282 Notit.
2107 1241 2263 1282 Eccles.
2298 1241 2364 1283 ed.
2386 1244 2532 1294 Goar.,
2553 1245 2651 1286 ubi:

1418 1304 1610 1360 Μυλόμην
1631 1301 1718 1354 ἤτοι
1742 1302 2058 1343 Ἰουστινόπολιν.
2082 1303 2274 1343 Ceterum
2306 1313 2400 1358 post
2421 1305 2471 1346 85
2503 1321 2525 1347 a
2557 1308 2655 1349 Seli·

1418 1375 1548 1408 nunte
1573 1364 1703 1406 stadia
1732 1365 1865 1406 ruinae
1892 1372 2118 1405 occurrunt
2132 1395 2143 1414 ,
2162 1378 2253 1419 quae
2270 1365 2322 1405 ad
2344 1368 2520 1421 Jotapen
2550 1369 2653 1409 refe-

1418 1429 1556 1470 rendae
1575 1443 1661 1470 esse
1678 1427 1886 1469 videntur.
1903 1427 2048 1469 Paucis
2063 1426 2286 1482 interjectis
2303 1427 2444 1469 stadiis
2465 1429 2542 1470 alia
2560 1440 2655 1472 sunt

1417 1492 1568 1533 rudera
1579 1523 1589 1542 ,
1607 1505 1708 1547 quas
1726 1489 1972 1531 vindicarim
1991 1489 2172 1546 Syedris.
2192 1491 2315 1531 Hune
2333 1504 2500 1546 quoque
2519 1492 2654 1534 locum

1417 1556 1566 1596 Noster
1577 1555 1730 1604 omisit,
1741 1552 1812 1594 sed
1831 1561 2063 1594 memorant
2074 1552 2331 1604 Ptolemaeus,
2355 1555 2506 1608 Geogr.
2532 1557 2651 1606 Ravq

1418 1617 1661 1672 Stephanus,
1675 1615 1932 1671 Epiphanius
1943 1615 1986 1655 in
2002 1614 2117 1670 praef.
2132 1614 2185 1655 ad
2200 1617 2397 1656 Ancorat.
2413 1617 2430 1669 (
2446 1616 2519 1657 ubi
2541 1617 2655 1658 Σούε-

1417 1680 1488 1734 δρα
1507 1679 1540 1735 ),
1562 1681 1756 1720 Lucanus
1773 1679 1892 1728 VIII,
1907 1676 1986 1731 259
2008 1679 2023 1731 (
2036 1676 2265 1733 parvisque
2281 1677 2442 1732 Syedris
2456 1680 2488 1732 ),
2510 1678 2655 1720 Florus

1416 1743 1493 1791 VI,
1516 1754 1540 1781 2
1563 1742 1579 1794 (
1591 1741 1757 1796 pulsum
1778 1737 1999 1794 Pompejus
2025 1753 2101 1789 se„
2118 1738 2292 1793 Syedris,
2316 1739 2472 1780 deserto
2503 1740 2656 1783 Ciliciae

1415 1803 1582 1859 scopulo
1598 1805 1630 1856 )‚
1651 1802 1860 1843 Hierocles
1881 1815 1925 1856 p.
1952 1803 2048 1851 682,
2073 1803 2159 1842 Leo
2174 1802 2268 1856 Sap.
2293 1802 2321 1842 l.
2346 1801 2374 1843 l.

1474 1868 1496 1918 §
1530 1868 1627 1908 206.
1667 1864 1914 1919 Λαέρτην]
1942 1863 2113 1918 Λάεργον
2136 1865 2219 1915 et§
2252 1875 2331 1918 207
2377 1862 2451 1904 ἀπὸ
2485 1865 2655 1921 Λαέργου

1417 1925 1564 1967 codex.
1594 1925 1740 1967 Strabo
1771 1938 1780 1966 :
1811 1925 1999 1980 Λαέρτης,
2024 1924 2201 1979 φρουρίον
2233 1923 2294 1965 ἐπὶ
2321 1925 2442 1980 λόφου
2481 1941 2656 1981 μαστοει-

1417 1989 1524 2040 δοῦς,
1547 1988 1716 2044 ῦφορμον
1754 1986 1863 2042 ἔχον.
1883 1988 1943 2028 St.
1974 1989 2022 2027 B.
2055 2002 2088 2027 S.
2112 2001 2153 2027 V.
2181 2001 2233 2027 ex
2254 1986 2489 2028 Alexandro
2506 1989 2650 2044 Polyh.

1418 2053 1591 2092 Laerten
1622 2059 1663 2091 et
1687 2058 1875 2091 montem
1904 2057 1944 2089 et
1981 2048 2128 2089 urbem
2164 2047 2247 2088 diei
2282 2048 2419 2089 refert.
2454 2051 2655 2092 Novimus

1416 2113 1646 2167 Diogenem
1666 2113 1892 2153 Laertium.
1915 2109 2040 2165 Apud
2062 2109 2329 2151 Ptolemaeum
2348 2112 2493 2166 Λαέρτη
2532 2112 2545 2167 (
2563 2114 2652 2167 sic)

1415 2182 1474 2215 est
1495 2174 1609 2214 locus
1624 2173 1964 2214 mediterraneus.
1987 2169 2187 2225 ς’Υιρορμον
2207 2171 2414 2225 praebebat
2429 2173 2542 2226 quod
2557 2188 2654 2228 pro-

1414 2237 1524 2277 xime
1557 2237 1743 2291 sequitur
1769 2234 2126 2289 promontorium;
2161 2247 2284 2286 supra
2314 2232 2358 2272 id
2390 2233 2535 2275 ruinae.
2572 2238 2653 2276 Pro

1414 2307 1612 2354 corrupto
1631 2296 1859 2339 stadiorum
1882 2309 2056 2335 numero
2076 2298 2132 2334 τκ’
2154 2295 2240 2347 lege
2259 2293 2312 2349 μ’,

1471 2363 1493 2412 5
1519 2365 1617 2402 207.
1645 2357 1900 2413 Κορακήσιον,
1934 2356 2035 2397 hod.
2063 2356 2210 2410 Alaja,
2242 2356 2323 2395 situ
2352 2370 2427 2397 suo
2455 2358 2648 2409 notabile,

1413 2423 1589 2477 φρούριον
1603 2422 1802 2477 ἱδρυμένον
1818 2419 1879 2461 ἐπὶ
1890 2420 2024 2474 πέτρας
2041 2418 2263 2473 ἀπορρῶγος
2280 2417 2293 2472 (
2309 2418 2455 2458 Strabo
2465 2432 2508 2473 p.
2524 2422 2603 2461 668
2615 2422 2648 2474 );

1413 2483 1523 2538 apud
1547 2484 1790 2525 Strabonem
1816 2490 1857 2522 et
1886 2481 2152 2522 Ptolemaeum
2175 2488 2381 2520 extremus
2418 2480 2530 2521 loeus
2553 2482 2651 2522 Cili-

1414 2547 1501 2587 ciae.
1517 2546 1581 2587 Cf.
1600 2548 1691 2587 Liv.
1705 2544 1905 2592 XXXIII,
1921 2557 1995 2593 203
2012 2543 2221 2584 Plutarch.
2235 2544 2433 2597 Pomp-y.
2455 2545 2507 2584 28
2523 2560 2534 2593 ;
2553 2545 2650 2584 Hie·

1413 2609 1541 2648 rocles
1561 2623 1603 2663 p.
1627 2610 1728 2658 682,
1754 2608 1807 2648 G.
1834 2607 1933 2646 Rav.
1957 2607 2012 2655 V,
2032 2620 2083 2660 75
2102 2604 2296 2645 Beaufort
2319 2618 2362 2660 p.
2389 2608 2491 2654 1063
2517 2605 2651 2646 Leake

1413 2686 1455 2726 p.
1482 2671 1575 2712 125.
2583 2712 2590 2717 ,

1471 2737 1492 2786 S
1513 2738 1611 2776 208.
1645 2732 1695 2781 εἷς
1720 2731 1884 2784 Αὕνησιν
1907 2731 1967 2772 ἐπὶ
1988 2730 2133 2785 χωρίον
2155 2728 2321 2776 Ἀνάξιον
2350 2729 2459 2769 σταδ.
2480 2728 2533 2769 π’.
2566 2729 2650 2770 Ἀπὸ

1419 2795 1590 2844 Ἀναξίων
1609 2795 1658 2843 εἰς
1672 2796 1718 2836 Χ.
1737 2795 1823 2836 κτλ.
1844 2793 1990 2835 codex.
2014 2795 2096 2834 Pro
2117 2791 2283 2840 Ἀνάξιον
2299 2806 2322 2832 e
2337 2791 2537 2832 Strabone
2555 2791 2650 2832 dedi

1420 2857 1611 2914 Ἁμαξίαν.
1636 2859 1828 2899 Ceterum
1843 2865 1954 2912 patet
1972 2854 2128 2909 majori
2142 2854 2372 2908 corruptela
2390 2854 2526 2895 locum
2541 2855 2651 2895 labo-

1413 2935 1519 2971 rare,
1534 2934 1783 2976 quamquam
1804 2918 1906 2973 quid
1921 2917 2128 2972 scripserit
2142 2924 2289 2957 auctor
2304 2916 2452 2956 certius
2470 2916 2551 2956 dici
2562 2915 2647 2969 jam,

1413 2984 1571 3037 nequit.
1596 2983 1735 3023 Potuit
1768 2995 1777 3022 t
1805 2980 1879 3022 ἀπὸ
1910 2979 2149 3035 Κορακησίου
2184 2978 2234 3026 εἷς
2262 2976 2425 3029 Αὕνησιν
2456 2979 2473 3029 (
2495 2977 2648 3018 Ἔπάνω

1415 3043 1495 3085 ἐστὶ
1509 3060 1552 3099 χ.
1579 3042 1743 3099 Ἅμαξία,
1764 3043 1827 3083 vel
1844 3043 1983 3083 ’Ένθεν
1997 3041 2058 3082 ἐπὶ
2074 3056 2117 3095 χ.
2144 3039 2193 3080 Ἁ.
2210 3040 2358 3080 στάδιοι
2377 3039 2427 3092 μ’,
2451 3038 2511 3079 vel
2536 3037 2647 3078 Ἐστὶ

1414 3107 1455 3148 δὲ
1484 3108 1629 3163 χωρίον
1657 3105 1860 3161 Ἁμαξίας)
1903 3105 2049 3145 στάδιοι
2094 3102 2148 3143 π’.
2198 3100 2285 3143 ’Aah
2317 3099 2516 3151 Λῦνήσεως
2556 3101 2643 3141 κτλ.

1413 3171 1568 3219 Scriba,
1591 3182 1719 3224 quum
1749 3167 1937 3222 proxime
1964 3164 2174 3205 Hamaxiae
2204 3176 2355 3203 nomen
2382 3160 2644 3216 praecederet,

1413 3249 1490 3290 pro
1518 3232 1592 3274 ἀπὸ
1628 3229 1826 3282 Αὖνήσεως
1858 3228 1962 3268 male
1991 3226 2152 3267 dederit
2189 3224 2264 3266 ἀπὸ
2298 3222 2491 3279 Ἃμαξίας,
2516 3222 2647 3278 cujus-

1414 3296 1529 3338 modi
1561 3307 1743 3335 errorem
1772 3291 1917 3345 saepius
1940 3288 2027 3344 jam
2067 3286 2260 3328 vidimus.
2286 3289 2348 3327 De
2370 3287 2569 3327 Hamaxia
2593 3288 2646 3327 ita

1414 3358 1558 3400 Strabo
1593 3370 1635 3411 p.
1666 3359 1743 3407 669
1786 3367 1794 3394 :
1825 3351 1936 3394 Μετὰ
1969 3350 2014 3392 τὸ
2034 3349 2273 3404 Κορακήσιον
2300 3348 2524 3405 (orientem
2559 3362 2647 3388 ver*-

1414 3421 1511 3476 sus)
1538 3418 1708 3474 Ἀρσινόη
1742 3415 1873 3464 πόλις,
1897 3413 1970 3454 εῗθ’
2008 3411 2184 3467 Ἁμαξία,
2211 3411 2272 3453 ἐπὶ
2292 3411 2430 3466 βουνοῦ
2467 3412 2645 3452 κατοικία

1415 3499 1470 3530 τις
1504 3482 1673 3537 ὕφορμον
1712 3478 1878 3532 ἔχουσα,
1923 3477 2018 3516 ὅπου
2055 3475 2263 3528 κατάγεται
2302 3472 2326 3525 ᾗ
2357 3472 2647 3527 ναυπηγήσιμος

1415 3545 1521 3596 ὕλη..
1559 3542 1644 3583 εἶτα
1680 3541 1859 3594 Λαέρτης.
1888 3540 1936 3578 In
1961 3536 2025 3577 his
2057 3534 2226 3591 Ἁμαξίαν
2251 3535 2355 3576 male
2382 3536 2482 3590 poni
2513 3550 2537 3575 a
2566 3536 2645 3575 Co-

1414 3607 1567 3648 racesio
1606 3604 1806 3644 orientem
1838 3614 1977 3640 versus
2004 3606 2258 3640 monuerunt
2286 3597 2362 3638 viri
2400 3596 2525 3646 docti,
2557 3605 2642 3637 tum

1414 3668 1627 3710 Stadiasmi
1661 3663 1895 3705 testimonio
1924 3663 2164 3711 innitentes,
2187 3669 2275 3702 tum
2296 3661 2508 3702 ruinarum
2539 3658 2643 3697 indi-

1414 3732 1500 3772 ciis.
1534 3729 1614 3770 Vix
1638 3728 1746 3769 enim
1783 3726 1960 3768 dubium
1977 3735 2058 3777 est,
2087 3726 2188 3780 quin
2211 3725 2263 3766 ad
2292 3724 2530 3765 Hamaxiam
2552 3736 2643 3775 per⁴

1415 3794 1571 3833 tineant
1607 3790 1752 3830 veteris
1775 3787 1918 3844 oppidi
1949 3789 2102 3838 ruinae,
2128 3802 2220 3842 quae
2246 3787 2288 3826 in
2315 3785 2465 3825 montis
2494 3784 2644 3823 vertice

1414 3853 1741 3908 conspiciuntur,
1761 3851 1929 3906 triginta
1953 3849 2037 3892 sere
2054 3849 2106 3891 ab
2137 3849 2267 3902 Alaja
2289 3848 2486 3888 orientem
2507 3859 2643 3886 versus

1414 3916 1557 3966 stadia,
1579 3914 1687 3955 etad
1705 3914 1845 3967 viginti
1867 3912 1996 3953 stadia
2018 3912 2070 3952 ab
2090 3925 2160 3951 ora
2177 3909 2389 3964 disjunctae
2406 3910 2491 3961 (V.
2516 3909 2665 3947 Beati--

1415 3979 1509 4019 sort.
1544 3991 1586 4032 p.
1623 3974 1752 4031 176).
1788 3973 1912 4026 Quod
1954 3972 2143 4027 Ἀρσινόην
2178 3969 2387 4012 Strabonis
2415 3970 2558 4010 attinet
2601 3968 2643 4008 id
