2808 4342
87 129 282 190 (36—38.)

170 231 397 295 Κάμψαντι
413 231 486 286 τὴν
507 230 637 293 ἄκραν
658 230 790 286 δὲτὴν
811 231 1067 291 καλουμένην

168 298 335 346 Αἴνειαν
355 303 380 355 ἡ
399 298 496 360 πρὶν
514 297 711 359 γενομένη
737 299 962 359 Κορινθίων

167 368 297 420 κτίσις
313 366 502 415 Ποτίδαι’
523 366 632 423 ἐστὶ,
652 366 820 428 Δωρικὴ
839 368 976 425 πόλις,

84 452 146 483 630
170 436 276 497 μετὰ
293 439 423 481 ταῦτα
443 434 710 498 Κασάνδρεια
727 437 762 481 δ’
774 437 1066 499 ὠνομασμένη.

168 505 240 552 Ἐν
255 507 307 566 τῇ
323 503 524 567 μεσογείῳ
540 505 576 549 δ’
601 505 846 567 Ἀντιγόνεια
865 507 1082 568 λεγομένη·

166 571 367 625 Ὄλυνθος
385 572 552 635 ὕστερον
577 571 619 619 δὲ
642 575 839 636 γενομένη
860 576 1002 635 πόλις,

169 640 219 696 ἣν
241 639 505 698 ἓξανέστησεν
528 642 742 696 Φίλιππος
760 647 782 689 ὃ
803 646 1034 704 Μακεδών,

166 709 306 773 δόρατι
325 711 551 773 κρατήσας.
582 712 703 759 Μετὰ
723 712 764 758 δὲ
785 712 858 769 τὴν
883 714 1098 761 Ὀλυνθίαν

81 794 142 825 635
167 778 406 842 Ἀρέθουσα,
427 781 630 839 Παλλήνη
650 785 688 827 τ’
708 783 775 828 ἐπ’
793 786 939 844 ἰσθμοῦ
962 784 1149 845 κειμένη.

165 848 333 906 Ταύτην
357 850 398 895 δὲ
412 886 423 907 ,
442 850 637 913 Φλέγραν
661 851 707 897 τὸ
725 851 920 916 πρότερον
940 855 1196 915 καλουμένην
1210 892 1223 914 ,

167 917 259 971 τοὺς
278 919 503 982 θεομάχους
522 921 726 981 Γίγαντας
747 923 914 979 οἷκῆσαι
939 923 1078 983 λόγος,

117 996 120 999 ’
166 987 271 1048 μετὰ
293 992 422 1034 ταῦτα
446 987 681 1047 Πάλληνεῖς
698 990 820 1054 δ’δάφ’
838 995 969 1038 αὑτῶν
991 993 1192 1054 ὀνομάσαι

169 1057 356 1118 λέγουσιν
376 1059 630 1122 ὁρμηθέντας
651 1059 690 1113 ἐξ
714 1057 903 1122 Ἀχαίας.

82 1141 144 1171 640
167 1119 258 1172 Εἶτ’
280 1126 366 1172 ἔστι
389 1129 540 1180 κόλπος
564 1129 781 1188 λεγόμενος
796 1131 1046 1195 Τορωνικός,

169 1189 215 1241 οὗ
237 1196 432 1259 πρότερον
456 1191 505 1254 ἦν
526 1217 585 1249 τις
610 1199 866 1261 Μηκύὸερνα
883 1200 1066 1261 κειμένη·

166 1264 256 1321 ἑξῆς
278 1266 450 1328 Τορώνη
474 1273 555 1319 τοῖς
569 1267 704 1320 τόποις
724 1269 953 1330 ὁμώνυμος.

165 1329 285 1381 Εἷτεν
303 1336 482 1397 πελαγία
498 1341 664 1397 Λῆμνος
679 1375 690 1395 ,
710 1339 940 1401 Ἡφαίστου
960 1340 1103 1404 τροφός
1119 1375 1130 1397 ,

165 1404 215 1459 ἣν
236 1407 256 1449 ὂ
277 1403 473 1451 Διονύσου
498 1409 658 1468 πρῶτος
677 1407 815 1461 οἰκίζει
835 1408 968 1466 Θόας,

80 1469 142 1518 645
167 1471 272 1533 μετὰ
296 1477 429 1518 ταῦτα
447 1474 481 1518 δ’
507 1473 628 1537 ἔσχεν
646 1477 834 1532 Ἀττικὴν
851 1477 1057 1525 ἀποικίαν.

167 1540 250 1588 Τὸν
270 1539 378 1589 Ἄθω
395 1542 437 1588 δὲ
458 1544 800 1606 παραπλεύσαντι
823 1547 1023 1607 παράλιος
1046 1547 1162 1599 πόλις

161 1608 361 1665 Ἄκανθός
384 1615 515 1670 ἐστιν,
535 1613 726 1677 Ἀνδρίων
750 1614 920 1661 ἀποικία
936 1651 949 1675 ,

165 1684 265 1744 παρ’
287 1680 338 1737 ἣν
362 1681 509 1744 διῶρυξ
526 1682 728 1728 δείκνυται
751 1684 988 1744 τετμημένη

163 1749 442 1802 ἑπταστάδιος·
469 1750 628 1813 Ξέρξην
651 1750 692 1796 δὲ
711 1751 840 1814 λέγετ’
859 1753 984 1809 αὐτὴν
1005 1760 1159 1813 τεμεῖν·

78 1836 141 1866 650
164 1811 238 1865 εἶτ’
261 1819 520 1883 Ἀμφίπολις.
550 1820 757 1883 Στρυμὼν
778 1822 818 1866 δὲ
843 1822 957 1885 παρὰ
977 1823 1131 1880 ταύτην
1159 1823 1287 1887 μέγας

164 1887 348 1948 ποταμὸς
369 1890 574 1952 παραρρεῖ
591 1889 715 1952 μέχρι
732 1891 939 1948 θαλάττης
962 1892 1180 1955 φερόμενος

163 1957 270 2003 κατὰ
290 1956 380 2009 τοὺς
399 1958 640 2018 λεγομένους
657 1963 767 2004 κεῖσε
784 1960 986 2022 Νερῄδων
1006 1961 1166 2024 χορούς·

165 2027 226 2090 ἐφ’
243 2020 412 2073 οῧκατὰ
435 2029 648 2090 μεσόγειον
670 2030 929 2092 Ἀντιφάνους
951 2033 1098 2093 πατρίς

161 2101 294 2143 κεῖται
314 2097 516 2159 λεγομένη
539 2099 678 2159 Βέργα
695 2136 708 2160 ,
732 2105 802 2145 τοῦ
824 2100 872 2155 δὴ
893 2101 1141 2162 γεγραφότος

78 2185 139 2214 655
165 2167 336 2212 ἄπιστον
356 2167 536 2229 ἱστορίας
555 2187 598 2212 τε
625 2172 798 2228 μυθικῆς
811 2169 958 2230 γέλων.

162 2237 270 2283 Μετ’
291 2235 535 2298 Ἀμφίπολιν
553 2238 587 2280 δ’
607 2240 633 2292 ἡ
654 2237 851 2299 πρότερον
868 2237 1036 2297 Οἶσύμη
1058 2238 1175 2289 πόλις

161 2303 330 2351 Θασίων
354 2304 549 2365 γενομένη
566 2341 579 2362 ,
604 2305 707 2363 μετὰ
732 2304 773 2349 δὲ
797 2309 926 2350 ταῦτα
948 2305 1220 2366 Μακεδόνων,

163 2371 244 2417 ἀπὸ
264 2376 336 2427 τ’ἧς
355 2373 585 2427 Μακέσσης
605 2372 811 2431 Ἠμαθίας
827 2391 871 2417 τε
890 2374 1108 2433 λεγομένη.

76 2556 142 2597 ap.
157 2540 323 2581 Livium
334 2541 467 2590 XLII,
489 2539 536 2580 51
556 2540 737 2595 aliosque
751 2541 869 2581 fluvii
894 2541 1040 2582 accolae
1059 2542 1273 2584 dicuntur.
1294 2543 1309 2597 ΙΙ

74 2627 130 2634 —
147 2604 243 2644 628.
264 2600 389 2642 αἶ’νιαν
427 2601 540 2652 cod.;
565 2617 646 2643 em.
674 2604 941 2644 Letronnius.
975 2605 1315 2645 Promontorium

74 2673 222 2720 praeter
230 2672 420 2704 nostrum
434 2679 557 2704 nemo
567 2673 878 2706 commemorat.
889 2666 1134 2706 Mannertus
1146 2665 1315 2720 quidem

19 2751 22 2754 ·
74 2728 170 2777 VII,
192 2741 235 2782 p.
258 2729 338 2780 467
351 2725 463 2781 apud
480 2726 587 2767 Ptol.
605 2728 690 2777 III,
712 2739 778 2777 12,
799 2741 843 2781 p.
866 2740 962 2778 220,
987 2730 1040 2776 24
1059 2742 1136 2782 pro
1155 2728 1316 2784 Γιγωνὶς

76 2789 172 2843 ἄκρα
186 2788 332 2844 reponi
351 2786 586 2835 ν1111Αἰων1ς
601 2787 720 2843 ἄκρα;
739 2788 811 2829 sed
824 2788 959 2830 obstat
970 2797 1011 2830 et
1026 2790 1114 2844 ipsa
1125 2790 1192 2831 illa
1204 2791 1315 2831 vocis

74 2851 209 2899 Αἰωνὶς
223 2851 370 2902 forma,
392 2858 433 2891 et
454 2851 624 2906 Γίγωνος
642 2850 757 2902 urbs,
776 2865 903 2906 quam
918 2852 962 2892 in
981 2852 1062 2893 hoc
1080 2860 1215 2893 tractu
1231 2868 1316 2894 me·

4 2956 6 2958 ,
76 2922 240 2955 morant
260 2912 499 2954 Herodotus
520 2915 619 2964 VII,
641 2913 716 2954 123
733 2922 774 2954 et
786 2914 923 2955 Thuc.
943 2916 980 2964 Ι,
1004 2918 1052 2956 61
1074 2923 1115 2955 et
1126 2915 1186 2956 St.
1213 2917 1311 2970 Byz.

75 2990 110 3018 s.
131 2991 172 3019 v.
195 2977 367 3018 AEneam
390 2976 538 3017 urbem
562 2976 687 3017 habes
705 2990 772 3031 ap.
805 2976 959 3032 Scylac.
983 2979 1074 3029 §66
1094 2992 1105 3027 ;
1136 2977 1310 3032 Dionys.

75 3038 168 3080 Hal.
192 3041 243 3080 A.
265 3041 316 3080 R.
339 3041 381 3089 Ι,
405 3042 457 3093 47
475 3055 486 3089 ;
507 3039 674 3080 Livium
694 3039 851 3091 XLIV,
875 3053 950 3090 103
968 3039 1160 3080 Strabon.
1190 3041 1309 3091 VIII,

77 3099 129 3141 fr.
170 3114 244 3151 213
279 3101 422 3156 Steph.
461 3102 558 3156 Byz.
578 3100 605 3155 *ll
632 3124 690 3132 —
726 3104 823 3154 629.
861 3101 1038 3142 Ποτέδαι’
1079 3100 1175 3143 cod.
1218 3102 1233 3155 ΙΙ
1257 3126 1314 3133 -

79 3163 174 3204 636.
198 3163 362 3219 φλέγρον
386 3163 481 3204 cod.
506 3165 569 3204 De
603 3177 648 3204 re
666 3162 721 3205 cf.
750 3162 953 3206 Herodot.
974 3166 1078 3215 VII,
1105 3164 1204 3214 1233
1231 3165 1311 3219 Ly-

79 3225 279 3279 cophron.
305 3229 433 3276 1404;
451 3226 689 3280 Theagenes
707 3226 760 3268 fr.
786 3240 832 3267 11
860 3228 994 3281 (tom.
1015 3228 1092 3278 IV,
1109 3241 1154 3283 p.
1178 3226 1309 3282 510);

79 3288 269 3328 Eustath.
292 3287 345 3329 ad
372 3289 546 3343 Dionys,
573 3290 679 3344 327;
705 3289 851 3331 Strabo
868 3304 912 3345 p.
936 3291 1043 3341 3303
1065 3289 1309 3345 Apollodor.

79 3350 115 3397 Ι,
142 3352 182 3397 6,
202 3362 239 3398 1,
262 3349 309 3399 33
330 3351 476 3391 Theon
491 3353 715 3406 Progymn.
737 3366 781 3407 p.
802 3366 871 3406 91,
889 3360 968 3393 etc.
991 3353 1007 3407 {l
1027 3353 1192 3394 —638.
1212 3352 1313 3393 Πελ-

79 3410 209 3461 ληνεῖς
231 3411 353 3452 scribi
373 3413 459 3453 vult
475 3413 722 3465 Meinekius,
745 3429 878 3469 quum
901 3415 1058 3456 Pellene
1078 3416 1131 3456 sit
1147 3415 1312 3457 Achaiae

79 3473 235 3513 civitas.
259 3473 338 3513 Sed
353 3483 539 3529 apertum
559 3484 619 3516 est
642 3485 853 3517 auctorem
874 3485 1064 3518 nostrum
1081 3478 1203 3518 sicuti
1221 3477 1312 3519 reli-

79 3535 167 3589 qui,
199 3535 270 3588 qui
294 3534 435 3576 eadem
458 3537 651 3586 tradunt,
684 3537 900 3590 Πελληνεῖς
924 3548 964 3580 et
988 3539 1210 3593 Παλληνεῖς
1234 3555 1312 3596 pro

78 3595 262 3650 ejusdem
292 3598 471 3638 nominis
505 3600 696 3640 varietate
731 3600 936 3642 habuisse.
975 3602 1041 3642 Sic
1068 3602 1313 3644 Pellenensis

78 3657 244 3700 Achaiae
272 3659 473 3712 originem
497 3660 729 3702 referebant
750 3661 803 3702 ad
824 3662 1071 3705 Pallantem.
1091 3666 1312 3707 Pausanias

77 3721 176 3771 VII,
194 3724 263 3770 26,
281 3733 352 3761 12;
372 3721 425 3761 Tb
437 3721 478 3762 δὲ
492 3722 616 3777 ὄνομα
637 3722 787 3778 ἐγένετο
803 3727 852 3780 τῇ
869 3725 995 3775 πόλει,
1015 3725 1127 3782 λόγῳ
1148 3726 1214 3781 μὲν
1234 3732 1310 3770 τῶν

77 3782 326 3835 Πελληνέων,
346 3782 420 3824 ἀπὸ
433 3784 672 3832 Πάλλαντος·
690 3790 766 3827 τῶν
782 3786 953 3828 Τιτάνων
969 3787 1086 3829 δὲκαὶ
1099 3789 1311 3832 Πάλλαντα

80 3842 182 3885 εἶναι
197 3844 369 3899 λέγουσι.
387 3846 494 3886 Cum
510 3848 687 3902 Scymno
706 3847 817 3889 conf.
830 3849 1093 3904 Thucydides
1103 3853 1181 3903 IV,
1202 3866 1280 3896 120
1298 3867 1308 3894 ε

78 3906 185 3946 Φασὶ
194 3906 235 3947 δὲ
246 3907 283 3948 οἱ
297 3908 504 3948 Σκιωναῖοι
517 3909 720 3962 Πελλήνης
736 3909 802 3965 μὲν
821 3909 922 3952 εἶναι
938 3910 978 3952 ἐκ
995 3912 1308 3966 Πελοποννήσου,

79 3968 264 4019 πλέοντας
278 3970 312 4010 δ’
329 3969 403 4012 ἀπὸ
418 3970 554 4027 Τροίας
568 3976 669 4027 σφῶν
685 3973 773 4021 τοὺς
785 3974 955 4029 πρώτους
977 3976 1255 4030 κατενεχθῆναι
1277 3977 1312 4025 ἐς

1076 134 1249 202 ORBIS
1282 137 1657 186 DESCRIPTIO.

2531 164 2614 203 221

1390 244 1629 300 Pydnaque.
1654 247 1930 288 Circumflexo
1952 251 2237 301 promontorio

1391 310 1518 351 AEnea
1540 312 1668 364 dicto,
1690 314 1806 369 prius
1826 313 1903 355 fuit
1925 314 2236 356 Corinthiorum

1391 377 1551 420 colonia
1571 380 1768 432 Potidaea,
1790 381 1890 422 urbs
1912 381 2062 422 Dorica
2080 397 2090 431 ;

1389 446 1584 499 posthaec
1605 462 1703 489 vero
1717 447 1960 490 Cassandria
1983 458 2234 504 nuncupata.

1387 515 1439 554 In
1458 514 1758 558 mediterraneo
1777 518 2000 572 Antigonia
2024 517 2149 569 dicta,

1389 581 1594 637 Olynthus
1609 598 1751 638 porro,
1770 599 1861 639 quae
1882 585 1983 625 urbs
1999 584 2092 633 suit,

1390 663 1514 704 quam
1530 651 1677 691 evertit
1699 651 1913 706 Philippus
1929 651 2104 693 Macedo

1389 720 1513 760 armis
1529 729 1818 775 expugnatam.
1851 723 1949 762 Post
1967 721 2211 776 Olynthium
2232 738 2372 778 agrum

1390 787 1596 828 Arethusa
1613 796 1653 828 et
1667 788 1829 829 Pallene
1850 788 1895 829 in
1912 788 2069 830 isthmo
2088 790 2178 831 sita.

1390 856 1508 908 Hanc
1529 870 1643 907 vero,
1663 856 1880 910 Phlegram
1904 856 2003 897 olim
2018 858 2274 913 appellatam,

1388 926 1591 967 habitasse
1614 925 1751 967 ferunt
1772 927 1968 981 Gigantes
1992 927 2063 981 qui
2085 936 2228 969 contra
2246 929 2342 971 deos
2359 941 2621 986 pugnarunt;

1388 1002 1530 1049 postea
1551 994 1804 1036 Pallenenses
1831 994 1883 1035 de
1905 1009 1947 1035 se
1961 1009 2218 1051 nuncupasse

1389 1062 1505 1102 aiunt
1529 1062 1735 1117 profectos
1754 1077 1805 1103 ex
1827 1062 1998 1104 Achaia.

1389 1129 1551 1171 Deinde
1573 1131 1686 1171 sinus
1709 1140 1770 1172 est
1789 1131 2022 1173 Toronicus
2041 1131 2189 1184 dictus,

1390 1199 1461 1240 ubi
1484 1200 1583 1241 olim
1602 1200 1679 1241 fuit
1698 1200 1887 1255 quaedam
1901 1201 2150 1257 Mecyberna
2167 1203 2267 1254 sita;

1389 1267 1582 1323 deinceps
1599 1269 1766 1310 Torone
1787 1269 1887 1310 locis
1910 1271 2192 1324 cognominis;

1391 1344 1479 1376 tum
1501 1337 1545 1376 in
1564 1336 1646 1377 alto
1669 1337 1744 1377 sita
1766 1338 1966 1389 Lemnus,
1986 1337 2165 1379 Vulcani
2187 1340 2345 1388 nutrix,

1391 1419 1516 1460 quam
1529 1406 1683 1457 Thoas,
1713 1407 1863 1448 Bacchi
1885 1407 2008 1458 filius,
2026 1408 2186 1463 primus
2209 1407 2496 1463 frequentavit,

1373 1473 1531 1528 'postea
1553 1482 1690 1515 autem
1707 1475 1868 1516 colonia
1889 1476 2040 1517 Attica.

1391 1544 1600 1585 Athonem
1621 1545 1980 1600 praeternaviganti
2007 1546 2213 1587 maritima
2232 1547 2330 1588 urbs

1391 1613 1604 1653 Acanthus
1622 1612 1751 1664 adest,
1777 1612 2035 1654 Andriorum
2054 1614 2231 1666 colonia,

1383 1680 1503 1735 juxta
1525 1697 1649 1737 quam
1674 1682 1780 1724 fossa
1795 1682 2026 1724 ostenditur
2044 1692 2155 1726 secta

1390 1758 1546 1805 septem
1570 1750 1797 1791 stadiorum
1813 1767 1824 1802 ;
1849 1752 2007 1792 Xerxes
2025 1766 2115 1793 eam
2133 1753 2307 1794 secuisse
2324 1752 2497 1804 dicitur3

1390 1817 1487 1858 dein
1509 1819 1783 1874 Amphipolis.
1810 1820 2003 1875 Strymon
2021 1812 2142 1874 juxta
2158 1820 2265 1862 hanc
2279 1836 2457 1876 magnus

1390 1886 1540 1926 fluvius
1557 1886 1856 1942 praeterlabitur
1877 1901 2008 1942 usque
2025 1887 2078 1927 ad
2096 1902 2208 1929 mare
2231 1889 2361 1929 fluens

1388 1953 1442 1994 ad
1460 1954 1593 1995 dictos
1612 1954 1693 1995 illic
1712 1954 1939 1995 Nereidum
1961 1955 2125 1996 choros.

1388 2022 1456 2063 Ad
1472 2037 1596 2077 quem
1618 2023 1662 2062 in
1688 2022 1989 2064 mediterraneo
2009 2024 2086 2064 sita
2104 2031 2166 2064 est

1387 2092 1517 2143 Berga
1539 2089 1661 2140 dicta,
1686 2091 1819 2145 patria
1841 2091 2102 2146 Antiphanis,
2125 2093 2195 2146 qui
2218 2093 2378 2147 scripsit

1387 2156 1648 2199 Incredibilia
1666 2158 1929 2213 historiaeque
1954 2158 2148 2199 fabulosae
2166 2159 2311 2200 11511111.

1387 2231 1486 2271 Post
1503 2231 1786 2287 Amphipolim
1812 2233 1994 2286 OEsyma
2011 2246 2101 2286 quae
2118 2233 2233 2286 prius

1387 2302 1634 2343 Thasiorum
1655 2304 1755 2344 urbs
1776 2303 1867 2353 fuit,
1889 2311 2030 2358 postea
2043 2303 2335 2353 Macedonum,

1387 2381 1427 2413 et
1446 2389 1469 2414 a
1486 2376 1666 2414 Macessa
1694 2374 1885 2414 Emathia
1906 2388 2057 2413 nomen
2085 2374 2254 2427 accepit.

1385 2542 1429 2582 τὶ)
1440 2542 1585 2597 χωρίον
1594 2544 1708 2582 τοῦτο
1719 2545 1774 2597 τῷ
1784 2545 1963 2596 χειμῶνι,
1976 2537 2008 2596 ᾧ
2023 2539 2237 2597 ἐχρήσαντο
2255 2539 2416 2595 Ἀχαιοὶ,
2431 2541 2495 2582 καὶ
2507 2541 2621 2582 αὐτοῦ

1385 2605 1623 2654 κατοικῆσαι.
1640 2602 1748 2643 Mela
1758 2605 1814 2653 II,
1832 2616 1857 2643 2
1875 2615 1884 2643 :
1902 2606 2004 2644 Haec
2022 2602 2036 2658 (
2052 2603 2228 2656 Scione)
2244 2603 2297 2642 ab
2308 2602 2487 2644 Achivis
2499 2613 2622 2658 capto

1384 2664 1468 2706 Ilio
1486 2663 1758 2706 remeantibus
1772 2664 1932 2720 posita.
1957 2664 2018 2705 Cf.
2045 2664 2191 2706 Strabo
2212 2665 2310 2715 VH,
2335 2663 2386 2704 fr.
2412 2663 2464 2704 25
2491 2678 2502 2704 :
2527 2664 2623 2705 Κάν-

1385 2728 1506 2768 ταῦθα
1523 2726 1564 2768 δὲ
1585 2729 1652 2778 τῆς
1665 2726 1790 2782 λύμης
1808 2727 1847 2767 αἱ
1862 2727 2036 2782 Τρωάδες
2062 2724 2182 2772 αἴτιαι
2202 2726 2400 2782 λέγονται,
2425 2724 2620 2781 ἐμπρήσα-

1385 2805 1448 2830 σαι
1469 2788 1537 2837 τὰς
1553 2792 1655 2839 ναῦς,
1679 2788 1747 2829 ἵνα
1773 2786 1822 2844 μὴ
1840 2790 1925 2836 ταῖς
1944 2787 2092 2843 γυναιξὶ
2111 2793 2186 2829 τῶν
2217 2787 2385 2830 ἑλόντων
2413 2787 2526 2836 αὐτὰς
2541 2790 2623 2829 δου-

1370 2849 1720 2893 λεύοιεν.(]0101·11111
1739 2865 1824 2891 11011
1843 2852 1938 2892 satis
1967 2851 2096 2905 liquet
2114 2865 2217 2891 num
2231 2851 2442 2905 regionem
2459 2858 2620 2891 tantum

1382 2914 1576 2955 Pallenen
1612 2913 1779 2967 intelligi
1805 2913 1900 2953 velit
1934 2914 2099 2964 Noster,
2124 2927 2177 2953 an
2196 2913 2320 2953 etiam
2344 2912 2511 2962 urbem,
2531 2926 2621 2966 quae

1387 2976 1573 3030 quamvis
1591 2989 1808 3030 nunquam
1830 2974 1975 3025 fuerit,
2008 2989 2031 3015 a
2049 2973 2258 3016 nonnullis
2280 2982 2417 3015 tamen
2435 2973 2617 3026 fingitur,

1385 3047 1432 3080 ut
1447 3054 1470 3080 a
1484 3039 1624 3094 Steph.
1641 3041 1738 3094 Byz.
1755 3054 1789 3080 s.
1808 3053 1849 3081 v.
1864 3047 1903 3080 et
1914 3039 2104 3080 Eustath.
2121 3038 2174 3079 ad
2186 3038 2358 3092 DionyS.
2371 3038 2450 3090 327
2459 3045 2499 3077 et
2510 3037 2616 3077 Plin.

1385 3103 1462 3153 IV,
1481 3116 1530 3156 17
1547 3115 1556 3143 :
1586 3101 1754 3158 Oppida
1769 3118 1784 3143 .·
1797 3101 1977 3152 Pallene,
1992 3101 2181 3152 Phlegra.
2202 3100 2289 3154 11—
2301 3100 2396 3140 638.
2417 3098 2618 3153 ἀμφυντῶν

1382 3178 1460 3219 pro
1480 3163 1542 3220 ἀφ’
1574 3165 1697 3205 αὒτῶν
1720 3163 1832 3215 cod.;
1869 3178 1951 3204 em.
1974 3161 2240 3215 Vindingius.
2267 3161 2282 3216 Η
2308 3184 2365 3191 --
2387 3160 2482 3212 639.
2507 3159 2615 3214 ὁρμι-

1384 3227 1532 3275 σθέντες
1562 3227 1674 3277 cod.;
1699 3241 1780 3267 em.
1807 3226 1936 3266 Mein.
1980 3225 1995 3278 Η
2022 3249 2078 3256 -
2108 3227 2203 3272 642.
2228 3222 2361 3278 τορινή
2389 3222 2482 3262 c'od.
2521 3222 2536 3274 ll
2563 3246 2618 3252 —

1384 3293 1480 3341 643.
1504 3290 1575 3332 εἴτ’
1598 3290 1814 3345 ἐμπελαγία
1830 3288 1941 3339 cod.;
1964 3303 2044 3328 em.
2064 3287 2187 3337 Gail.,·
2205 3286 2301 3326 dein
2322 3286 2463 3341 Λίμνος
2482 3284 2575 3325 cod.
2597 3286 2612 3338 [1

1380 3378 1438 3385 —
1453 3353 1549 3395 652.
1569 3352 1690 3394 ἐκεῖσε
1708 3352 1896 3406 νηρηιδῶν
1913 3349 2025 3400 cod.;
2040 3350 2143 3390 κεῖσε
2161 3347 2343 3403 νηρε’ί’ῧων
2358 3361 2458 3401 vgo3
2477 3355 2616 3387 nostra

1381 3415 1626 3457 Meinekius.
1658 3417 1720 3455 De
1743 3414 1829 3454 istis
1850 3410 2076 3454 Nereidum
2099 3410 2236 3450 choris
2269 3408 2365 3449 alibi
2388 3423 2454 3449 me
2485 3407 2617 3461 legere

1382 3478 1596 3534 quidpiam
1618 3491 1703 3517 non
1721 3475 1907 3517 memini.
1934 3474 1950 3528 ll
1970 3498 2026 3504 --
2046 3471 2142 3527 653.
2163 3470 2380 3527 Ἀντιφάνου
2395 3469 2508 3520 cod.;
2532 3484 2613 3510 em.

1381 3539 1586 3582 Hoeschel.
1617 3541 1680 3579 De
1707 3537 1942 3592 Antiphane
1964 3528 2018 3577 cf.
2052 3533 2246 3590 Polybius
2275 3547 2342 3588 ap.
2375 3531 2550 3574 Strabon
2572 3534 2614 3581 I,

1381 3618 1424 3659 p.
1444 3606 1511 3657 47.
1528 3604 1585 3653 ΙΙ,
1612 3616 1656 3656 p.
1689 3613 1788 3651 102;
1810 3598 2005 3655 Polybius
2021 3599 2122 3639 Exc.
2142 3596 2237 3637 Val.
2255 3596 2455 3645 XXXIV,
2477 3597 2517 3644 6,
2540 3592 2612 3642 15;

1380 3666 1578 3707 Marcian.
1595 3663 1746 3718 Peripl.
1771 3677 1813 3718 p.
1833 3665 1908 3712 623
1923 3660 2118 3716 Stephan.
2136 3673 2177 3701 v.
2192 3659 2332 3714 Βέργη.
2356 3656 2515 3699 Urbem
2531 3669 2615 3695 me·

1382 3736 1544 3769 morant
1561 3725 1769 3767 Hierocles
1786 3739 1830 3779 p.
1851 3726 1932 3773 640
1947 3732 1986 3764 et
2007 3722 2180 3764 Ptolem.
2198 3723 2275 3770 III,
2302 3734 2349 3761 12
2361 3735 2404 3775 p.
2426 3715 2521 3766 223,
2543 3730 2610 3757 20.

1382 3791 1466 3831 Sita
1487 3788 1611 3829 fuisse
1636 3787 1802 3828 videtur
1824 3785 1876 3827 ad
1903 3785 2084 3827 Prasiam
2119 3784 2270 3825 lacum.
2292 3784 2348 3823 V.
2386 3779 2518 3821 Leake
2552 3780 2610 3818 N.

1383 3855 1456 3893 Gr.
1480 3852 1557 3900 III,
1578 3864 1622 3904 p.
1647 3862 1744 3903 229.
1766 3849 1782 3903 ll
1807 3873 1865 3879 —
1892 3847 1988 3889 655.
2019 3847 2186 3901 ἱστορίας
2207 3845 2362 3901 μυθικῆς
2387 3839 2497 3887 cod.;
2528 3852 2608 3908 eom.

1381 3911 1581 3965 Vinding.
1608 3911 1625 3966 ll
1644 3935 1700 3942 -—
1716 3910 1812 3953 656.
1833 3909 1880 3962 δὴ
1895 3925 1973 3966 pro
1988 3910 2022 3950 δ’
2038 3909 2061 3961 ἣ
2075 3908 2205 3950 codex
2215 3923 2226 3958 ;
2245 3903 2456 3947 em.Mein.
2484 3902 2607 3939 Dem-

1383 3976 1434 4017 de
1449 3972 1576 4031 ἥσυμὴ
1595 3973 1706 4023 πόλις
1720 3974 1832 4026 cod.;
1854 3988 1935 4015 em.
1957 3971 2157 4025 Vinding.
2181 3970 2197 4023 Η
2221 3993 2277 4000 -
2292 3966 2386 4008 658.
2407 3979 2451 4018 γε
2477 3975 2553 4017 pro
2569 3976 2610 4002 τε
