2808 4342
88 132 135 192 (⁶,
148 133 198 191 7.)

106 250 147 279 ευ
170 235 209 277 ἐν
230 252 278 294 τῃ
302 229 493 292 μεσογεία
513 230 585 273 δ”
567 227 652 273 εστὶ
670 227 935 289 Κυπάρισσος
951 227 1067 279 πόλις

167 302 323 385 Κρῖσά
322 319 388 354 τε,
408 300 503 357 μετ’
528 294 654 350 αὐτὴν
674 295 839 347 Δαυλίς.
862 295 916 341 ‘H
937 297 1114 342 Βοιωτία

166 370 282 431 χώρα
302 367 344 412 δὲ
365 366 469 426 μετὰ
486 365 688 418 Φωκεῖς(
673 362 888 408 υπόκειται
904 364 1106 423 ,κειμένη

166 443 236 493 τῆς
255 434 444 485 Φωκίδος
458 432 598 494 χώρας
620 431 720 493 πρὸς
741 430 811 476 ἔω·
831 432 975 477 κᾶστιν
997 432 1068 478 δύο

167 504 335 561 ἐπίσημ’
350 501 439 563 ὅρη,
457 501 502 545 τὸ
520 499 593 560 μὲν
613 499 789 546 Ἑλικων
809 500 1077 560 καλούμενον,

103 591 144 620 85
167 572 228 618 ἔτε
233 589 298 633 ρον
320 569 539 629 Κιθαιρών.
562 573 680 614 Εἰτεν
705 569 893 631 Ὠρωπὸς
909 570 1045 627 πόλις,

166 643 234 686 καὶ
250 645 322 695 τῆς
334 636 572 695 θαλάττης’
551 638 706 701 απέχον
726 638 832 701 ἱερὸν
851 641 894 684 οὐ
910 639 1014 684 πολύ

169 708 251 753 ἔστ’
272 707 525 770 Ἀμφιαράου
543 707 614 752 καὶ
638 706 735 758 νεὼς
751 708 821 752 καὶ
844 707 890 753 τὸ
909 707 1097 767 τέμενος,
1120 709 1126 711 ”

165 777 291 828 Αὐλίς
314 796 356 821 τε
376 779 565 821 Βοιωτῶν
583 775 712 832 πόλις,
732 776 830 839 πρὸς
854 781 880 838 ᾑ
900 776 1027 837 λιμήν

165 846 434 909 κάρτέμιδος*
425 845 527 919 ιερὸν
552 845 684 906 ἅγιον,
708 846 728 891 ὃ
748 846 912 906 λέγεται
930 847 1067 892 κτίσαι

102 933 143 963 90
164 915 448 976 Αγαμέμνον’,
476 920 579 960 εἶτεν
596 914 696 977 Ἐρέ
699 934 784 961 σιον
806 916 1059 976 καλούμενον

166 984 403 1046 ἀκρότατον,
423 977 495 1030 εἰτ’
521 983 714 1047 Εὔριπος.
735 985 1035 1041 'Avonabvae’'
1014 1004 1099 1047 εχει

167 1055 415 1110 Ἀνθηδόνιον
433 1055 500 1099 τὸν
518 1055 665 1115 λιμένα
678 1074 690 1085 ·
707 1055 777 1100 καὶ
799 1055 888 1114 μετ’
908 1057 953 1101 οὐ
973 1055 1077 1100 πολύ

165 1126 380 1186 Τάναγρα.
406 1128 554 1171 Κεῖται
580 1125 613 1169 δ’
637 1127 676 1170 ἐν
699 1125 893 1187 μεσογείᾳ
917 1125 1023 1169 πάνυ
1040 1124 1147 1179 καλή

167 1194 308 1249 πόλις,
334 1194 512 1253 μεγάλαι
544 1193 717 1253 Θῆὅαι,
741 1194 915 1238 σταδιων
937 1194 983 1238 τὸ
999 1194 1242 1256 περίμετρον

103 1280 142 1308 95
170 1263 320 1324 ἔχουσα
344 1263 646 1325 τετταράκοντα
668 1262 738 1308 καὶ
762 1263 928 1335 προσέτι
944 1282 1082 1325 τριων,

168 1335 322 1377 Κῶπαι
342 1332 398 1392 (66
403 1332 417 1393 )
442 1331 559 1384 πόλις
578 1332 859 1394 κώρχομενός·
884 1336 975 1377 εἰτα
1000 1332 1090 1392 μετ’
1110 1333 1154 1377 οὗ
1177 1330 1281 1378 πολύ

170 1401 285 1450 πόλις
302 1399 507 1446 Λεὸάδεια
523 1400 659 1462 χῖερὸν
684 1399 919 1463 Τροφωνίου
933 1436 944 1457 ,

169 1469 269 1513 ὅπου
293 1467 338 1512 τὸ
362 1475 551 1527 μαντεῖον
570 1469 735 1554 λέγουσι
754 1469 979 1530 γεγονέναι.

166 1529 254 1582 Εἶτ’
274 1536 429 1582 Ὠκαλέ
411 1556 458 1582 α
482 1537 636 1588 πόλις’
618 1537 704 1582 εστὶ
723 1538 794 1582 καὶ
814 1538 1005 1585 Μεδεών.
1026 1538 1146 1584 Μετοὶ
1179 1578 1189 1587 .

85 1622 143 1653 100
167 1605 318 1660 ταύτην
342 1605 554 1650 ὑπόκειται
576 1605 768 1661 Θεσπιὰ,
793 1610 885 1669 κᾷτ’
907 1606 1084 1668 ἐχομένη

83 1783 296 1814 accentum
318 1789 475 1829 ponens
507 1776 551 1814 in
575 1775 923 1829 antepenultima,
951 1789 1077 1830 quare
1107 1790 1192 1816 non
1217 1777 1317 1816 scri-

83 1838 144 1892 psi
183 1851 278 1877 cum
306 1836 513 1880 MeInekio
548 1837 805 1892 Κυπαρίσσου,
843 1837 958 1892 quod
990 1829 1156 1879 dicendi
1188 1853 1317 1892 genus

83 1903 269 1957 exemplo
289 1904 332 1942 in
354 1903 555 1957 Dionysio
574 1911 699 1943 caret.
725 1904 919 1944 Ceterum
947 1902 998 1944 de
1017 1903 1231 1945 conditore
1250 1919 1319 1944 ur-

82 1964 145 2004 bis
161 1966 393 2019 Cyparisso,
416 1966 568 2020 Minyae
582 1965 667 2005 filio
683 1996 694 2015 ,
719 1964 888 2006 laudant
908 1966 1163 2021 Stephanum
1192 1980 1227 2006 s.
1257 1981 1316 2017 v.‚

83 2027 210 2067 schol.
231 2029 356 2067 Hom.
386 2027 434 2067 Il.
468 2041 510 2078 2,
545 2026 639 2080 519,
668 2028 867 2068 Nonnum
896 2028 1022 2068 Dion.
1058 2029 1176 2078 XIII,
1206 2028 1281 2068 123
1307 2041 1317 2068 :

83 2090 243 2141 Φωκῆες
265 2090 304 2129 οἳ
334 2090 574 2145 Κυπαρίσσου
604 2088 718 2144 εἶχον
753 2090 851 2137 ἕδος.
892 2091 908 2144 ss
932 2114 987 2121 —-
1010 2092 1078 2131 81.
1117 2090 1317 2145 Κρῖσά]

82 2153 225 2207 Λάρισά
259 2151 416 2203 codex,
454 2153 624 2206 Αάρισσά
655 2153 754 2192 olim
782 2152 899 2192 editt.
945 2153 1107 2192 Larissa
1144 2151 1322 2192 Phocica

82 2215 235 2267 ignota.
274 2215 427 2266 Quare
448 2214 591 2267 Κρῖσαν
624 2214 844 2253 memorari
876 2227 900 2252 a
941 2213 1141 2267 Dionysio
1181 2213 1323 2252 statuit

83 2285 191 2317 recte
224 2276 370 2331 procul
399 2275 528 2316 dubio
560 2275 800 2316 Harduinus
832 2274 884 2315 ad
912 2274 1094 2315 Plinium
1138 2283 1240 2315 tom.
1276 2277 1318 2325 I,

83 2352 126 2392 p.
147 2338 241 2388 501,
259 2337 506 2390 suffragante
521 2337 745 2386 Meinekio,
770 2337 842 2390 qui
859 2337 1016 2376 Crisam
1036 2351 1131 2376 cum
1146 2335 1321 2377 Daulide

84 2399 277 2453 conjungi
299 2407 439 2439 monet
453 2400 578 2439 ctiam
597 2414 664 2453 ap.
686 2400 858 2438 Homer.
882 2398 931 2439 Il.
956 2400 1014 2448 ΙΙ,
1036 2398 1115 2439 520
1134 2411 1144 2439 ;
1173 2398 1318 2453 Κρῖσάν

83 2477 125 2501 τε
147 2459 285 2513 ζαθέην
307 2461 371 2501 καὶ
399 2461 568 2500 Δαυλίδα
586 2492 596 2510 ,
622 2469 664 2501 et
680 2462 879 2501 Nonnum
902 2460 1029 2500 Dion.
1050 2461 1154 2500 XIII
1168 2491 1179 2509 ,
1202 2462 1280 2501 223
1307 2473 1318 2502 ε

84 2524 228 2578 Κρῖσαν
245 2522 470 2578 ἀειδομένην
491 2523 556 2563 καὶ
570 2522 740 2562 Δαυλίδα
750 2538 761 2572 ;
780 2521 832 2562 de
846 2522 960 2562 Crisa
976 2529 1114 2562 autem
1137 2537 1161 2563 a
1174 2523 1322 2564 Cirrha

83 2585 213 2640 probe
245 2584 558 2639 distinguenda,
594 2599 727 2638 neque
760 2598 857 2626 cum
888 2583 1090 2624 Strabone
1125 2584 1177 2624 ad
1211 2599 1322 2625 mare

84 2646 336 2697 collocanda,
357 2646 496 2687 laudat
514 2647 568 2687 H.
590 2647 643 2686 N.
662 2646 916 2687 Ulrichsium
933 2645 974 2685 in
993 2646 1091 2686 Itin.
1113 2660 1175 2699 gr.
1192 2648 1227 2696 Ι,
1251 2650 1319 2695 24.

83 2711 165 2750 Pro
183 2708 320 2756 Δαυλίς
342 2708 474 2749 codex
488 2709 521 2747 δ’
546 2708 652 2755 αὐλις
668 2707 779 2763 (sic).
806 2708 821 2761 Η
845 2731 902 2737 -
923 2709 991 2748 82.
1009 2706 1206 2747 ἀπόκειται
1225 2708 1318 2749 cod.

84 2787 164 2812 em.
180 2772 286 2813 Gail.
306 2772 394 2826 11-—
411 2771 479 2812 85.
495 2770 633 2825 ὀροπὺς
644 2770 739 2811 cod.
759 2771 774 2823 ll
798 2771 934 2810 —86.
957 2768 1110 2824 ἀπέχων
1125 2770 1218 2811 cod.
1239 2772 1324 2825 [1—

84 2839 152 2877 90.
189 2833 454 2889 Ἇγαμέμνονα
490 2832 562 2874 εἴτ’
585 2832 806 2889 ἐμπερέσιον
831 2830 977 2872 codex.
1016 2851 1032 2867 α
1058 2833 1200 2873 Dianae
1224 2841 1324 2872 tem-

83 2897 199 2952 plum
216 2897 268 2938 ab
290 2899 602 2951 Agamemnone
633 2894 848 2936 conditum
880 2903 1179 2935 commemorat
1204 2895 1323 2936 Calli-

85 2959 254 3000 machus
281 2958 330 2999 fr.
357 2972 409 3013 72
429 2972 438 2999 z
461 2957 530 3010 τὴν
552 2958 813 3013 ὣγαμέμνων,
835 2957 886 3004 ὡς
903 2956 923 2996 ὅ
949 2957 1079 3012 μῦθος,
1104 2957 1249 3008 εἵσατο,
1271 2957 1324 2998 ad

85 3034 175 3074 quae
192 3021 408 3075 Bentleyus
430 3035 515 3061 non
539 3021 759 3061 immemor
782 3019 860 3059 suit
896 3019 1089 3059 carminis
1115 3019 1324 3073 Theogni-

86 3082 181 3123 dei:
218 3082 369 3138 ’Άρτεμι
401 3083 619 3138 θηρογόνη,
658 3083 821 3138 θύγατερ
850 3082 950 3132 Διός,
986 3083 1033 3134 ἢν
1077 3081 1323 3138 Ἀγαμέμνων

88 3145 223 3195 εἵσαθ’,
245 3146 300 3186 ὅτ’
318 3145 368 3193 εἰς
381 3146 520 3201 Τροίην
539 3145 652 3187 ἔπλεε
668 3145 778 3198 νηυσὶ
800 3145 921 3192 θοαῖς.
944 3147 1006 3202 Ac
1021 3144 1189 3186 suerunt
1202 3147 1325 3187 etiam

89 3206 165 3246 alia
195 3216 462 3248 monumenta
493 3209 635 3248 Dianae
679 3206 888 3262 placandae
931 3206 983 3247 ab
1016 3209 1326 3261 Agamemnone

89 3267 292 3318 dedicata,
317 3269 425 3309 velut
447 3270 560 3310 navis
592 3269 658 3309 illa
683 3267 795 3323 apud
827 3269 1047 3309 Geraestios
1077 3284 1100 3309 a
1121 3271 1326 3325 Procopio

89 3329 188 3369 Bell.
224 3330 350 3370 Goth.
374 3333 450 3382 IV,
486 3344 539 3372 22
562 3339 789 3372 memorata
811 3345 907 3371 cum
936 3331 1016 3372 hoc
1048 3332 1165 3373 titulo
1191 3346 1201 3373 :
1237 3333 1327 3385 Νῆα

94 3391 275 3446 μέλαιναν
304 3392 481 3447 ἱδρύσατο
514 3394 595 3449 τῇδ’
625 3392 875 3448 Ἀγαμέμνων
916 3391 1119 3446 Ἑλλήνων
1149 3398 1327 3450 στρατιῆς

92 3456 198 3508 σῆμα
213 3453 483 3509 πλοιζομένης.
506 3458 698 3508 Quorum
709 3469 902 3496 versuum
920 3456 1094 3510 primm,
1108 3457 1175 3497 cui
1193 3472 1327 3512 neque

93 3515 334 3555 Dindorfius
357 3530 490 3570 neque
506 3516 755 3559 Welckerus
769 3517 865 3572 Syll.
886 3518 1017 3572 epigr.
1035 3532 1079 3573 p.
1104 3522 1185 3560 226
1204 3534 1327 3575 opem

92 3578 289 3626 tulerunt,
313 3578 368 3617 ita
388 3577 728 3631 redintegrandus
753 3587 841 3620 est:
868 3578 956 3631 Νῆά
983 3595 1029 3635 με
1054 3579 1213 3622 λαϊῧέαν
1235 3582 1323 3623 κτλ.

92 3641 128 3679 Ε
160 3638 362 3693 lapidibus
398 3639 506 3678 enim
533 3653 679 3680 navem
711 3639 825 3693 Villam
857 3648 1054 3689 structam
1087 3640 1210 3683 fuisse
1243 3644 1328 3699 ipse

94 3700 290 3741 indicavit
312 3700 553 3754 Procopius.
576 3702 863 3756 Emperesium
877 3732 889 3752 ‚
914 3702 1027 3757 quod
1055 3704 1177 3745 tertio
1205 3719 1327 3747 versu

94 3768 361 3810 memoratur,
382 3761 602 3815 Kiepertus
624 3769 762 3802 noster
781 3762 824 3801 in
849 3762 1167 3806 Euboeaelittore
1184 3766 1326 3808 Aulidi

94 3824 266 3865 adverso
281 3823 434 3878 posuit,
454 3823 496 3862 in
515 3837 598 3877 quo
617 3823 694 3862 nisi
715 3824 875 3877 ignotos
891 3825 992 3865 mihi
1006 3835 1193 3868 auctores
1210 3843 1327 3870 secu·

97 3895 161 3927 tus
180 3895 264 3935 est,
290 3900 313 3926 a
341 3899 439 3926 vero
470 3885 687 3925 aberravit.
707 3887 829 3926 Recte
845 3887 932 3927 sine
955 3887 1085 3929 dubio
1107 3904 1192 3930 non
1212 3891 1329 3932 intel-

97 3950 222 3989 lectus
240 3946 468 3987 editoribus
487 3945 722 3987 Holstenius
744 3945 844 3987 ε’ῐτεν
870 3946 1042 4004 Ἐρέσιον
1062 3950 1327 3993 scribendum

269 4033 400 4062 cfiocn.
416 4030 447 4062 I.

1000 128 1359 204 DESCRIPTIO
1394 131 1669 178 GRAECIAE.

2524 156 2603 194 241

1386 241 1434 278 In
1458 239 1766 280 mediterraneis
1786 254 1883 281 vero
1898 242 1974 281 sita
1992 243 2229 296 Cyparissus
2243 247 2341 287 urbs
2352 279 2363 297 ‚

1386 300 1595 362 Crisaque‚
1613 317 1707 364 post
1722 324 1894 364 eamque
1908 310 2063 350 Daulis.
2089 313 2186 352 Post
2208 314 2435 356 Phocenses

1385 377 1553 418 Boeotiae
1575 379 1688 432 regio
1703 380 1901 434 sequitur,
1927 380 2004 420 sita

1386 458 1410 483 a
1423 444 1604 486 Phocide
1626 448 1794 500 regione
1809 462 1947 488 versus
1967 456 2122 488 ortum.
2141 449 2324 503 Suntque
2340 450 2423 491 duo

1387 511 1565 565 insignes
1589 522 1763 564 montes,
1782 529 1962 568 quorum
1984 529 2093 555 unus
2108 516 2280 557 Helicon
2303 527 2485 569 vocatur,

1386 578 1487 619 alter
1508 580 1732 622 Cithaeron.
1751 582 1856 622 Dein
1879 584 2043 636 Oropus
2059 582 2173 633 urbs,

1386 655 1427 687 et
1449 662 1472 687 a
1490 649 1593 688 mari
1611 648 1767 690 distans
1785 649 1998 690 oraculum
2015 651 2127 691 haud
2145 653 2289 706 procul

1388 723 1448 755 est
1464 715 1702 770 Amphiarai
1718 725 1759 756 et
1780 717 1979 772 templum
2003 726 2043 758 et
2057 718 2195 770 lucus,

1388 783 1585 837 Aulisque
1603 786 1844 824 Boeotorum
1859 785 1974 835 urbs,
1998 785 2049 825 ad
2069 801 2190 840 quam
2212 798 2355 843 portus

1389 860 1430 892 et
1448 853 1590 893 Dianae
1609 852 1750 894 fanum
1773 862 1975 904 sanctum,
1998 855 2110 909 quod
2126 856 2356 899 condidisse
2374 858 2526 900 dicitur

1388 922 1669 974 Agamemn03
1689 920 1786 969 dein
1803 923 1991 962 Eresium
2008 923 2121 977 quod
2144 934 2288 966 vocant

1390 1002 1615 1039 summum,
1634 997 1724 1030 tum
1739 990 1935 1045 Euripus.
1959 991 2182 1033 Anthedon
2199 1008 2295 1034 vero
2316 994 2438 1035 habet

1389 1066 1557 1111 portum
1573 1057 1912 1108 Anthedonium;
1937 1072 2022 1099 non
2036 1058 2155 1113 longe
2169 1060 2266 1101 hinc
2287 1070 2347 1102 est

1389 1126 1590 1179 Tanagra.
1610 1128 1659 1166 In
1679 1125 1987 1166 mediterraneis
2009 1135 2145 1168 autem
2167 1129 2242 1169 sita
2260 1131 2474 1185 perpulcra

1386 1193 1501 1243 urbs,
1524 1208 1680 1247 magnae
1700 1194 1868 1245 Thebae,
1893 1194 2120 1236 stadiorum
2138 1197 2339 1238 ambitum

1386 1262 1542 1303 habens
1565 1263 1835 1317 quadraginta
1849 1273 1890 1305 et
1913 1265 2080 1320 insuper
2094 1267 2220 1307 trium
2235 1298 2246 1317 ,

1389 1332 1512 1386 Copae
1531 1333 1652 1373 etiam
1674 1333 1774 1373 urbs
1793 1342 1833 1374 et
1855 1334 2165 1384 Orchomenus;
2190 1350 2266 1375 nec
2282 1335 2410 1375 multo
2429 1345 2519 1390 post

1390 1399 1578 1441 Lebadea
1593 1400 1692 1441 urbs
1718 1410 1759 1442 et
1774 1401 1914 1442 fanum
1933 1403 2180 1458 Trophonii,
2493 1394 2495 1397 ’

1391 1468 1463 1509 ubi
1480 1469 1694 1509 oraculum
1709 1468 1853 1510 dicunt
1872 1470 2010 1511 fuisse.

1392 1539 1499 1578 Dein
1515 1538 1663 1578 Ocalea
1686 1538 1783 1579 urbs
1802 1547 1862 1579 est
1877 1547 1917 1579 et
1939 1539 2133 1580 Medeon.
2154 1542 2251 1580 Post

1390 1607 1497 1647 hanc
1513 1608 1588 1648 sita
1608 1608 1812 1663 Thespia3
1839 1608 1934 1648 dein
1954 1617 2183 1662 sequuntur

1391 1776 1646 1829 significavit.
1660 1776 1724 1817 Cf.
1738 1777 1883 1818 Suidas
1900 1777 2088 1832 Ἔρέσιον,
2104 1778 2214 1826 πόλις
2226 1778 2424 1825 Βοιωτίας.
2435 1777 2549 1817 Idem
2565 1778 2626 1817 E?-

1391 1839 1530 1893 ρέσιον,
1550 1839 1660 1886 πόλις
1677 1839 1876 1887 Βοιωτίας.
1893 1841 2012 1880 Hanc
2024 1840 2191 1881 alteram
2205 1841 2450 1895 scripturam
2464 1848 2625 1880 secutus

1390 1908 1450 1940 est
1464 1903 1604 1956 Etym.
1621 1903 1681 1941 M.
1698 1915 1741 1955 p.
1762 1902 1858 1951 303,
1877 1916 1942 1953 11,
1964 1911 2004 1943 et
2017 1902 2150 1943 Plinio
2170 1904 2247 1952 IV,
2271 1915 2320 1942 12
2335 1915 2411 1956 pro
2428 1901 2625 1956 Hyresion

1390 1965 1568 2004 restituit
1589 1963 1788 2004 Mallerus
1814 1964 1999 2005 Orchom.
2024 1980 2067 2020 p.
2096 1965 2169 2015 56,
2198 1965 2271 2006 ubi
2295 1964 2470 2017 Silligius
2494 1963 2623 2004 edidit

1390 2026 1600 2076 Hilesion,
1638 2026 1752 2080 quod
1783 2027 1816 2066 si
1839 2027 2043 2068 librorum
2076 2028 2317 2068 auctoritate
2345 2027 2505 2076 nititur,
2541 2040 2624 2066 non

1391 2088 1598 2142 improbo.
1612 2089 1699 2128 Nec
1715 2086 1891 2128 dubium
1909 2097 1969 2129 est
1985 2090 2086 2142 quin
2102 2088 2212 2129 idem
2228 2089 2279 2129 sit
2294 2087 2494 2142 oppidum
2514 2087 2625 2140 quod

1391 2150 1575 2189 Homero
1608 2149 1657 2189 ΙΙ.
1682 2152 1724 2189 11
1741 2181 1751 2199 ,
1774 2153 1855 2203 499
1879 2159 1920 2190 et
1941 2150 2090 2191 Nonno
2121 2152 2248 2191 Dion.
2281 2152 2410 2200 XIII,
2444 2154 2492 2191 61
2518 2149 2627 2190 Εἰλέ-

1393 2225 1474 2250 σιον
1498 2210 1664 2251 dicitur.
1690 2211 1924 2265 Utrumque
1946 2226 2098 2252 nomen
2120 2213 2267 2253 urbem
2290 2212 2400 2251 illam
2423 2212 2622 2264 antiquis-

1391 2272 1504 2312 simis
1526 2273 1781 2327 temporibus
1798 2274 1842 2313 in
1859 2273 2003 2314 humili
2025 2282 2065 2314 et
2082 2273 2369 2327 navigantibus
2389 2280 2624 2327 opportuno

1390 2334 1482 2375 loco
1504 2335 1622 2374 sitam
1656 2334 1778 2375 fuisse
1800 2334 1979 2385 indicat,
2004 2343 2144 2389 postea
2176 2333 2483 2375 subsidentibus
2508 2335 2623 2387 aquis

1391 2397 1434 2437 in
1457 2397 1538 2436 alto
1554 2395 1690 2450 jacere
1710 2397 1794 2437 visa
1820 2405 1879 2436 est
1894 2428 1905 2446 ,
1942 2397 2053 2438 unde
2087 2396 2297 2452 ἀκρότατον
2320 2395 2494 2450 appellat
2522 2397 2623 2436 Dio-

1391 2459 1546 2513 nysiuS.
1572 2479 1587 2494 n
1615 2460 1832 2499 Mannum.
1855 2459 2002 2500 Strabo
2023 2461 2106 2507 IX,
2137 2473 2182 2514 p.
2207 2462 2288 2507 406
2309 2471 2319 2498 2
2345 2456 2466 2505 ’Έλος
2497 2473 2538 2498 τε
2560 2458 2624 2498 καὶ

1399 2518 1545 2561 Ἑλεὼν
1565 2520 1629 2560 καὶ
1652 2520 1828 2561 Εἰλέσιον
1859 2519 2002 2573 ἐκλήθη
2032 2520 2095 2560 διὰ
2121 2521 2165 2561 τ“ο
2197 2520 2256 2561 ἐπὶ
2273 2520 2355 2567 τοῖς
2390 2519 2494 2560 ἕλεσι
2523 2519 2623 2574 ἱδρύ-

1393 2583 1492 2622 σθαι·
1521 2585 1586 2622 νῦν
1610 2582 1651 2623 ’δὲ
1670 2581 1744 2637 οὐχ
1763 2582 1906 2637 ὁμοίως
1932 2581 2016 2637 ἔχει
2035 2585 2155 2623 ταῦτα
2185 2583 2210 2633 ἢ
2232 2581 2535 2632 ἀνοικισθένταῆ
2559 2584 2624 2632 τῆς

1392 2645 1531 2700 λίμνης
1554 2644 1715 2686 ἐπιπολὺ
1738 2645 2035 2697 ταπεινωθείσης
2056 2644 2120 2684 διὰ
2141 2644 2207 2692 τὰς
2231 2643 2392 2698 ’ὕστερον
2419 2644 2626 2698 γενομένας

1394 2707 1572 2762 ἐκρύσεις,
1608 2708 1624 2762 ΙΙ
1658 2731 1715 2738 —
1745 2707 1815 2760 93.
1836 2707 1976 2747 Verba
2003 2707 2084 2762 μετ’
2106 2705 2149 2746 οὗ
2180 2706 2279 2747 πολὺ
2298 2706 2479 2760 Τάναγρα
2497 2704 2549 2745 ad
2573 2706 2626 2744 si-

1394 2778 1482 2809 tum
1514 2778 1554 2810 et
1577 2770 1724 2810 seriem
1758 2769 1946 2809 locorum
1968 2783 2117 2824 parum
2139 2766 2463 2809 accommodata.
2489 2769 2626 2818 Quare

1394 2832 1561 2873 fuerunt
1582 2832 1653 2886 qui
1674 2846 1752 2886 pro
1771 2831 1955 2885 Τάναγρα
1977 2830 2125 2871 vellent
2146 2830 2343 2885 Λάρυμνα,
2367 2829 2429 2869 uti
2452 2828 2622 2870 Gailius.

1399 2895 1415 2949 ΙΙ
1441 2919 1498 2929 ·—-
1515 2893 1583 2948 95.
1606 2895 1696 2935 Sec.
1715 2893 2001 2935 Dicaearchum
2017 2892 2194 2934 ambitus
2210 2900 2296 2933 erat
2312 2890 2539 2932 stadiorum
2556 2891 2624 2944 37.

1399 2959 1415 3012 ll
1441 2983 1498 2989 —
1529 2961 1599 3011 96.
1626 2948 1724 3011 μετ’
1752 2956 1804 2996 οὗ
1834 2955 1996 3011 πολὺ]
2036 2956 2094 2996 sic
2123 2955 2397 3004 Letronnius;
2432 2952 2528 3009 μετὰ
2560 2953 2625 2992 δύο

1394 3019 1546 3070 codex;
1566 3018 1652 3060 εἶτα
1673 3019 1755 3074 μεθ’
1776 3018 1910 3059 ἑκατὸν
1934 3017 2007 3075 (sc.
2027 3017 2196 3073 στάδια),
2216 3016 2414 3058 Mfillerus
2439 3015 2622 3056 Orclmm.

1393 3097 1436 3137 p.
1459 3084 1555 3132 483.
1578 3083 1701 3123 Mitto
1724 3081 1900 3123 aliorum
1919 3079 2173 3134 conjecturas
2192 3079 2330 3118 minus
2351 3077 2473 3117 etiam
2494 3076 2625 3116 feren-

1394 3143 1482 3186 das.
1497 3144 1728 3186 Meinekius
1744 3147 1852 3197 conj.
1871 3140 1960 3190 εἶτα
1978 3142 2199 3195 Μετάχοιον
2224 3139 2238 3194 (
2254 3139 2398 3179 collato
2418 3138 2625 3193 Stephano

1395 3221 1428 3248 S.
1446 3207 1490 3248 h.
1512 3221 1552 3247 v.
1570 3209 1603 3260 );
1624 3207 1682 3246 sic
1701 3214 1837 3246 tamen
1857 3204 1960 3245 male
1974 3202 2206 3258 junguntur
2220 3201 2444 3254 sequentia,
2466 3207 2625 3254 postea-

1395 3283 1476 3323 que
1496 3268 1725 3310 Meinekius
1744 3266 1796 3307 ad
1811 3266 2003 3321 Stephan.
2024 3267 2122 3320 Byz.
2141 3279 2185 3319 p.
2207 3266 2286 3312 448
2307 3262 2520 3318 proposuit
2539 3267 2625 3302 εῑτα

1398 3347 1443 3387 με
1446 3332 1479 3372 τ’
1518 3331 1670 3386 ὀλίγον.
1705 3329 1879 3383 Propius
1911 3326 1963 3368 ad
1998 3326 2166 3367 traditas
2203 3326 2354 3366 litteras
2386 3338 2626 3379 moremque

1395 3402 1541 3435 auctor
1546 3408 1576 3433 is
1603 3384 1779 3439 accedit,
1813 3403 1947 3443 neque
1967 3389 2107 3429 metris
2136 3387 2397 3443 Dionysianis
2428 3395 2627 3441 repugnat

1396 3453 1631 3509 conjectura
1650 3449 2130 3493 Let10nni.Pa1-ticula
2111 3448 2151 3489 οὲ
2173 3456 2266 3503 post
2292 3447 2424 3488 Κῶπαι
2454 3447 2626 3487 metrico

1396 3516 1579 3557 molesta.
1602 3516 1618 3568 ll
1637 3538 1692 3544 —
1707 3528 1776 3567 97.
1795 3514 1845 3553 Λε
1849 3512 1960 3552 Εαδια
1978 3513 1994 3565 (
2009 3512 2097 3552 sine
2118 3525 2204 3552 acc.
2225 3510 2238 3566 )
2256 3525 2322 3551 και
2345 3509 2446 3565 ἱερὸν
2469 3507 2622 3559 codex;

1396 3594 1478 3620 em.
1499 3578 1625 3619 Mein.
1657 3577 1672 3626 Η
1705 3584 1796 3617 10'0.
1822 3574 2011 3615 Θεσπεσία
2033 3572 2180 3623 codex,
2203 3572 2254 3613 Θε
2257 3571 2363 3613 σπιαί
2384 3571 2532 3625 vulgo,
2555 3571 2604 3611 Θε
2608 3594 2626 3602 -

1396 3641 1487 3683 σπιά
1504 3637 1733 3681 Meinekius
1749 3669 1759 3687 ,
1779 3636 1831 3677 de
1850 3644 2020 3678 accentu
2052 3635 2223 3676 laudans
2242 3633 2525 3675 Herodianum
2556 3648 2621 3688 ap.

1396 3703 1524 3745 schol.
1550 3703 1657 3741 Ven.
1680 3701 1806 3740 Hom.
1829 3699 1880 3740 Il.
1910 3701 1978 3749 H,
2007 3712 2101 3741 101.
2126 3697 2381 3752 Singularem
2405 3710 2624 3737 numerum

1397 3766 1518 3805 etiam
1539 3764 1580 3803 in
1595 3762 1780 3816 sequenti
1804 3775 1924 3802 versu
1940 3761 2154 3801 restituere
2175 3759 2295 3800 velim
2318 3772 2394 3813 pro
2411 3758 2603 3812 Πλαταιαί
2610 3790 2617 3796 .

1397 3829 1445 3867 In
1463 3826 1603 3866 codice
1619 3840 1657 3864 αι
1676 3832 1716 3864 et
1735 3839 1758 3864 α
1779 3825 1834 3864 ita
1849 3831 2084 3872 exarantur,
2102 3830 2147 3862 ut
2160 3820 2391 3861 differentia
2410 3819 2492 3858 fere
2514 3818 2624 3860 nulla

1398 3890 1464 3934 sit.
1485 3890 1538 3929 Et
1554 3887 1699 3928 Θεσπιά
1717 3895 1758 3927 et
1778 3886 1949 3926 Πλατειά
1970 3893 2030 3926 est
2048 3884 2313 3925 Homericum
2325 3897 2336 3931 3
2358 3879 2623 3920 Homericum

1399 3959 1536 3993 autem
1564 3950 1840 3991 Boeoticarum
1866 3948 2033 3989 urbium
2063 3946 2286 4000 catalogum
2317 3943 2370 3983 ob
2389 3941 2528 3982 oculos
2552 3940 2623 3980 ha-

2423 4024 2458 4054 16
