2808 4342
1113 158 1403 205 HISTORIA
1438 159 1668 207 INDICA.

120 267 161 310 αἱ
182 255 354 327 βάλανοι
375 262 456 305 τῶν
475 256 697 327 φοινίκων.
751 256 798 316 (9)
823 255 1062 318 Δεύτεροι
1041 258 1075 302 ο’
1104 257 1172 302 ἐπὶ
1189 258 1351 304 τούτοι-

115 351 177 379 σιν
210 334 247 378 οἵ
282 326 454 392 γεωργοί
492 327 616 382 εἶσιν,
651 328 760 370 οὖτοι
793 323 944 380 πλήθεϊ
981 326 1166 371 πλεῖστοι
1205 326 1345 374 Ἰνδῶν

116 399 260 451 ἐόντες·
282 395 354 444 καὶ
371 393 573 441 τούτοισιν
603 391 695 438 οὔτε
718 391 870 438 ὅπλα’
852 392 960 438 εστὶν
977 393 1102 463 ἀρήϊα
1121 392 1214 440 οὔτε
1236 394 1353 456 μέλει

113 466 166 513 τὰ
194 463 374 524 πολέμια
399 461 521 526 ἔργα,
545 460 654 507 ἀλλὰ
689 459 763 515 τὴν
791 459 934 522 χώρην
964 464 1074 507 οὗτοι
1101 462 1351 525 ἐργάζονται·

68 553 90 582 5
114 535 185 582 καὶ
202 532 293 586 τους
326 532 474 596 φόρους
492 529 598 576 τοῖσί
629 548 674 575 τε
698 531 914 591 βασιλεῦσι
940 530 1011 575 καὶ
1046 533 1142 593 τῇσι
1163 531 1351 589 πόλισιν,

112 603 206 650 ὅσαι
226 600 467 662 αὐτόνομοι,
488 605 599 645 οὗτοι
627 601 760 662 ἀποφε
750 596 893 660 ’·ρουσι
918 599 987 660 (10)
1013 599 1082 644 καὶ
1103 601 1139 644 εἰ
1172 600 1351 661 πόλεμος

112 676 150 726 ἐς
169 672 370 728 ἀλλήλους
385 672 512 717 τοῖσιν
533 668 698 716 Ἰνδοῖσι
714 668 854 730 τύχοι,
871 671 952 713 τῶν
976 668 1255 730 ἐργαζομένων
1273 669 1348 726 τὴν

110 746 187 805 γῆν
209 743 254 789 οὗ
279 740 391 801 θέμις
417 738 510 803 σφὶν
535 737 760 794 ἅπτεσθαι,
789 736 880 783 οὐδὲ
917 737 1045 794 αὐτὴν
1069 737 1144 794 τὴν
1167 742 1243 799 γῆν
1277 738 1345 785 τέ-

114 830 243 874 μνειν·
261 809 369 856 ἀλλὰ
389 811 425 854 οἱ
446 808 519 869 μὲν
533 807 783 868 πολεμέουσι
802 807 873 853 καὶ
882 807 1200 854 κατακαίνουσιν
1221 809 1350 866 ἀλλή-

50 894 89 924 10
110 883 204 933 λους
224 879 333 932 ὅπως
355 876 540 940 τύχοιεν,
559 878 596 924 οἱ
620 876 661 922 δὲ
687 877 862 933 πλησίον
887 878 1020 922 αὐτῶν
1051 878 1145 923 κατ’
1173 878 1351 941 ἡσυχίην

110 952 274 1012 ἀροῦσιν
286 946 314 1003 ἢ
329 950 530 1011 τρυγῶσιν
549 945 574 1002 ἢ
594 947 813 992 κλαδοῧσιν
830 947 857 1001 ἢ
874 946 1088 1006 θερίζουσι.
1157 947 1230 1009 (11)
1249 948 1350 1011 Τρί-

110 1035 172 1063 τοι
189 1016 233 1063 δέ
255 1018 355 1062 εἰσιν
376 1016 567 1063 Ἰνδοῖσιν
591 1017 627 1060 οἷ
644 1014 789 1076 νομέες
803 1051 815 1074 ,
839 1016 876 1060 οἳ
895 1016 1085 1075 ποιμένες
1106 1034 1151 1062 τε
1170 1015 1240 1062 καὶ
1260 1019 1353 1078 βου·

111 1087 253 1147 κόλοι,
275 1085 346 1133 καὶ
364 1079 474 1131 οὗτοι
498 1084 591 1131 οὔτε
613 1084 722 1130 κατὰ
742 1085 888 1137 πόλιας
906 1085 997 1130 οὔτε
1018 1087 1058 1130 ἐν
1086 1089 1181 1149 τῇσι
1201 1085 1350 1149 κώμῃ-

115 1175 178 1202 σιν
203 1155 394 1202 οἷκέουσι.
463 1156 654 1215 Νομάδες
675 1153 720 1200 τέ
747 1157 825 1200 εἶσι
845 1154 959 1200 καὶ’
937 1155 1014 1199 ανὰ
1037 1154 1090 1199 τὰ
1117 1155 1239 1218 οὔρεα
1266 1159 1350 1218 βιο-

48 1247 86 1276 15
117 1225 294 1282 τεύουσι,
316 1224 437 1288 φόρον
457 1223 498 1269 83
517 1223 588 1269 καὶ
604 1227 712 1269 ουτοι
732 1223 812 1269 ἀπὸ
830 1227 908 1268 τῶν
926 1223 1150 1280 κτηνέων’
1128 1225 1352 1288 αποφέρου-

113 1313 169 1341 σι·
193 1293 264 1340 καὶ
284 1292 519 1356 θηρεύουσιν
537 1297 647 1338 οὗτοι
669 1292 746 1337 ἀνὰ
770 1291 844 1348 τὴν
861 1292 1001 1355 χώρην
1032 1292 1192 1356 ὄρνιθάς
1218 1312 1261 1340 τε
1281 1295 1351 1340 καὶ

114 1363 236 1426 ἄγρια
262 1362 398 1425 θηρία.

175 1433 285 1477 ΧΠ.
324 1429 533 1493 Τέταρτον
554 1428 635 1475 δέ
617 1448 704 1476 εστι
724 1430 769 1476 τὸ
793 1430 1084 1493 δημιουργικόν
1104 1450 1149 1477 τε
1172 1431 1243 1477 καὶ
1269 1451 1349 1478 κα-

114 1499 288 1557 πηλικὸν
312 1498 444 1560 γένος.
514 1499 599 1545 Καὶ
623 1504 733 1545 οὗτοι
760 1500 988 1561 λειτουργοί
1012 1503 1113 1561 εἰσι,
1136 1519 1206 1546 και
1230 1502 1351 1563 φόρον

49 1589 93 1621 20
113 1568 385 1656 ἀποφέρουσιν
407 1567 488 1612 ἀπὸ
503 1570 584 1612 τῶν
605 1567 734 1631 ἔργων
752 1571 832 1613 τῶν
851 1568 1084 1639 σφετέρων,
1102 1569 1211 1625 πλήν
1234 1587 1278 1629 γε
1301 1570 1349 1626 δὴ

111 1637 199 1684 ὅσοι
220 1636 272 1682 τὰ
295 1637 422 1700 ἀρήϊα
444 1636 555 1682 ὅπλα
574 1636 798 1681 ποιέουσιν·
833 1640 944 1681 οὗτοι
978 1636 1021 1681 83
1043 1637 1114 1682 καὶ
1138 1638 1323 1697 μισθὸν’
1306 1658 1352 1684 εκ

113 1726 184 1753 του
208 1725 342 1752 κοινου
374 1708 507 1769 προσ)
512 1705 784 1766 αμὸοίνουσιν.
854 1705 928 1752 Ἔν
950 1705 993 1751 83
1012 1705 1143 1769 τούτῳ
1168 1710 1224 1752 τῶ
1245 1708 1353 1768 γένεϊ

116 1774 159 1822 οἵ
177 1795 221 1822 τε
242 1775 447 1836 ναυπηγοὶ
466 1775 537 1821 καὶ
553 1777 589 1821 οἵ
616 1775 762 1821 ναῦταί
786 1777 908 1832 εἰσιν,
932 1774 1019 1821 ὅσοι
1039 1776 1147 1820 κατὰ
1168 1775 1261 1828 τοὺς
1276 1796 1350 1822 πο-

111 1844 266 1906 ταμοὺς
285 1843 487 1893 πλώουσι.
561 1845 613 1906 (2)
641 1843 839 1905 Πέμπτον
860 1843 903 1889 δὲ
932 1843 1045 1905 γένος
1067 1844 1176 1891 ἐστὶν
1199 1845 1351 1892 Ἰνδοῖ-

49 1935 90 1965 25
113 1932 176 1960 σιν
193 1933 228 1960 οι
214 1913 514 1974 (Ὓπολεμισταὶ
534 1913 683 1970 πλήθει
700 1913 774 1975 μὲν
794 1913 979 1977 δεύτερον
1000 1915 1105 1975 μετὰ
1121 1935 1212 1968 τους
1230 1936 1352 1980 γεωρ-

109 2003 230 2046 γους,
255 1982 428 2045 πλείστῃ
452 1982 493 2028 83
519 1984 723 2046 ἐλευθερίη
743 2002 786 2028 τε
813 1985 882 2029 και
907 1960 1080 2047 έῦθυμίῃ
1106 1987 1349 2048 ἐπιχρεόμε-

111 2069 190 2098 νον·
215 2052 285 2097 καὶ
309 2057 419 2098 οὗτοι
439 2053 619 2109 ἀσκηται
654 2052 813 2112 μούνων
839 2073 920 2099 των
955 2055 1055 2099 πολε
1040 2058 1191 2112 εμικῶν
1222 2055 1350 2144 ἔργων

110 2122 205 2168 εἶσί.
276 2123 326 2184 (3)
350 2121 416 2169 Τὰ
437 2120 479 2167 δὲ
499 2121 606 2168 ὅπλα
627 2122 744 2168 ἄλλοι
773 2124 933 2168 αὐτοῖσι
955 2123 1165 2184 ποιέουσι,
1192 2125 1262 2171 καὶ
1280 2125 1352 2171 ἵπ-

110 2208 209 2243 πους
230 2190 347 2236 ἄλλοι
367 2190 614 2252 παρέχουσι·
642 2191 713 2236 καὶ
733 2192 1009 2237 διακονέουσιν
1033 2192 1100 2237 ἐπὶ
1121 2195 1351 2254 στρατοπέ-

50 2279 94 2309 30
113 2261 182 2305 δου
204 2259 349 2316 ἄλλοι,
373 2258 412 2304 οἳ
434 2259 526 2311 τούς
558 2278 602 2304 τε
627 2258 779 2311 ἵππους
799 2261 960 2305 αὐτοῖσι
993 2261 1263 2322 θεραπεύουσι
1281 2263 1352 2308 καὶ

114 2329 166 2374 τὰ
190 2328 297 2374 ὅπλα
323 2327 610 2390 ἐκκαθαίρουσι
633 2327 705 2373 καὶ
741 2327 833 2380 τοὺς
856 2328 1080 2388 ἐλέφαντας
1113 2329 1256 2391 ἄγουσι
1280 2332 1351 2376 καὶ

113 2396 167 2443 τὰ
188 2397 357 2460 ἅρματα
377 2396 601 2457 κοσμέουσί
625 2415 667 2441 τε
687 2398 758 2441 καὶ
781 2397 1081 2458 ἡνιοχεύουσιν.
1152 2397 1203 2462 (4)
1226 2400 1352 2446 Αὐτοὶ

113 2465 180 2527 δὲ,
210 2465 292 2511 ἔστ’
321 2465 368 2511 ἂν
393 2468 467 2526 μὲν
491 2465 708 2527 πολεμέειν
744 2466 843 2528 δέῃ,
869 2466 1138 2527 πολεμέουσιν
1154 2503 1166 2525 ,
1191 2469 1352 2531 εἰρήνης

114 2536 158 2582 83
180 2535 399 2597 γενομένης
419 2536 696 2598 εὐθυμέονται·
715 2536 787 2582 καί
804 2555 896 2601 σφιν
911 2537 1052 2597 μισθὸς
1070 2539 1116 2583 ἐκ
1134 2542 1203 2585 τοῦ
1219 2545 1351 2586 κοινοῦ

49 2621 90 2651 35
114 2605 284 2652 τοσόσδε
303 2605 498 2669 ἔρχεται,
525 2609 579 2658 ὡς
602 2607 671 2652 καὶ
692 2606 838 2659 ἄλλους
862 2605 1021 2670 τρέφειν
1046 2609 1116 2652 ἀπ’
1138 2610 1261 2653 αὐτοῦ
1287 2611 1352 2654 36-

115 2674 293 2736 μαρέως.
364 2677 413 2736 (5)
455 2674 604 2722 εΈκτοι
642 2676 685 2721 δέ
716 2678 815 2722 εἶσιν
842 2675 1032 2723 Ἰνδοῖσιν
1072 2679 1109 2723 οἵ
1136 2677 1352 2725 ἐπίσκοποι

114 2744 376 2805 καλεόμενοι.
445 2738 574 2792 Οῧτοι
594 2747 771 2809 ἐφορῶσι
794 2744 847 2790 τὰ
871 2745 1065 2806 γινόμενα
1087 2746 1194 2791 κατά
1217 2766 1260 2794 τε
1279 2748 1352 2804 τὴν

113 2812 254 2876 χώρην
280 2812 351 2859 καὶ
376 2812 485 2859 κατὰ
508 2812 580 2865 τὰς
606 2812 764 2865 πόλιας·
799 2812 870 2859 καὶ
902 2818 1034 2861 ταῦτα
1060 2814 1355 2876 ἀναγγέλλουσι

113 2885 172 2944 τῷ
199 2882 385 2944 βασιλέϊ,
404 2881 551 2946 ἵναπερ
575 2882 862 2946 βασιλεύονται
886 2882 1035 2941 Ἰνδοὶ,
1056 2885 1082 2939 ἢ
1105 2888 1211 2930 τοῖσι
1233 2887 1353 2932 τέλε-

50 2966 93 2997 40
116 2970 179 2997 σιν
196 2987 207 3008 ,
233 2950 380 3015 ἵναπερ
400 2952 620 3013 αὐτόνομοι
641 2953 732 2999 εἶσί·
751 2953 822 2999 καὶ
845 2952 1046 2999 τούτοισιν
1067 2956 1111 2999 οὐ
1134 2955 1246 3015 θέμις
1261 2958 1356 3018 ψεῦ-

114 3021 179 3072 δος
202 3023 443 3083 ἀναγγεῖλαι
465 3021 603 3068 οὐδέν·
630 3022 723 3068 οὐδέ
742 3041 800 3075 τις
821 3022 959 3070 Ἰνδῶν
979 3024 1113 3080 αἰτίην
1136 3023 1232 3086 ἔσχε
1252 3024 1356 3087 ψεύ-

113 3094 278 3135 σασθαι.
348 3092 397 3153 (6)
438 3088 648 3152 Ἕὸδομοι
678 3092 722 3138 δέ
753 3095 852 3139 εἰσιν
886 3094 923 3139 οἱ
958 3091 1059 3155 ὑπὲρ
1096 3096 1175 3139 τῶν
1210 3097 1354 3140 κοινῶν

121 3158 404 3220 βουλευόμενοι
439 3164 544 3222 ὁμοῦ
577 3165 636 3225 τῷ
674 3162 855 3224 βασιλέϊ,
890 3162 918 3218 ἢ
944 3162 1052 3208 κατὰ
1086 3163 1230 3216 πόλιας
1263 3165 1355 3209 ὅσαι

123 3227 337 3288 αὐτόνομοι
350 3229 421 3275 σὺν
440 3234 558 3293 τῇσιν
577 3233 747 3294 ἀρχῇσι.
820 3233 868 3293 (7)
886 3231 1047 3288 Πλήθεϊ
1064 3231 1137 3292 μὲν
1156 3233 1290 3294 ὀλίγον
1310 3233 1355 3279 τὸ

57 3309 97 3340 45
119 3294 232 3355 γένος
255 3298 372 3342 τουτό
395 3300 480 3344 ἐστι
493 3301 653 3363 ,σοφίῃ
689 3300 731 3346 83
761 3320 833 3347 και
864 3301 1091 3359 δικαιότητι
1125 3306 1171 3349 ἐκ
1190 3303 1355 3349 πάντων

122 3366 453 3426 προκεκριμένον·
474 3368 584 3414 ἔνθεν
608 3368 647 3415 οἵ
664 3388 708 3414 τε
711 3370 922 3456 ϋᾶρχοντες
942 3373 1123 3417 αὐτοῖσιν
1147 3372 1355 3434 ἕπιλέγον·

122 3451 191 3476 ται
210 3451 279 3478 και
295 3453 381 3480 οσοι
399 3436 607 3499 νομάρχαι
622 3456 693 3483 και
710 3437 890 3501 ὕπαρχοι
908 3439 978 3484 καὶ
998 3441 1356 3505 θησαυροφύλακές

121 3519 167 3545 τε
193 3501 263 3546 καὶ
301 3505 655 3567 στρατοφύλακες,
691 3507 892 3570 ναύαρχοί
922 3526 967 3553 τε
990 3509 1062 3554 καὶ
1084 3510 1256 3570 ταμίαι,
1281 3510 1352 3556 καὶ

119 3571 200 3613 τῶν
224 3570 334 3614 κατὰ
352 3573 553 3634 γεωργίην
577 3574 706 3636 ἔργων
729 3575 964 3621 ἐπιστάται.
1036 3578 1084 3638 (8)
1107 3581 1142 3624 Γ
1145 3596 1285 3638 αμε-ιν
1309 3579 1350 3624 83

58 3648 101 3678 50
123 3636 165 3691 ἐξ
184 3638 320 3700 ἑτέρου
337 3639 471 3700 γένεος
490 3643 534 3686 06
556 3642 690 3702 θέμις,
718 3648 800 3689 οἱον
822 3647 927 3690 τοῖσι
947 3653 1187 3708 γεωργοῖσιν
1213 3650 1260 3693 ἐκ
1281 3653 1352 3694 τοῦ

122 3708 442 3770 δημιουργικου,
468 3709 494 3765 ἢ
513 3710 707 3771 ἔμπαλιν·
735 3714 825 3758 0683
849 3713 919 3759 δύο
937 3714 1083 3776 τέχνας
1103 3717 1353 3773 ἐπιτηδεύειν

120 3776 188 3822 τὸν
222 3777 344 3823 αὐτὸν
360 3813 373 3834 ,
398 3779 627 3825 οὐδὲτοῦτο
651 3781 778 3841 θέμις·
813 3782 904 3828 0683
933 3784 1117 3844 ἀμείὸειν
1146 3785 1186 3839 ἐξ
1210 3786 1348 3850 ἑτέρου

2562 183 2646 224 323

1420 283 1512 324 quae
1529 279 1570 311 et
1592 270 1732 312 dulces
1746 262 1844 311 sunt
1862 278 1902 311 et
1917 271 2036 312 multi
2055 273 2322 325 nutrimenti,
2341 277 2512 330 perinde
2532 290 2651 337 atque

1419 338 1649 392 palmarum
1671 338 1843 379 fructus.
1906 337 1969 394 (9)
2009 339 2246 381 Secundum
2282 356 2407 395 genus
2437 344 2650 391 hominum

1419 415 1514 460 post
1531 407 1732 462 sophistas
1764 415 1863 448 sunt
1882 407 2091 461 agricolae,
2113 410 2186 463 qui
2208 410 2377 464 quidem
2396 427 2569 458 numero
2590 432 2650 459 re-

1421 475 1552 530 liquas
1565 475 1768 516 Indorum
1781 475 1916 517 tribus
1929 476 2050 530 longe
2061 487 2271 532 superant.
2332 481 2385 520 Hi
2401 496 2532 536 neque
2542 499 2650 528 arma

1420 543 1594 595 habent,
1630 544 1781 599 quibus
1806 546 1849 585 in
1878 544 1987 586 bello
2017 554 2202 598 utantur,
2226 562 2360 603 neque
2395 549 2555 593 bellicas
2589 569 2653 598 res

1420 621 1569 654 curant
1580 643 1592 664 ,
1613 612 1686 654 sed
1704 627 1822 668 agros
1834 613 1978 655 colunt
1989 646 2001 666 ‚
2019 623 2059 656 et
2069 616 2234 670 regibus
2249 617 2468 674 liberisque
2482 620 2653 665 urbibus

1420 679 1575 721 tributa
1595 680 1806 736 pendunt;
1831 680 1920 737 (10)
1944 690 1985 723 et
2006 683 2039 723 si
2062 684 2253 726 intestina
2270 686 2377 727 inter
2398 687 2524 729 Indos
2553 689 2652 731 bella

1421 748 1625 801 incidant,
1648 758 1726 791 nec
1754 749 1850 791 licet
1869 751 2066 793 militibus
2087 767 2231 795 manus
2260 754 2426 810 injicere
2444 758 2650 811 agricolis,

1420 831 1556 873 neque
1573 818 1710 873 ipsum
1729 832 1875 873 agrum
1894 827 2050 861 vastare
2060 836 2072 872 ;
2094 821 2166 862 sed
2183 821 2284 863 dum
2299 823 2365 864 alii
2388 824 2495 865 inter
2513 839 2554 866 se
2568 826 2654 867 bel-

1421 885 1506 927 lum
1529 894 1678 941 gerunt
1692 900 1860 941 seseque
1888 895 2036 929 mutuo
2054 877 2306 932 interficiunt
2327 900 2450 946 prout
2468 907 2531 934 res
2559 893 2652 945 dat,

1420 953 1463 995 hi
1490 953 1610 1009 juxta
1637 954 1726 996 illos
1746 956 1964 1010 tranquille
1979 965 2052 997 aut
2079 966 2195 998 arant
2219 967 2290 999 aut
2307 958 2441 1014 fruges
2460 961 2655 1016 colligunt

1380 1072 1382 1074 Ι
1421 1030 1492 1063 aut
1519 1037 1646 1078 poma
1673 1022 1725 1064 ab
1757 1023 1976 1065 arboribus
1997 1024 2213 1067 decutiunt
2240 1036 2311 1068 aut
2343 1029 2463 1069 messi
2493 1038 2651 1071 vacant.

1424 1089 1513 1146 (11)
1531 1092 1719 1132 Tertium
1741 1106 1870 1146 genus
1888 1093 2091 1134 Indorum
2113 1102 2210 1135 sunt
2235 1103 2437 1150 pastores,
2459 1098 2543 1138 sive
2564 1099 2653 1153 opi·

1420 1159 1549 1200 liones
1577 1160 1661 1200 sive
1696 1159 1887 1211 bubulci,
1923 1169 1964 1201 et
1984 1161 2028 1201 hi
2057 1176 2191 1217 neque
2222 1163 2343 1203 urbes
2365 1178 2498 1219 neque
2529 1179 2653 1220 pagos

1420 1229 1674 1280 inhabitant,
1699 1229 1772 1270 sed
1803 1230 2034 1284 vagabundi
2064 1232 2107 1271 in
2138 1233 2348 1273 montibus
2378 1233 2556 1288 degunt,
2581 1237 2653 1276 tri·

1419 1284 1568 1338 butum
1588 1312 1686 1339 vero
1701 1306 1742 1338 ct
1755 1298 1799 1339 hi
1815 1314 1864 1339 ex
1879 1300 2074 1339 armentis
2090 1308 2130 1340 et
2147 1314 2295 1355 pecore
2314 1301 2522 1355 pendunt,
2541 1317 2651 1344 av·es

1420 1379 1501 1420 que
1519 1374 1559 1406 et
1581 1374 1757 1420 agrestes
1781 1365 1842 1407 sei
1843 1381 1885 1407 as
1906 1375 2123 1408 venantur

1475 1439 1574 1480 XII.
1598 1442 1805 1492 Quartum
1829 1454 1958 1495 genus
1980 1450 2040 1482 est
2062 1441 2258 1497 opificum
2277 1451 2317 1483 et
2338 1444 2651 1496 negotiatorum.

1419 1507 1472 1546 Et
1492 1506 1536 1547 hi
1557 1521 1729 1548 munera
1742 1516 1939 1563 praestant
1957 1516 2079 1563 atque
2101 1521 2152 1550 ex
2174 1510 2368 1564 operibus
2391 1512 2473 1551 suis
2503 1512 2655 1552 tributa

1418 1574 1679 1628 persolvunt,
1698 1576 1747 1615 iis
1775 1577 1954 1630 exceptis
1977 1577 2048 1630 qui
2072 1590 2187 1617 arma
2206 1577 2349 1618 bellica
2372 1577 2652 1630 fabricantur3

1419 1642 1448 1681 ii
1463 1643 1574 1683 enim
1593 1644 1716 1684 etiam
1731 1658 1782 1684 ex
1795 1644 1962 1699 publico
1980 1645 2212 1686 mercedem
2233 1647 2452 1701 accipiunt.
2513 1650 2560 1688 In
2578 1648 2656 1689 hoc

1420 1724 1568 1764 genere
1596 1721 1695 1753 sunt
1724 1713 1829 1754 fabri
1859 1714 2019 1754 navales
2041 1723 2082 1754 et
2100 1723 2234 1756 nautae
2255 1723 2460 1770 quotquot
2483 1717 2655 1758 flumina

1420 1779 1627 1832 navigant.
1689 1781 1751 1834 (2)
1775 1781 1982 1832 Quintum
2004 1796 2132 1835 genus
2154 1790 2215 1822 est
2233 1783 2498 1823 militantium
2514 1814 2524 1833 ‚
2548 1784 2653 1824 mul-

1421 1847 1598 1888 titudine
1617 1848 1787 1903 quidem
1803 1849 2032 1890 secundum
2050 1858 2143 1905 post
2160 1851 2375 1904 agricolas,
2393 1851 2465 1891 sed
2482 1853 2656 1892 maxime

1420 1915 1597 1957 liberum
1619 1925 1741 1972 atque
1762 1918 1908 1959 alacre.
1968 1919 2023 1959 Hi
2045 1919 2149 1960 solas
2170 1919 2332 1960 bellicas
2355 1934 2420 1960 res
2449 1929 2653 1962 exercent.

1425 1983 1484 2041 (3)
1503 1987 1631 2026 Arma
1642 1985 1709 2026 alii
1728 1986 1824 2041 ipsis
1836 1986 2062 2027 conficiunt
2073 2019 2083 2038 ,
2102 1995 2142 2028 et
2157 2001 2283 2042 equos
2300 1987 2365 2029 alii
2379 1988 2653 2044 suppeditant,

1421 2052 1688 2107 serviuntque
1713 2054 1777 2094 his
1796 2054 1908 2109 apud
1928 2063 2057 2096 castra
2078 2055 2167 2106 alii,
2203 2057 2275 2110 qui
2307 2064 2348 2097 et
2364 2070 2491 2111 equos
2513 2065 2657 2098 curant

1421 2127 1545 2173 atque
1564 2135 1677 2161 arma
1698 2129 1909 2175 extergent
1934 2130 1975 2162 et
2003 2122 2239 2176 elephantos
2259 2122 2418 2164 ducunt
2439 2132 2478 2163 et
2509 2139 2654 2165 currus

1421 2187 1633 2227 instruunt
1654 2202 1700 2228 ac
1722 2188 1966 2241 gubernant.
2028 2188 2089 2244 (4)
2111 2190 2194 2244 Ipsi
2213 2204 2332 2239 vero,
2355 2205 2484 2244 quum
2507 2191 2657 2232 bellan-

1423 2258 1526 2300 dum
1537 2268 1612 2311 est,
1622 2260 1774 2301 bellant
1788 2277 1798 2310 ;
1814 2262 2035 2302 constituta
2049 2269 2183 2302 autem
2198 2261 2527 2316 pacejucundam
2537 2272 2656 2318 atque

1420 2331 1594 2372 alacrem
1616 2334 1742 2373 vitam
1761 2332 1931 2386 degunt,
1955 2341 2196 2388 tantumque
2215 2334 2407 2388 stipendii
2427 2335 2482 2374 eis
2513 2350 2562 2375 ex
2579 2350 2655 2390 pu-

1421 2402 1527 2443 blico
1553 2402 1690 2454 datur,
1715 2412 1762 2444 ut
1784 2418 1834 2444 ex
1852 2419 1901 2444 eo
1929 2405 2050 2444 etiam
2078 2404 2177 2444 alios
2199 2404 2417 2445 commode
2434 2405 2540 2446 alere
2558 2420 2654 2461 pos-

1421 2475 1516 2514 sint.
1581 2474 1641 2531 (5)
1664 2476 1833 2516 Sextum
1862 2490 1989 2530 genus
2011 2483 2070 2516 est
2104 2476 2392 2531 episcoporum
2414 2478 2498 2517 sive
2521 2478 2655 2533 inqui-

1958 2601 1964 2605 ·
1993 2549 2047 2589 Hi
2075 2547 2178 2603 quid
2200 2549 2244 2589 in
2272 2549 2463 2599 urbibus,
2489 2550 2590 2604 quid
2613 2553 2654 2591 in

1422 2621 1528 2673 agris
1549 2629 1692 2674 agatur
1707 2622 1940 2676 inquirunt,
1958 2635 2086 2675 caque
2103 2620 2268 2674 regibus
2279 2652 2290 2670 ,
2308 2622 2342 2661 si
2357 2635 2430 2675 per
2449 2635 2562 2675 reges
2580 2637 2653 2676 gu-

1421 2548 1595 2588 sitorum
1606 2579 1617 2599 ,
1647 2557 1695 2589 ut
1717 2557 1931 2590 vocantur.

1421 2692 1663 2745 bernantur‚
1689 2702 1759 2735 aut
1781 2694 2098 2748 magistratibus,
2123 2694 2156 2734 si
2178 2693 2317 2734 liberae
2339 2694 2519 2735 civitates
2542 2705 2651 2746 sunt,

1420 2764 1679 2806 denuntiant.
1741 2767 1816 2807 His
1850 2765 1908 2806 sas
1930 2780 2016 2806 non
2047 2773 2108 2806 est
2128 2764 2226 2806 falsa
2257 2779 2335 2820 pro
2366 2768 2479 2806 veris
2501 2766 2657 2808 denun-

1421 2839 1521 2879 tiare
1547 2853 1556 2879 ε
1586 2854 1722 2894 neque
1752 2838 1956 2880 Indorum
1985 2839 2205 2894 quisquam
2235 2839 2440 2880 mendacii
2475 2855 2658 2896 unquam

1790 2912 1851 2969 (6)
1874 2914 2102 2968 Septimum
2123 2927 2251 2968 genus
2269 2922 2329 2954 est
2350 2928 2495 2954 eorum
2516 2916 2586 2969 qui
2606 2913 2657 2955 de

1421 2985 1544 3026 rebus
1568 2985 1620 3027 ad
1647 3000 1869 3027 commune
1900 2986 2200 3041 pertinentibus
2231 2987 2464 3028 consultant

1421 2921 1632 2954 accusatus
1650 2921 1725 2953 est.

2491 3001 2500 3028 τ
2534 2987 2658 3042 idque

1423 3057 1486 3098 vel
1501 3072 1597 3098 cum
1619 3072 1713 3112 rege
1727 3089 1739 3108 ,
1763 3057 1826 3098 vel
1854 3072 1928 3112 per
1947 3058 2070 3098 urbes
2093 3072 2185 3112 quae
2204 3058 2341 3099 liberae
2363 3060 2579 3113 imperium
2602 3068 2658 3100 te-

1424 3137 1540 3181 nent,
1563 3144 1660 3170 cum
1690 3129 2009 3183 magistratibus.
2072 3130 2134 3183 (7)
2167 3131 2304 3183 Atque
2324 3129 2366 3170 hi
2391 3129 2560 3184 quidem
2580 3145 2656 3171 nu·

1422 3217 1539 3243 mero
1571 3203 1692 3257 pauci
1728 3209 1852 3252 sunt,
1889 3200 1960 3241 sed
1989 3201 2185 3256 sapientia
2216 3215 2264 3240 ac
2291 3200 2450 3255 justitia
2486 3202 2652 3257 reliquis

1422 3282 1630 3330 praestant.
1690 3275 1753 3314 Ex
1786 3273 1865 3313 hoc
1896 3286 2043 3326 genere
2077 3273 2334 3326 magistratus
2368 3281 2408 3313 et
2440 3275 2655 3327 regionum

1423 3346 1616 3402 praesides
1637 3353 1677 3386 et
1694 3344 1874 3400 praesecti
1895 3352 1936 3385 et
1956 3352 2178 3399 quaestores
2196 3358 2244 3385 ac
2262 3346 2475 3400 copiarum
2497 3353 2537 3386 ct
2559 3346 2656 3388 clas-

1425 3422 1533 3461 sium
1555 3419 1679 3460 duces
1694 3450 1705 3470 ,
1724 3433 1770 3460 ac
1785 3418 2082 3473 dispensatores
2097 3426 2138 3459 et
2149 3433 2289 3460 rerum
2302 3420 2549 3460 rusticarum
2565 3435 2655 3461 exa-

1425 3502 1558 3535 ctores
1594 3492 1842 3546 deliguntur.
1904 3493 1966 3546 (8)
2004 3491 2204 3546 Conjugia
2232 3493 2340 3533 inter
2373 3492 2449 3533 hos
2491 3493 2655 3535 ordines

1423 3566 1657 3621 promiscua
1685 3564 1774 3606 fieri
1806 3563 1919 3605 nefas
1951 3572 2025 3605 est.
2083 3565 2227 3619 Neque
2260 3565 2371 3606 enim
2399 3565 2492 3606 licet
2516 3581 2652 3607 exem-

1423 3638 1478 3694 pli
1502 3652 1622 3679 causa
1636 3635 1822 3691 agriculae
1840 3651 1890 3678 ex
1905 3636 2101 3692 opificum
2121 3635 2268 3678 ordine
2283 3652 2456 3678 uxorem
2477 3637 2626 3678 ducere
2638 3669 2648 3688 ,

1424 3731 1500 3757 nec
1524 3723 1680 3756 contra.
1740 3715 1884 3769 Neque
1909 3715 1984 3755 uni
2012 3714 2114 3756 duas
2146 3723 2251 3756 artes
2272 3729 2459 3756 exercere
2486 3715 2547 3755 sas
2569 3723 2652 3764 est,

1421 3801 1553 3842 neque
1571 3802 1620 3827 ex
1640 3801 1725 3826 uno
1748 3800 1895 3839 genere
1919 3787 1958 3826 in
1984 3785 2094 3827 aliud
2122 3787 2320 3837 transire,
2346 3787 2470 3826 veluti
2493 3786 2649 3839 agrico-

122 3957 163 3985 2.
194 3943 298 3986 οὗτοι
314 3946 546 3990 πλεῖστοίτε
565 3949 703 4001 πλήθει
728 3949 823 3992 Ἰνδ.
849 3955 897 3993 Λ.
921 3954 937 4007 ΙΙ
964 3978 1020 3985 —
1042 3968 1107 3996 11.
1132 3972 1149 3994 «
1179 3958 1245 3997 An
1264 3956 1357 3998 κλα-

121 4007 307 4049 δεύουσιΡ
339 4026 355 4048 »
378 4010 520 4053 Dabu.

1484 3956 1581 4002 XII,
1604 3958 1672 3995 26.
1693 3955 1905 4009 χρεόμενον
1930 3958 1982 3995 Α.
2021 3956 2036 4008 ΙΙ
2063 3978 2119 3985 -
2141 3954 2209 3994 33.
2231 3954 2296 3994 δεῖ
2312 3955 2365 3994 D.
2388 3954 2403 4007 ΙΙ
2423 3977 2477 3984 —-
2494 3956 2563 4003 [31.
2587 3953 2656 4009 ἀγ-

1428 4017 1559 4074 γεῖλαι
1582 4019 1631 4058 L.
1661 4017 1677 4070 ΙΙ
1700 4041 1756 4048 -
1774 4018 1842 4066 43.
1865 4016 1962 4058 κατὰ
1991 4016 2057 4064 τὰς
2071 4015 2217 4068 πόληας
2231 4018 2286 4060 A.

2438 4093 2492 4122 21.
