2808 4342
5 143 12 228 ς
42 198 45 202 .

56 76 61 77 '
85 137 203 197 (δἐι)

9 351 11 354 ,
35 312 43 361 ᾗ
83 306 436 352 ἀνατολικωτάτου
453 310 658 364 ποταμοῦ,
680 306 747 351 ἐπὶ
767 306 814 352 τὸ
838 308 1110 354 δυτικώτατον
1129 312 1200 364 τῆς
1220 310 1316 365 ὅλης

39 379 54 440 33
82 374 318 434 οἰκουμένης
353 374 627 436 ἀκρωτήριον,
653 373 674 419 ὃ
697 375 885 420 καλεῖται
909 375 982 436 μὲν
1013 376 1313 440 Ἱερὸνᾶκρον,

39 446 153 498 ..³²⁷1ss
183 442 224 488 δὲ
249 442 483 505 ’16ηρίας’
466 463 552 489 εστι
574 447 653 489 τῶν
688 447 928 490 Λυσιτανῶν
967 445 1117 498 ἔθνους.

1183 450 1318 493 Τοῦτο

6 514 9 558 Ῑζ
82 512 123 560 δὲ
143 512 350 575 Γαδείρων
371 513 462 569 ἤτοι
493 515 574 558 τῶν
592 513 844 576 Ηρακλέους
867 502 1029 570 στηλων
1053 515 1318 577 δυτικᾶπερον

6 636 10 647 ,
33 620 36 624 .
83 581 278 644 τυγχάνει
303 585 357 633 ὣς
383 581 569 634 σταδίους
594 600 644 642 γ

711 585 796 628 'l‘
753 601 797 627 ου
813 581 855 626 δὲ
877 581 1096 638 πλάτουςὴ
1112 585 1268 643 εὐθεῖα,
1291 589 1316 644 ᾗ

6 649 9 691 s
37 687 54 698 ,
81 649 322 706 πλατυτάτη
339 649 534 711 τυγχάνει
554 653 673 705 οὐσα,
693 652 880 708 ἀναμεμε
870 647 1032 710 ’τρηται
1055 654 1118 699 Μ.
1146 651 1197 711 δ’,
1215 671 1252 714 ,γ
1271 651 1318 704 ξ’·

40 726 51 766 ἶ
82 724 201 765 τοῦτο
237 719 281 765 δέ
315 722 401 765 ἐστι
437 718 483 766 τὸ
511 718 592 763 ἀπὸ
616 736 667 775 με
671 717 878 779 σημὸρίας
903 718 971 765 ἐπὶ
1002 719 1092 772 τους
1127 720 1319 783 ἄρκτους,

36 791 49 810 ²
81 793 163 835 οῖον
186 791 267 835 ἀπὸ
300 793 372 845 τῆς
396 789 639 843 Αἰθιοπικῆς
667 787 876 844 θαλάσσης
907 788 1030 851 μέχρι
1065 789 1227 846 Θούλης
1250 810 1320 846 της

43 900 45 905 ⁴
81 859 225 915 νήσου.

144 946 181 977 7.
218 931 313 976 Τῶν
340 926 381 973 δὲ
413 928 618 990 μεγίστων
655 928 820 975 κόλπων
855 932 1015 992 πρῶτος
1048 931 1122 988 μέν
1159 933 1266 976 ἐστιν
1301 934 1320 975 6

11 1016 13 1021 ·
38 988 55 1038 J··
82 997 341 1058 Γαγγητικὸζ
357 1034 369 1056 ,
393 998 576 1060 δεύτερος
608 997 649 1042 δὲ
674 1001 694 1042 6
720 999 945 1060 Περσικὸς,
969 998 1100 1062 τρίτος
1120 999 1161 1046 δὲ
1196 1004 1216 1045 6
1240 1019 1320 1045 κα-

81 1067 275 1127 λούμενος
295 1066 401 1112 οὕτω
420 1066 581 1127 Μέγας,
604 1066 797 1129 τέταρτος
814 1066 856 1113 δὲ
880 1071 900 1112 6
917 1068 1117 1130 Ἀράδιος,
1135 1067 1322 1129 πέμπτος

6 1135 11 1170 2
54 1163 55 1166 =
84 1136 126 1182 δὲ
149 1141 170 1181 6
203 1136 469 1195 Αἰθιοπικὸς,
497 1136 611 1188 ἕκτος
635 1137 676 1182 δὲ
715 1140 736 1181 6
765 1142 836 1182 τοῦ
863 1132 1046 1195 Πόντου,
1070 1137 1242 1198 ἕὸδομος
1279 1138 1321 1183 δὲ

16 1823 17 1826 „
6 1550 23 1783 W<W
4 1359 23 1534 -›7==-2-m
6 1315 14 1346 ›1-

30 1603 32 1606 .
40 1539 43 1543 ι
39 1471 41 1474 -
30 1423 39 1430 Ἴ,
31 1403 43 1418 ᾖ

20 1225 52 1262 -ᾕ,
83 1208 104 1250 6
127 1210 198 1251 τοῦ
222 1205 398 1267 Αἰγαίου
432 1205 662 1266 πελάγους,
687 1204 823 1266 ὄγδοος
856 1205 897 1250 δὲ
930 1209 950 1250 6
984 1209 1056 1261 τ’ῆς
1088 1206 1322 1257 Μαιώτιδος

82 1274 253 1335 λίμνης,
277 1274 437 1327 ἔννατος
459 1274 500 1320 δὲ
524 1278 544 1320 6
565 1275 722 1337 Ἀδρίας
741 1275 831 1331 ἤτοι
852 1274 989 1326 Ἰόνιος
1009 1275 1180 1330 κόλπος,
1202 1275 1322 1319 δέκα-

39 1346 50 1390 “,
83 1361 148 1396 τος
166 1343 208 1389 δὲ
229 1347 249 1388 6
271 1347 343 1400 τ’ἥς
363 1343 661 1407 Προποντίδος.

147 1427 182 1459 8.
217 1414 314 1459 Τῶν
339 1411 382 1457 δὲ
415 1412 619 1473 μεγίστων
643 1411 777 1468 νήσων
801 1410 827 1468 ἢ
851 1412 1137 1475 χερσονήσων,
1162 1413 1232 1458 καὶ
1251 1417 1323 1468 τῆς

40 1471 59 1530 -y,
83 1480 251 1542 πρώτης
266 1481 415 1535 τάξεως
430 1518 440 1538 ,
466 1482 609 1543 πρώτη
633 1481 705 1541 μὲν
728 1485 753 1537 ἡ
775 1481 1032 1544 Ταπροὸάνη
1053 1485 1172 1538 νῆσος
1191 1485 1216 1537 ἡ
1235 1485 1322 1528 Πα-

39 1551 58 1597 '1
84 1550 375 1611 λαισιμούνδου
420 1551 654 1611 καλουμένη
692 1550 915 1612 πρότερον,
950 1555 1019 1595 νῦν
1062 1550 1104 1595 δὲ
1144 1550 1322 1610 Σαλικῆξ

26 1646 53 1684 ⁴„
88 1620 257 1682 δευτέρα
296 1619 338 1665 δὲ
360 1623 439 1665 τῶν
472 1623 765 1682 Πρεττανικῶν
799 1624 826 1675 ἡ
846 1619 1052 1678 ,Ἀλὸίωὴ
1080 1619 1197 1681 τρίτη
1231 1619 1272 1664 δὲ
1297 1622 1322 1673 ἡ

85 1690 233 1751 Χρυσῆ
271 1689 543 1754 χερσόνησος,
570 1689 747 1751 τετάρτη
786 1689 827 1732 δὲ
862 1691 941 1733 τῶν
968 1690 1257 1749 Πρεττανικῶν
1298 1692 1323 1743 ἡ

86 1758 306 1821 Ἰουερνία,
332 1758 502 1818 πέμπτη
528 1757 568 1802 δὲ
605 1762 630 1812 ἡ
667 1756 1004 1812 Πελοπόννησος,
1029 1757 1127 1811 ἕκτη
1163 1756 1204 1813 δὲ
1233 1757 1323 1816 [ἡ]

8 1865 51 1889 ,1,
88 1827 281 1884 Σικελία,
301 1827 458 1885 ἑὸδόμη
481 1826 523 1870 δὲ
548 1829 574 1880 ἡ
604 1823 779 1883 Σαρδὼ,
805 1824 991 1886 ὀγδόη-δὲ
1012 1826 1100 1886 [ἡ]
1141 1822 1322 1885 Κύρνος,

87 1894 228 1951 ἐννοίτη
253 1896 312 1956 [ἡ
332 1896 349 1956 ]
373 1893 535 1956 Κρήτη,
559 1893 710 1950 δεκάτη
737 1894 791 1954 [ἡ
810 1894 827 1954 ]
846 1893 1026 1955 Κύπρος.

1097 1896 1133 1939 Κ
1141 1893 1181 1938 αὶ
1197 1897 1326 1938 ταῦτα

18 1991 19 1994 =
89 1963 162 2024 μὲν
182 1963 248 2009 ἐπὶ
270 1966 476 2008 τοσοῦτον·
498 1962 565 2007 ἐπὶ
586 1961 696 2008 δὲτὰ
716 1962 964 2024 προκείμενα
989 1962 1324 2022 μεταὸησόμεθα.

37 2086 55 2150 γ’
91 2099 173 2138 sint
201 2096 332 2138 stadia
353 2096 510 2147 68545;
536 2104 597 2137 tot
617 2098 729 2137 enim
756 2111 993 2137 numerasse
1023 2096 1335 2137 Artemidorum

12 2147 60 2184 ⁵²*
86 2168 249 2201 constat
271 2174 321 2200 ex
343 2160 619 2213 Aga-themero
646 2163 682 2210 Ι,
717 2163 741 2208 4
762 2168 803 2200 et
834 2160 968 2201 Plinio
1005 2161 1061 2208 ΙΙ,
1093 2173 1169 2199 112
1189 2162 1211 2211 5
1235 2163 1331 2208 242.

0 2212 18 2245 ¹·
46 2231 65 2246 ’·
88 2225 147 2267 At
164 2220 418 2263 Artemidori
457 2222 586 2262 stadia
612 2221 746 2270 68545
773 2222 939 2262 nonnisi
968 2220 1021 2260 ad
1043 2220 1178 2262 Gades
1204 2235 1335 2275 usq-ue

61 2319 65 2322 .
90 2285 316 2342 pertinent,
350 2284 451 2324 du'm
481 2293 622 2324 noster
643 2283 910 2339 progreditur
929 2297 1059 2337 usque
1080 2282 1133 2323 ad
1165 2284 1333 2324 Sacrum

21 2386 24 2390 ,
48 2341 63 2383 s
90 2346 442 2402 promontorium,
469 2345 581 2400 quod
601 2361 624 2386 a
646 2345 834 2387 Gadibus
868 2345 992 2385 distat
1013 2344 1241 2385 secundum
1268 2360 1335 2386 co-

38 2400 61 2445 ῑΪ
93 2409 227 2449 dicem
244 2417 434 2449 nostrum
465 2408 594 2449 stadia
616 2423 740 2462 9000,
762 2416 904 2463 aperto
920 2408 1147 2448 scribarum
1169 2422 1236 2448 err
1238 2422 1330 2458 oie,

20 2460 54 2539 ’ὲ
89 2486 215 2526 quem
246 2472 426 2511 correxit
457 2470 683 2512 Hudsonus
716 2486 795 2526 pio
834 2485 943 2542 9000
975 2486 1025 2511 ex
1063 2471 1335 2511 E1atosthene

0 2557 1 2571 η
23 2539 32 2554 ’“
92 2547 295 2587 reponens
319 2533 428 2574 3000
451 2532 602 2582 stadia;
622 2533 726 2574 adeo
755 2542 801 2574 ut
826 2534 859 2573 si
875 2533 962 2573 haec
982 2531 1187 2572 addantur
1214 2535 1273 2574 Ar
1275 2541 1334 2573 te-

44 2623 46 2628 ,
92 2595 280 2635 midoreo
320 2609 496 2636 numero
547 2591 709 2646 68545,
753 2610 913 2636 summa
946 2595 1147 2635 efficiatur
1185 2595 1336 2636 stadio-

92 2669 186 2696 rum
217 2655 371 2710 71455.
406 2659 542 2710 Atque
578 2658 633 2698 ita
668 2666 810 2699 nostro
840 2658 931 2698 1000
957 2656 1221 2697 scribendum
1251 2672 1336 2698 esse

93 2718 357 2768 crediderim,
384 2733 512 2773 quum
537 2719 652 2760 facile
671 2721 796 2761 literae
821 2736 859 2777 ,η
888 2729 927 2760 et
953 2736 991 2776 ,α
1010 2719 1332 2761 confundantur.

84 2780 369 2835 Exspectabas
399 2795 496 2821 sane
519 2782 777 2822 Marcianum
793 2814 803 2832 ,
829 2782 900 2836 qui
920 2783 961 2821 in
979 2790 1135 2822 antece.
1158 2789 1198 2822 et
1219 2797 1332 2836 seqq.

24 2858 39 2893 gs*
93 2843 360 2884 Ptolemaeum
377 2844 606 2898 exscripsit,
626 2844 803 2885 eundem
823 2845 1090 2885 Ptolemaeum
1112 2845 1234 2885 etiam
1257 2844 1337 2884 hoc

94 2905 186 2945 loco
204 2913 390 2945 secutum
410 2919 518 2953 esse;
558 2914 599 2946 at
620 2906 740 2960 longe
770 2907 821 2946 ab
842 2921 891 2947 eo
925 2906 1094 2947 recedit.
1119 2908 1224 2947 Nam
1240 2909 1335 2947 Pto-

19 2975 23 2979 ·
95 2966 261 3006 lemaeus
280 2980 302 3006 a
322 2967 560 3007 Fortunatis
580 2968 676 3008 inss.
704 2982 835 3022 usque
848 2968 901 3009 ad
921 2970 1111 3010 Sinarum
1127 2977 1336 3024 metropo-

16 3235 51 3352 Ξ

30 3354 57 3403 ζ
100 3337 203 3378 dum
226 3353 311 3380 0550
330 3341 562 3395 suspiceris.
595 3345 709 3393 Quot
729 3342 896 3395 quidem
927 3342 1058 3383 stadia
1077 3358 1099 3383 a
1122 3344 1263 3396 Gange
1285 3343 1335 3383 acl

26 3413 50 3572 Ξ

17 3593 27 3630 ⁸„

20 3703 29 3744 ’ί
43 3719 47 3724 .

95 3027 167 3067 lim
200 3028 366 3068 nonnisi
394 3042 532 3082 72000
551 3029 681 3070 stadia
717 3039 942 3085 computat.
972 3031 1181 3073 Putaveris
1211 3031 1337 3084 igitur

55 3088 353 3131 Ma1cianum
386 3093 501 3145 sequi
532 3092 816 3146 Protagoram,
841 3093 954 3134 hunc
978 3108 1074 3134 vero
1106 3093 1158 3133 ad
1185 3095 1335 3134 Malini

98 3152 272 3192 calculos
291 3167 333 3193 se
359 3152 693 3196 accommodasse
720 3154 866 3196 videri.
903 3157 1023 3197 Certe
1049 3170 1179 3210 quum
1198 3156 1335 3196 latitu-

82 3213 237 3254 dinem
261 3222 378 3256 terlae
408 3215 554 3257 eodem
588 3217 673 3258 fe1e
702 3216 846 3268 modo,
879 3232 961 3272 quo
987 3219 1190 3268 Marinus,
1227 3219 1336 3259 Mar-

84 3277 240 3316 cianus
260 3276 489 3329 definierit,
513 3279 624 3320 idem
653 3280 774 3320 etiam
793 3280 845 3321 de
869 3280 1127 3334 longitudine
1156 3288 1336 3321 statuen-

97 3400 269 3441 Sacrum
304 3415 441 3456 prom.
479 3404 666 3444 Marinus
696 3405 997 3458 computaverit
1016 3406 1240 3454 nescimus;
1265 3404 1337 3445 sed

100 3461 232 3502 multo
263 3462 383 3517 plura
423 3478 545 3518 quam
592 3465 857 3505 Ptolemaeum
900 3479 1138 3506 numerasse
1179 3475 1336 3508 constat

100 3525 117 3578 (
143 3523 197 3564 V.
223 3525 328 3566 Ptol.
345 3527 381 3576 I,
417 3540 465 3567 12
481 3558 492 3578 ‚
534 3541 581 3567 12
606 3527 638 3583 ).
661 3530 715 3568 At
748 3527 847 3567 illud
881 3528 1014 3581 ipsum
1033 3527 1144 3580 quod
1162 3530 1336 3569 Marcia-

99 3601 178 3627 nus
195 3586 426 3628 habitabilis
450 3597 566 3630 terrae
584 3590 748 3629 initium
771 3589 850 3629 hoc
872 3589 962 3629 loco
986 3604 1008 3629 a
1030 3590 1172 3642 Gange
1200 3593 1333 3644 ponit,

101 3663 232 3703 quum
242 3664 265 3689 a
278 3651 428 3690 Marini
442 3659 482 3692 et
492 3651 726 3705 Protagorae
736 3651 964 3692 rationibus
973 3665 1142 3706 prorsus
1157 3652 1334 3694 alienum

98 3712 175 3760 sit,
194 3710 366 3752 indicari
387 3712 565 3764 videtur,
591 3722 730 3754 nostra
762 3714 848 3754 haec
880 3728 929 3753 ex
951 3714 1183 3767 antiquiore
1206 3715 1332 3766 sonte,

20 3778 36 3823 ,ῥ’
100 3773 173 3826 ⁴qui
203 3772 254 3813 ad
285 3775 538 3816 Artemidori
561 3777 739 3817 rationes
769 3774 1008 3826 accedebat,
1040 3790 1125 3816 esse
1156 3787 1332 3832 arrepta.

17 4210 29 4241 ³¹-
19 4103 34 4188 “⁴1¹'‘

102 3835 392 3876 Eratosthenes
422 3852 445 3878 a
478 3839 619 3892 Gange
642 3838 694 3878 ad
716 3839 883 3878 Sacrum
916 3839 1250 3892 promontorium
1268 3855 1336 3879 cx-

102 3897 396 3950 putavitstadia
407 3900 456 3953 73
465 3902 561 3948 ,800
575 3917 586 3950 ;
600 3899 785 3939 Isidorus
798 3914 927 3953 usque
939 3899 989 3939 ad
1003 3899 1137 3940 Gades
1146 3901 1214 3953 73,
1231 3901 1278 3949 54
1287 3902 1307 3941 5
1321 3918 1331 3951 ;

104 3960 349 4014 Anonymus
371 3963 434 4002 De
457 3963 578 4003 Pont.
605 3962 758 4002 Euxin.
779 3962 935 4011 830003
965 3961 1066 4001 alius
1092 3964 1334 4017 Anonymus

815 135 1113 182 PERIPLUS
1149 137 1338 209 MAms
1371 137 1613 183 EXTERI.
1654 136 1830 182 LIBER
1854 137 1905 212 Ι.

35 286 38 293 ,
82 237 235 283 ἔστιτὸ
270 236 350 282 ἀπὸ
370 236 744 296 Γάγγουιποταμοῧ
769 236 975 298 ἕκὸολῶν,
1010 243 1079 284 τοῦ
1113 241 1153 285 ἐν
1174 239 1316 291 Ἰνδοῖς

2532 161 2607 202 521

1383 246 1472 286 timi
1491 245 1694 286 Indorum
1713 260 1854 287 versus
1911 246 2124 287 Orientem
2146 247 2279 299 fluvii,
2308 250 2423 290 ostiis
2446 264 2621 305 procur-

1384 322 1437 361 rit
1453 321 1506 362 ad
1525 331 1759 364 extremum
1779 323 1904 363 totius
1921 317 2034 364 orbis
2052 331 2256 365 terrarum
2272 339 2464 366 occasum
2485 341 2624 367 versus

1384 399 1740 450 promontorium,
1760 413 1923 439 sacrum
1937 398 2059 452 vulgo
2073 399 2336 454 appellatum,
2356 402 2398 442 in
2418 403 2626 443 Lusitanis

1386 473 1613 527 Hispaniae.
1635 482 1774 527 gente,
1809 473 1924 528 quod
1952 474 2059 515 ultra
2081 474 2218 516 Gades
2240 476 2324 516 sive
2346 477 2534 517 Herculis
2557 492 2628 518 co-

2551 555 2627 594 La-

1387 623 1575 664 titudinis
1594 633 1732 666 autem
1766 634 1874 666 recta
1896 626 2028 677 linea,
2061 641 2142 681 qua
2159 627 2355 668 latissima
2383 635 2459 678 est,
2491 629 2627 677 43060

1386 547 1548 588 lumnas
1576 549 1685 590 3000
1707 550 1871 590 circiter
1893 548 2035 590 stadiis
2061 551 2103 590 in
2129 565 2322 592 occasum
2342 553 2486 605 vergit.

1387 700 1613 740 stadiorum
1649 703 1833 755 ponitur,
1858 717 1986 756 eaque
2009 704 2187 757 pertinet
2216 718 2239 743 a
2264 703 2434 743 meridie
2466 712 2626 758 septen·

1388 775 1565 814 trionem
1580 789 1732 824 versuS‚
1752 775 1802 815 ab
1821 775 2053 831 AEthiopico
2072 779 2270 819 nimirum
2286 780 2389 820 mari
2405 779 2456 820 ad
2466 780 2626 821 Th'ulen

1389 850 1578 891 insulam.

1447 946 1488 984 7.
1519 934 1634 972 Inter
1652 932 1854 972 maximos
1874 941 2010 973 autem
2040 934 2155 974 sinus
2178 936 2367 992 princeps
2387 945 2446 977 est
2467 938 2630 990 Gange·
2669 923 2675 928 .

1391 1013 1510 1063 nicus,
1528 1012 1733 1053 secundus
1751 1027 1847 1053 vero
1863 1016 2063 1065 Persicus,
2086 1017 2229 1056 tertius
2246 1018 2279 1057 is
2295 1031 2416 1072 quem
2430 1019 2626 1072 Magnum

1392 1093 1613 1148 appellant,
1659 1102 1830 1148 quartus
1868 1095 2069 1136 Arabicus
2083 1126 2094 1145 ,
2139 1097 2309 1151 quintus
2348 1098 2627 1154 AEthiopicu·S‚

1391 1184 1528 1216 sextus
1560 1176 1770 1226 Ponticus,
1793 1176 1989 1231 septimus
2012 1178 2136 1231 AEgaei
2160 1180 2298 1230 maris,
2319 1189 2485 1221 octavus
2503 1182 2626 1222 Μετο-

1392 1258 1482 1296 ticae
1524 1257 1702 1311 paludis,
1732 1272 1868 1298 nonus
1908 1258 2143 1300 Adriaticus
2178 1262 2261 1301 sive
2294 1263 2459 1302 Ionicus
2491 1264 2629 1313 sinus,

1391 1339 1579 1378 decimus
1598 1339 1878 1392 Propontidis.

1392 1459 1398 1464 .
1455 1425 1494 1462 8.
1527 1425 1641 1462 Inter
1661 1423 1860 1462 maximas
1880 1430 2017 1462 autem
2038 1431 2078 1463 et
2095 1425 2219 1479 primi
2245 1426 2365 1480 quasi
2385 1427 2542 1466 ordinis
2573 1429 2632 1468 in-

1397 1491 1503 1532 sulas
1519 1500 1640 1546 atque
1654 1491 1889 1546 peninsulas
1900 1492 2032 1546 prima
2047 1501 2107 1533 est
2123 1493 2368 1549 Taprobane
2380 1496 2526 1546 insula,
2545 1511 2635 1550 qua:

1398 1560 1514 1614 prius
1535 1559 1705 1614 quidem
1726 1559 2030 1609 Palaesimundi,
2066 1575 2178 1602 nunc
2206 1570 2345 1602 autem
2368 1563 2495 1604 Saliea
2517 1578 2635 1604 voca·

1399 1634 1489 1676 tur3
1528 1626 1708 1667 secunda
1729 1635 1789 1666 est
1809 1626 1976 1676 Albion,
2005 1641 2087 1668 una
2123 1643 2173 1668 ex
2206 1630 2478 1680 Britannicis,
2515 1632 2635 1671 tertia

1398 1708 1522 1734 aurea
1547 1693 1842 1743 Chersonesus,
1873 1703 2018 1748 quarta
2044 1697 2221 1747 Ivernia,
2247 1705 2287 1737 et
2317 1698 2402 1752 ipsa
2439 1712 2522 1738 una
2545 1699 2634 1738 Bri·

1398 1762 1671 1811 tannicarum,
1684 1762 1827 1815 quinta
1838 1762 2159 1816 Peloponnesus,
2173 1773 2284 1805 sexta
2301 1766 2449 1815 Sicilia,
2464 1767 2635 1822 septima

1398 1828 1600 1877 Sardinia,
1623 1837 1766 1869 octava
1787 1830 1965 1879 Corsica,
1991 1845 2099 1871 nona
2120 1833 2255 1883 Creta,
2277 1832 2436 1876 decima
2457 1835 2632 1890 Cyprus,

1402 1898 1538 1949 Atque
1556 1895 1643 1935 haec
1667 1895 1835 1950 quidem
1868 1896 2081 1938 hactenus.
2140 1900 2262 1940 Nunc
2290 1899 2342 1940 ad
2377 1902 2634 1957 propositum

1404 1963 1637 2003 redeamus.

1408 2112 1473 2152 ap.
1488 2098 1627 2138 Miller
1649 2098 1701 2138 ad
1716 2098 1815 2139 calc.
1835 2100 2034 2140 Marcian.
2061 2102 2220 2150 8oooo;
2248 2100 2314 2140 alii
2336 2101 2466 2142 aliter.
2484 2091 2645 2142 Eadem⁵

1409 2161 1703 2199 sententiarum
1719 2161 1931 2200 fluctuatio
1957 2161 2000 2199 in
2017 2160 2253 2202 definienda
2280 2162 2507 2204 latitudine.
2543 2165 2558 2218 ΙΙ
2585 2188 2639 2195 -

1408 2226 1447 2261 6.
1466 2219 1516 2276 ᾗ]
1533 2220 1682 2271 ἣοοἀ.;
1695 2236 1775 2261 em.
1793 2222 1938 2262 Haase.
1957 2227 1970 2268 ΙΙ
1983 2224 2117 2277 -Ιγ]
2138 2220 2431 2270 O'codex3em.
2445 2223 2636 2265 Hudson.

1406 2284 1459 2323 V.
1476 2282 1620 2322 Strabo
1632 2296 1675 2336 p.
1691 2285 1758 2331 64,
1771 2282 1979 2335 Agathem.
1993 2285 2050 2333 Π,
2066 2296 2082 2322 1
2093 2283 2233 2338 ..11--7
2245 2283 2300 2324 M.
2313 2282 2361 2333 δ’,
2376 2299 2401 2338 γ
2416 2283 2468 2339 ξ’]
2485 2286 2635 2332 43060.

1410 2344 1653 2384 Ptolemaeus
1681 2343 1695 2399 (
1718 2345 1814 2393 VII,
1839 2344 1877 2394 5,
1915 2358 1963 2384 12
1984 2347 2000 2398 )
2024 2345 2081 2386 ita
2105 2358 2114 2385 ε
2139 2346 2193 2385 Τὸ
2217 2345 2459 2400 ἐγνωσμένον
2479 2350 2545 2398 τῆς
2563 2350 2635 2402 γῆς

1407 2407 1551 2454 πλάτος
1564 2411 1705 2462 μοιρῶν
1721 2406 1787 2461 μὲν
1805 2405 1880 2457 σθ’,
1892 2405 1947 2462 γ’,
1966 2406 2017 2461 ιβ’
2033 2408 2113 2461 (79
2132 2414 2176 2456 ⁵),
2188 2407 2219 2463 ²)
2234 2408 2257 2459 ἢ
2271 2408 2335 2448 καὶ
2350 2408 2452 2449 ὅλων
2468 2408 2523 2460 π’,
2543 2425 2634 2450 στα-

1407 2469 1497 2509 δίων
1522 2468 1562 2509 δὲ
1583 2469 1905 2524 τετρακισμυρίων
1939 2468 2114 2524 ἔγγιστα,
2137 2470 2188 2517 ὡς
2209 2473 2276 2522 τῆς
2300 2469 2366 2525 μὲν
2392 2473 2477 2525 μιᾶς
2502 2473 2636 2526 μοίρας

1407 2531 1677 2578 πεντακοσίους
1705 2531 1954 2586 περιεχούσης
1976 2532 2163 2579 σταδίους.
2199 2525 2287 2573 Sec.
2327 2532 2531 2574 Marinum
2567 2549 2633 2589 ap.

1407 2594 1512 2635 Ptol.
1539 2597 1574 2644 I,
1608 2610 1648 2648 7,
1683 2607 1707 2634 2
1736 2593 1908 2634 latitudo
1934 2603 2050 2635 terrae
2078 2595 2174 2635 inde
2203 2595 2375 2636 aThule
2400 2604 2459 2636 est
2484 2596 2636 2638 stadio-

1407 2670 1500 2696 rum
1517 2656 1653 2704 43500
1663 2672 1674 2707 ;
1695 2665 1741 2696 ut
1756 2657 1932 2711 suspicio
1948 2658 2000 2697 sit
2014 2656 2124 2712 apud
2138 2657 2394 2698 Marcianum
2408 2672 2485 2712 pro
2501 2657 2534 2708 ξ,
2557 2658 2634 2712 leg.

1408 2733 1494 2759 esse
1524 2717 1578 2773 φ’.
1600 2719 1876 2759 Hoffmannus
1898 2719 2155 2760 latitudinem
2177 2718 2285 2774 apud
2312 2720 2567 2760 Marcianum
2588 2735 2635 2761 ex

1407 2780 1660 2822 Artemidori
1670 2780 1833 2822 calculis
1850 2781 1956 2822 tradi
1967 2790 2131 2836 putam,
2151 2797 2235 2823 non
2247 2782 2451 2837 reputavit
2462 2784 2638 2824 Artemi-

1407 2843 1558 2884 dorum
1584 2844 1628 2883 in
1654 2858 1730 2884 suo
1754 2842 1983 2883 latitudinis
2009 2852 2206 2899 computo
2242 2845 2408 2884 nonnisi
2435 2859 2564 2899 usque
2587 2846 2638 2885 ad

1406 2906 1555 2946 Tanais
1591 2906 1705 2946 fluvii
1739 2906 1841 2946 ostia
1869 2905 2084 2961 progredi,
2121 2914 2160 2946 et
2191 2906 2383 2947 ulteriora
2418 2921 2548 2961 usque
2586 2907 2637 2947 ad

1406 2967 1569 3008 Thulen
1588 2982 1674 3008 non
1693 2981 1779 3007 esse
1798 2965 2032 3008 definienda
2046 2968 2264 3008 censuisse.

1464 3033 1485 3083 S
1514 3036 1558 3072 7.
1595 3029 1658 3071 Cf.
1693 3029 1936 3070 Ptolemaeus
1953 3031 2050 3079 VII,
2082 3029 2120 3079 5,
2148 3044 2196 3070 10
2227 3043 2236 3070 ε
2262 3029 2374 3069 ’Έστι
2401 3029 2525 3069 δὲκαὶ
2561 3035 2636 3071 τῶν

1411 3092 1476 3148 μὲν
1497 3091 1808 3147 ἀξιολογωτέρων
1826 3091 1980 3131 κόλπων
2003 3096 2150 3146 πρῶτος
2173 3090 2238 3146 μὲν
2257 3091 2320 3131 καὶ
2337 3091 2476 3146 μείζων
2496 3091 2637 3146 ὁμοίως

1408 3154 1429 3194 6
1452 3153 1710 3209 Γαγγητικὸς,
1740 3152 1910 3207 δεύτερος
1922 3151 1962 3192 δὲ
1981 3146 2001 3192 6
2017 3152 2199 3207 Περσικὸς
2212 3183 2222 3202 ,
2247 3153 2370 3206 τρίτος
2385 3152 2425 3192 δὲ
2450 3153 2471 3192 6
2489 3154 2633 3208 Μέγας,

1407 3216 1582 3271 τέταρτος
1597 3215 1636 3255 δὲ
1659 3215 1679 3254 6
1709 3213 1910 3268 Ἄραὸικὸς,
1929 3214 2095 3268 πέμπτος
2116 3213 2154 3254 δὲ
2174 3214 2194 3254 6
2215 3213 2445 3264 Αἰθιοπικὸς,
2473 3215 2580 3263 ἕκτος
2597 3216 2636 3256 δὲ

1410 3278 1431 3317 6
1451 3281 1517 3318 τοῦ
1544 3278 1706 3326 Πόντου,
1731 3276 1893 3331 ἔὸδομος
1915 3275 1955 3315 δὲ
1974 3276 1994 3315 6
2017 3279 2084 3316 τοῦ
2107 3275 2265 3331 Αἰγαίου
2277 3276 2481 3331 πελάγους,
2501 3277 2638 3332 ὄγδοος

1408 3340 1447 3380 δὲ
1470 3340 1490 3379 6
1507 3343 1573 3391 τῆς
1590 3339 1808 3386 Μαιώτιδος
1833 3338 1994 3393 λίμνης,
2022 3338 2175 3386 ἔννατος
2195 3338 2235 3378 δὲ
2251 3338 2271 3378 6
2298 3337 2461 3394 Ἀδρίας,
2484 3340 2636 3388 δέκατος

1408 3402 1447 3442 δὲ
1466 3402 1486 3442 6
1506 3405 1572 3453 τῆς
1596 3393 1866 3456 Προποντίδος.
1896 3401 1910 3454 Η
1937 3425 1994 3431 —
2014 3414 2078 3441 12.
2099 3401 2326 3457 Γαγγιτικός
2347 3400 2440 3441 cod.
2465 3409 2505 3441 et
2531 3401 2559 3442 l.
2587 3401 2632 3442 15

1408 3468 1474 3505 τοῦ
1502 3463 1638 3519 Ἔγέου
1664 3463 1885 3518 πελάγους..
1912 3464 2154 3512 Μαιότιδος..
2177 3462 2335 3511 Ἰώνιος.

1464 3530 1485 3580 S
1510 3533 1548 3569 8.
1571 3525 1812 3567 Ptolemaeus
1836 3527 1934 3575 VII,
1964 3525 2003 3575 5,
2033 3539 2077 3566 11
2108 3538 2118 3566 z
2150 3525 2234 3566 Τῶν
2258 3526 2298 3566 δὲ
2325 3525 2634 3582 ἆξιολογωτέρων

1408 3589 1534 3640 νήσων
1554 3589 1577 3639 ἢ
1601 3588 1848 3643 χερσονήσων
1872 3589 2002 3642 πρώτη
2030 3587 2096 3642 μὲν
2130 3588 2358 3643 Ταπροὸάνη
2374 3622 2386 3642 ,
2422 3589 2574 3643 δευτέρα
2597 3588 2636 3628 δὲ

1407 3656 1481 3692 τῶν
1506 3652 1764 3705 Βρεττανικῶν
1785 3650 1808 3701 ἣ
1835 3649 2052 3700 Ἄλὸίωνος,
2077 3650 2184 3705 τρίτη
2209 3650 2249 3692 δὲ
2265 3650 2288 3702 ὴ
2303 3651 2428 3706 Χρυσῆ
2445 3651 2634 3704 Χερσόνη-

1408 3730 1490 3762 σος,
1523 3714 1682 3768 τετάρτη
1707 3712 1746 3752 δὲ
1765 3717 1840 3752 τῶν
1862 3713 2120 3767 Βρεττανικῶν
2138 3712 2164 3765 ἢ
2191 3712 2396 3768 Ἰουέρνια,
2421 3713 2570 3766 πέμπτη
2595 3711 2635 3751 δὲ

1406 3776 1428 3827 ἣ
1450 3775 1766 3827 Πελοπόννησος,
1792 3775 1881 3827 ἕκτη
1909 3773 1983 3815 δὲε
1968 3791 2044 3826 η
2014 3775 2101 3816 Σικε
2087 3775 2228 3825 ελία,”
2215 3776 2357 3829 εδδόμη
2378 3773 2454 3825 δὲῆ
2473 3774 2630 3828 Σαρδὼ,

1406 3838 1524 3892 ὀγδόη
1550 3836 1634 3889 δὲῆ
1667 3837 1823 3892 Κύρνος,
1848 3836 2024 3889 ἐννάτη
2005 3836 2047 3877 οὲ·
2067 3837 2090 3888 ἢ
2110 3837 2262 3891 Κρήτη,
2289 3837 2426 3887 δεκάτη
2460 3834 2534 3876 δὲ’
2518 3851 2541 3886 η
2567 3835 2636 3875 Κύ-

1407 3915 1509 3954 προς.
1537 3899 1552 3951 ΙΙ
1578 3924 1634 3930 —-
1657 3914 1720 3953 19.
1745 3899 1864 3940 πάλαι
1886 3900 2111 3954 Σημουνδοῦ
2127 3899 2208 3939 etl.
2233 3910 2280 3938 21
2302 3907 2341 3938 et
2360 3911 2411 3938 22
2431 3898 2502 3952 Βρε
2488 3912 2632 3938 εττανι-

1406 3967 1482 4003 κῶν
1506 3962 1582 4002 bis.
1610 3965 1624 4017 Η
1648 3986 1703 3993 -
1718 3965 1787 4010 24.
1803 3962 1940 4017 Κύρνη.
1966 3961 2192 4002 Articulum
2211 3961 2358 4016 passim
2379 3961 2544 4001 inserui.
