2808 4342
70 189 185 250 (m.)

70 291 206 350 ληνὶς,
228 288 474 336 Μακεδόνων
498 285 675 344 κτίσμα·
691 291 822 330 κεῖται
843 284 876 329 δ’
900 284 966 329 ἐπὶ
986 284 1149 346 Βάλιχα
1171 303 1298 330 ποτα-

73 365 150 417 μοῦ
165 395 176 414 ,
198 364 352 420 σχοῖνοι
374 356 430 416 γ’.
452 347 555 401 Εἶτα
580 354 830 416 Νικηφόριον
850 352 948 414 παρ’
972 353 1196 415 Εὐφράτην
1219 353 1300 399 πό·-

70 432 132 481 λις
153 425 363 482 Ἑλληνὶς,
384 424 539 482 κτίσμα
560 421 822 483 Ἀλεξάνδρου
843 421 1057 483 βασιλέως,
1077 428 1233 483 σχοῖνοι
1253 422 1299 466 ε’.

72 495 214 543 ’Ἔνθεν
234 491 534 554 παραποταμία
562 490 815 547 Γαλάὸαθα,
833 489 962 550 ’κώμη
984 489 1134 551 ἔρημος
1148 525 1159 546 ,
1186 497 1301 551 σχοῖ-

31 582 50 610 5
72 581 131 608 νοι
151 562 185 607 δ’
191 600 200 610 .
227 553 335 607 Εἶτα
365 559 595 619 Χουμὸανὴ
621 558 758 619 κώμη,
785 566 944 621 σχοῖνος
965 558 1003 603 α’
1020 577 1030 587 ·
1055 558 1163 603 ἔνθεν
1197 561 1301 605 Θιλ-

68 631 175 679 λάδα
202 629 422 692 Μιρράδα,
446 631 624 688 σταθμὸς
658 628 890 690 βασιλικὸς,
917 634 1072 689 σχοῖνοι
1095 628 1146 675 δ’.
1189 621 1300 675 Εἶτα

72 699 279 761 βασίλεια,
303 697 534 761 Ἀρτέμιδος
552 697 677 758 ἱερὸν,
700 697 873 760 Δαρείου
904 697 1059 757 κτίσμα
1073 732 1085 753 ,
1107 697 1299 757 κωμόπο-

68 771 152 820 λις·
177 771 351 814 ἐνταῦθα
375 766 655 828 Σεμιράμιδός
686 768 771 812 ἐστι
793 765 964 829 διῶρυξ,
989 765 1060 811 καὶ
1083 765 1205 818 λίθοις
1226 766 1300 812 πέ-

68 857 245 901 φρακται
265 841 286 883 ὃ
310 837 546 900 Εὐφράτης,
568 835 636 881 ἵνα
663 836 1038 899 στενοχωρούμενος
1069 836 1298 899 ὕπερκλύζῃ

9 923 47 954 10
71 908 123 953 τὰ
141 909 261 953 πεδία
276 926 285 935 ·
306 906 440 969 θέρους
455 908 594 967 μέντοι
610 909 780 967 ναυαγεῖ
792 904 842 950 τὰ
859 907 1000 952 πλοῖα.
1030 896 1131 951 Εἶτα
1151 905 1298 951 Ἀλλὰν

69 975 302 1036 κωμόπολις
316 1012 327 1033 ,
349 983 503 1038 σχοῖνοι
523 976 574 1020 δ’·
593 974 701 1019 ἔνθεν
722 974 897 1030 Βηονὰν,
918 973 1151 1036 Ἀρτέμιδος
1173 973 1296 1035 ἱερὸν,

66 1175 122 1182 -
159 1152 214 1192 M.
265 1152 444 1206 κτίσμα
480 1152 496 1205 ]
534 1151 590 1191 M.
623 1153 752 1205 κτῆμα
791 1149 935 1198 codd.;
978 1163 1060 1189 em.
1093 1151 1301 1190 Letronne

68 1216 85 1267 (
99 1216 155 1255 V.
174 1217 276 1255 Luc.
294 1214 495 1254 Holstenii
510 1228 576 1268 ep.
601 1212 669 1253 ed.
686 1211 935 1254 Boissonade
950 1226 992 1266 p.
1013 1210 1091 1260 455
1116 1213 1132 1266 )
1151 1220 1191 1252 01
1208 1212 1302 1252 Mil-

66 1276 139 1316 ler.
165 1278 227 1316 De
242 1276 508 1316 Macedonica
538 1275 655 1326 urbe,
677 1290 768 1329 quae
787 1274 918 1328 Ἴχναι
949 1281 1134 1323 vocatur,
1156 1289 1195 1314 v.
1221 1275 1302 1315 He·

66 1338 203 1379 rodot.
228 1340 325 1389 VII,
347 1340 450 1389 1233
475 1338 621 1379 Strabo
644 1339 724 1387 IX,
750 1352 792 1392 p.
813 1336 914 1387 4353
934 1335 1075 1390 steph.
1094 1337 1190 1390 Byz.
1206 1351 1239 1376 s.
1258 1351 1297 1377 v.

64 1401 370 1455 Mesopotamiae
407 1400 609 1455 oppidum
641 1399 742 1440 hod.
780 1414 865 1439 esse
902 1398 1065 1438 videtur
1101 1398 1297 1448 Klzoncis,

66 1471 259 1502 monente
276 1462 445 1516 Lapieo.
484 1462 499 1515 {l
532 1486 589 1492 —-
623 1461 839 1516 Βάλιχα]
864 1463 922 1510 Α;
955 1459 1176 1514 Βάλειχα
1194 1462 1243 1501 Β.
1281 1462 1296 1515 Η

64 1548 120 1555 -—
136 1523 172 1563 N
184 1539 254 1574 ικη
268 1523 351 1578 φόρ
366 1539 406 1563 ιο
417 1538 435 1563 ν
452 1515 643 1577 ]'Urbem
663 1523 714 1563 ab
730 1522 966 1564 Alexandro
980 1521 1189 1562 conditam
1206 1537 1302 1563 cum

63 1588 214 1627 Nostro
244 1585 370 1626 refert
401 1586 557 1628 Plinius
587 1587 671 1635 VI,
709 1586 761 1626 30
786 1598 796 1625 z
818 1588 872 1625 In
889 1584 1049 1625 vicinia
1070 1584 1303 1640 Euphratis

63 1650 372 1706 Nicephorium,
406 1648 516 1705 quod
542 1647 751 1696 diximus,
785 1646 1024 1688 Alexander
1031 1647 1167 1701 jussit
1183 1648 1303 1689 condi

58 1721 231 1768 propter
259 1710 339 1752 loci
370 1709 733 1767 opportunitatem.
766 1709 922 1750 Seleuci
948 1711 968 1748 I
991 1723 1095 1762 opus
1124 1717 1183 1748 est
1219 1725 1299 1751 sec.

65 1775 243 1829 Appian.
267 1773 358 1828 Syr.
383 1774 449 1826 57.
482 1773 739 1812 Memoratur
768 1771 892 1811 etiam
917 1785 983 1825 ap.
1006 1770 1111 1811 Plin.
1142 1772 1198 1821 V,
1224 1785 1300 1822 21,

64 1835 254 1876 Strabon.
287 1849 331 1889 Ρ.
359 1834 440 1875 350
467 1842 509 1874 01
535 1833 660 1874 Dion.
680 1834 792 1873 Cass.
823 1834 915 1883 CL,
946 1834 1080 1873 13.1n
1105 1835 1304 1888 posterio-

63 1898 120 1938 ris
135 1898 208 1938 aevi
231 1896 500 1952 scriptoribus
523 1895 632 1936 nulla
651 1895 825 1950 amplius
844 1896 1105 1950 Nicephorii,
1136 1896 1206 1936 sed
1224 1896 1301 1937 fre-

0 2003 4 2013 ,
65 1974 194 2015 quens
222 1969 282 2001 est
307 1960 496 2001 Callinici
515 1959 690 2000 mentio.
714 1960 858 2012 Itaque
879 1960 1121 1999 Mannertus
1151 1961 1234 2007 VI,
1258 1974 1299 2010 2,

63 2037 107 2078 p.
129 2024 232 2074 286,
257 2021 507 2076 suffragante
533 2023 694 2062 Rittero
719 2021 776 2070 X,
798 2034 839 2075 p.
864 2022 984 2071 1125,
1008 2021 1302 2076 Nicephorium

64 2094 206 2141 postea
219 2094 378 2126 mutato
394 2085 649 2139 aliquatenus
678 2084 848 2124 nomine
876 2084 1118 2124 Callinicum
1141 2084 1302 2125 dictum

66 2163 150 2189 esse
183 2156 319 2188 censet
344 2148 626 2202 probabiliter,
661 2146 814 2200 rejecto
845 2147 1080 2186 testimonio
1104 2146 1301 2187 Chronici

12 2244 16 2248 .
66 2211 283 2261 Paschalis,
302 2211 345 2250 in
364 2224 447 2263 quo
467 2210 533 2249 Ol.
557 2211 649 2258 134,
673 2223 690 2248 1
715 2210 731 2261 (
753 2211 833 2256 244
857 2223 895 2248 3.
918 2210 964 2248 C.
989 2208 1211 2262 >Seleucus
1232 2210 1304 2249 Ni-

67 2282 180 2314 cator
218 2273 458 2314 Callinicum
494 2270 728 2311 condidisse
766 2269 958 2324 proditur
1002 2269 1015 2324 (
1039 2271 1093 2310 V.
1136 2272 1298 2324 Fragm.

67 2337 173 2375 Hist.
197 2344 227 2375 t.
246 2336 323 2384 III,
341 2349 382 2388 p.
419 2336 497 2387 708
523 2333 555 2388 ),
580 2333 754 2387 probato
784 2340 923 2372 autem
953 2332 1128 2372 Libanio
1150 2332 1256 2387 (Ep.
1280 2347 1299 2372 1

69 2398 121 2438 ad
140 2399 370 2439 Aristaenet.
393 2399 435 2450 ),
458 2397 526 2449 qui
559 2396 702 2435 urbem
727 2395 982 2435 nominatam
1005 2410 1089 2434 esse
1114 2396 1304 2449 perhibet

72 2462 113 2500 in
150 2459 352 2500 honorem
388 2459 510 2498 occisi
549 2459 605 2498 ibi
639 2457 821 2497 Callinici
866 2457 1082 2511 sophistae,
1116 2459 1186 2511 qui
1226 2458 1303 2498 sub

70 2523 256 2563 Gallieno
275 2523 375 2576 imp.
406 2529 446 2561 et
475 2519 668 2574 deinceps
692 2520 868 2572 floruit(
891 2521 946 2559 V.
977 2521 1044 2559 Fr.
1078 2520 1183 2559 Hist.
1217 2522 1301 2570 ΙΙΙ,

69 2599 110 2639 Ρ.
136 2586 213 2625 663
240 2587 270 2637 ).
313 2584 566 2637 Droysenius
600 2583 615 2634 (
642 2581 879 2622 Hellenism.
903 2583 959 2631 ΙΙ,
979 2596 1020 2636 p.
1061 2583 1138 2636 705
1160 2584 1176 2636 )
1203 2582 1304 2622 duas

73 2646 192 2686 urbes
208 2645 283 2685 sibi
307 2646 514 2699 proximas
537 2643 733 2696 distingui
759 2642 928 2683 mavult.
949 2644 1149 2683 Praeterea
1170 2644 1304 2684 Phili-

69 2722 181 2748 scum
196 2740 206 2756 ,
230 2706 343 2761 quod
362 2707 599 2761 proximum
618 2720 642 2745 a
656 2707 758 2746 Sura
778 2707 793 2757 (
815 2706 1014 2745 orientem
1033 2719 1170 2745 versus
1191 2709 1207 2759 )
1231 2721 1304 2761 op—

71 2768 216 2823 pidum
240 2769 487 2810 Parthorum
515 2775 715 2807 memorat
743 2767 899 2807 Plinius
930 2769 986 2817 V,
1014 2771 1082 2817 26,
1107 2768 1210 2807 nihil
1228 2769 1305 2808 nisi

70 2832 306 2872 Parthicum
327 2831 564 2886 Nicephorii
590 2844 742 2870 nomen
773 2829 897 2869 fuisse
919 2829 1030 2869 idem
1052 2838 1169 2884 putat
1189 2832 1306 2870 Man-

70 2902 233 2945 nertus‚
266 2908 361 2934 cum
381 2908 512 2948 eoque
529 2894 724 2933 Rittcrus.
755 2891 882 2946 Cujus
905 2894 1114 2933 sententiae
1140 2908 1305 2934 causam

73 2956 264 2998 idoneam
283 2955 473 2997 desidero
487 2988 497 3008 ‚
523 2956 750 3011 praesertim
766 2969 896 3010 quum
916 2970 940 2995 a
961 2956 1063 2996 Sura
1082 2955 1210 3009 (hod.
1239 2960 1307 2996 So-

74 3019 183 3060 realz.
214 3021 268 3059 V.
299 3019 404 3060 Ptol.
437 3020 493 3069 V,
517 3019 580 3059 15.
599 3019 704 3060 Tab.
736 3020 873 3068 Peut.,
900 3019 1032 3058 Notit.
1053 3018 1166 3072 dign.
1201 3019 1302 3073 imp.

74 3095 135 3121 or.
161 3080 226 3121 ed.
249 3083 373 3122 Pane.
399 3081 469 3122 sol.
507 3085 585 3135 965
621 3084 798 3136 Procop.
825 3083 887 3121 De
902 3081 995 3121 bell.
1017 3082 1128 3121 Pers.
1155 3083 1220 3130 II,
1256 3082 1276 3120 5
1294 3113 1304 3131 ,

74 3157 115 3198 Ρ.
146 3147 258 3199 172)
279 3146 479 3185 orientem
511 3159 648 3185 versus
683 3145 913 3200 complures
940 3146 1021 3185 sint
1039 3146 1170 3185 ruinae
1198 3145 1307 3185 1000-

76 3220 185 3257 rum,
210 3221 388 3262 quorum
409 3209 543 3263 prisca
571 3209 740 3249 nomina
776 3209 1029 3262 ignoramus.
1065 3208 1306 3249 Callinicum

79 3269 167 3321 (de
189 3284 272 3324 quo
294 3286 333 3311 v.
363 3272 571 3312 Ammian.
598 3265 825 3322 XX111‚'3‚
853 3286 903 3326 73
932 3272 1103 3326 Eutrop.
1133 3273 1209 3321 IX,
1236 3272 1305 3322 153

78 3333 252 3386 Procop.
291 3334 337 3373 B.
363 3335 410 3374 P.
444 3336 500 3384 H,
530 3347 596 3374 21.
624 3336 686 3374 De
717 3333 827 3375 aedif.
858 3336 914 3385 II,
943 3334 1305 3389 7;Theophylact.

78 3395 156 3443 III,
183 3407 246 3447 17,
267 3408 308 3448 p.
341 3395 440 3445 1513
472 3395 576 3436 Cod.
601 3397 751 3436 Justin.
783 3396 848 3436 lex
883 3400 908 3445 4
938 3396 990 3437 de
1017 3397 1306 3453 commerciis)

79 3464 219 3511 postea
234 3471 257 3496 a
278 3459 432 3497 Leonte
458 3460 499 3497 ΙΙ
519 3460 617 3511 (311.
638 3461 717 3506 466
738 3461 753 3512 )
774 3459 1038 3514 Leontopolis
1060 3474 1134 3514 per
1149 3468 1309 3514 tempus

81 3517 247 3572 aliquod
273 3520 529 3560 nominatum
568 3522 583 3573 (
611 3521 767 3561 Chron.
811 3520 953 3562 Edess.
987 3523 1031 3561 in
1064 3524 1307 3563 Assemann.

81 3580 186 3620 Bibl.
207 3594 268 3620 or.
293 3582 329 3629 Ι,
348 3594 390 3634 Ρ.
416 3583 512 3622 258.
542 3581 620 3629 405
649 3590 688 3622 01
717 3582 925 3623 Hierocles
945 3597 987 3637 p.
1016 3583 1143 3639 714),
1162 3583 1311 3624 (10111ᾶο

82 3643 134 3683 ab
168 3642 374 3683 Arabibus
396 3643 706 3683 Mohamedanis
741 3652 986 3698 occupatum
1013 3646 1112 3697 (an.
1137 3646 1249 3700 633)
1273 3654 1312 3687 01

84 3709 218 3746 Bacca
241 3704 398 3744 dictum
421 3713 480 3744 est
507 3706 710 3758 (Gregor.
734 3706 874 3747 Abulf.
901 3707 994 3747 hist.
1017 3706 1117 3761 dyn.
1151 3722 1194 3762 p.
1228 3708 1278 3748 65
1300 3721 1309 3749 :

86 3766 307 3809 Kalonicus
337 3781 426 3821 quw
461 3765 594 3805 eadem
626 3766 686 3806 Al
709 3769 843 3807 Bacca
874 3766 907 3822 ).
934 3766 1034 3807 Vid.
1065 3769 1209 3811 Ritter.
1234 3769 1310 3818 XI,

84 3843 125 3882 p.
150 3828 343 3876 1125-48.
363 3828 492 3881 Igitur
505 3828 817 3882 Nicephorium,
836 3830 956 3869 sicuti
975 3828 1074 3870 hod.
1093 3833 1242 3879 Bacca,
1262 3830 1313 3871 ad

85 3891 337 3946 Euphratem
356 3891 495 3940 situm,
514 3891 809 3944 quinquaginta
824 3890 907 3931 fere
926 3890 1065 3932 stadiis
1083 3906 1206 3946 supra
1220 3907 1313 3933 eum

4 4006 11 4014 ·
84 3953 222 3996 locum
252 3968 335 4009 quo
363 3953 527 3994 Balicha
556 3953 688 3993 amnis
719 3953 870 3994 influit.
907 3954 1001 4007 11—-
1030 3953 1315 4007 Γαλάδαθα]

87 4020 140 4069 Β,
163 4016 368 4058 Γαλαὸαθὰ
398 4019 449 4058 Α.
479 4018 541 4056 De
558 4016 638 4057 hoc
655 4016 825 4057 nomine
841 4017 883 4056 in
903 4023 1058 4056 antece.
1081 4016 1196 4057 attuli
1219 4032 1319 4058 con-

970 184 1018 228 M
1024 183 1318 229 ANSIONES
1354 185 1699 231 PARTHICAE.

2503 205 2587 244 247

1367 303 1460 348 post
1474 308 1599 349 quam
1615 294 1768 344 Ichnae‚
1786 293 1886 334 urbs
1901 294 2058 344 Graeca,
2073 308 2095 334 a
2108 296 2403 340 Macedonibus
2416 303 2592 355 condita,

1370 375 1461 415 quae
1479 361 1532 402 ad
1546 361 1710 402 Balicha
1731 359 1791 417 (5.
1804 360 2183 417 Bilecha)'fluvium
2200 364 2276 404 sita
2293 374 2366 415 est,
2385 368 2538 410 schoeni
2555 372 2594 415 3.

1371 429 1533 471 Deinde
1563 430 1859 486 Nicephorium
1887 429 1940 471 ad
1978 430 2257 485 Euphratem,
2293 434 2392 474 urbs
2430 437 2594 489 Graeca,

1373 497 1538 538 condita
1567 498 1618 538 ab
1648 497 1884 539 Alexandro
1911 511 2027 551 rege,
2058 498 2213 539 schoeni
2244 499 2290 550 53
2328 501 2423 542 inde
2457 512 2517 545 est
2547 506 2598 546 ad

1371 564 1544 604 fluvium
1576 565 1652 605 sita
1684 565 1935 615 Galabatha,
1971 566 2084 605 vicus
2118 565 2326 618 desertus,
2362 570 2515 611 schoeni
2557 576 2597 621 4.

1371 633 1479 672 Dein
1514 632 1758 673 Chumbana
1790 633 1926 683 vicus,
1967 633 2157 674 schoenus
2197 648 2214 674 1
2231 651 2243 685 ;
2283 635 2379 676 inde
2415 637 2601 680 Thillada

1368 698 1595 748 Mirrhada,
1618 700 1777 740 mansio
1799 700 1926 753 regia,
1948 700 2103 741 schoeni
2124 705 2164 750 4.
2183 703 2289 743 Dein
2305 705 2414 758 regia
2427 737 2438 755 ,
2460 707 2601 747 Dianae

1372 768 1539 819 fanum,
1575 768 1692 809 Darii
1725 782 1857 823 opus,
1892 769 2006 810 vicus
2038 772 2166 811 muris
2198 773 2378 824 cinctus;
2419 774 2499 816 illic
2531 776 2601 816 Se-

1371 836 1599 878 miramidis
1632 837 1738 878 fossa
1759 846 1845 887 est,
1880 845 1921 877 et
1951 836 2155 892 lapidibus
2182 839 2413 882 obstructus
2441 851 2501 884 est
2519 845 2601 884 Eu-

1369 905 1559 960 phrates,
1603 913 1649 945 ut
1698 906 1742 945 in
1783 913 1944 945 arctum
1993 914 2156 946 coactus
2200 908 2373 949 inundet
2412 925 2598 966 campos;

1370 983 1505 1014 aestate
1536 982 1674 1014 tamen
1701 974 1790 1014 haec
1822 988 1942 1014 causa
1969 983 2029 1014 est
2058 975 2386 1030 naufragiorum3
2427 979 2601 1032 [hucus-

1369 1149 1574 1203 jecturam
1593 1151 1739 1190 Ritteri
1754 1183 1765 1202 ,
1787 1164 1877 1205 quae
1900 1150 1961 1190 vel
1980 1161 2196 1206 propterea
2207 1167 2289 1192 non
2313 1153 2466 1208 placet,
2489 1154 2601 1208 quod

1375 1213 1602 1254 Galabatha
1618 1213 1669 1253 ab
1692 1214 1798 1254 ostio
1813 1213 1986 1254 Balichae
2006 1214 2049 1254 ss.
2067 1216 2319 1270 septuaginta
2338 1215 2464 1256 stadia
2481 1216 2601 1258 dista·

1373 1290 1418 1315 re
1440 1275 1600 1317 debuit.
1633 1277 1787 1331 Lapieo
1809 1276 1922 1316 locus
1952 1276 2053 1317 hod.
2075 1286 2134 1317 est
2159 1278 2217 1318 El
2235 1278 2402 1318 Ouelda.
2425 1282 2601 1320 Accura-

1374 1337 1538 1377 tissimae
1576 1351 1735 1392 mappae
1779 1338 2054 1393 Chesneyanae
2098 1339 2141 1378 in
2172 1341 2336 1393 regione
2371 1340 2603 1381 Galabathae

1373 1400 1616 1454 assignanda
1634 1400 1792 1440 nullum
1813 1401 1896 1441 sive
1913 1401 2050 1441 vicum
2065 1402 2149 1442 sive
2171 1401 2371 1456 oppidum
2393 1403 2601 1444 exhibent.

1380 1463 1394 1516 Η
1421 1462 1585 1517 -ιΧου
1600 1463 1657 1518 μ6
1674 1464 1788 1517 ἀνη]
1811 1463 1866 1513 B;
1892 1462 2094 1518 χουμὸανὴ
2115 1466 2168 1505 A.
2189 1466 2302 1505 Fort.
2326 1465 2389 1518 leg
2425 1465 2605 1520 Χουμμά-

1376 1540 1420 1575 νη
1434 1556 1444 1574 ,
1468 1539 1492 1564 3
1505 1525 1736 1574 clzumman,
1758 1533 1923 1580 pratum
1937 1556 1948 1575 ,
1970 1525 2022 1565 de
2037 1541 2120 1580 quo
2135 1526 2320 1581 pluribus
2339 1527 2437 1567 loeis
2453 1543 2603 1569 nomen

1374 1586 1569 1628 inditum.
1590 1586 1699 1627 Vide
1719 1601 1758 1627 v,
1782 1602 1819 1627 0.
1844 1588 1991 1628 Ritter.
2013 1588 2131 1637 VIII,
2159 1587 2254 1641 593.
2273 1589 2368 1629 312.
2395 1589 2490 1630 351.
2506 1590 2603 1629 Χου-

1375 1649 1470 1701 6άνη
1491 1649 1644 1703 absque
1669 1664 1789 1690 causa
1813 1649 2023 1690 Fabricius
2046 1659 2085 1691 et
2107 1650 2242 1691 Miller
2250 1666 2261 1700 ;
2282 1650 2462 1705 Χουμάνη
2480 1653 2603 1692 Dres-

1374 1711 1510 1752 densis
1528 1712 1677 1753 editor.
1713 1715 1848 1753 Locus
1869 1714 2057 1767 ignotus;
2081 1715 2234 1768 Lapieo
2252 1722 2312 1754 est
2327 1714 2512 1755 Mahada
2533 1719 2602 1756 Be—

1375 1774 1444 1814 Ies.
1457 1775 1742 1830 Chesneyusin
1750 1775 1830 1815 hoc
1839 1783 1973 1816 tractu
1982 1776 2084 1816 nihil
2095 1775 2213 1816 vidit.
2234 1777 2249 1830 Η
2264 1801 2320 1807 -
2331 1778 2499 1830 σχοῖνο
2510 1794 2525 1824 ς
2542 1777 2600 1832 α’]

1375 1839 1530 1891 σχοῖνοι
1560 1837 1598 1877 α’
1627 1838 1672 1878 B.
1705 1838 1720 1892 l}
1744 1861 1801 1868 —-
1831 1837 2056 1877 Θιλλάδα
2088 1839 2341 1892 Μιρράδα]
2371 1839 2605 1880 Secundum

1374 1914 1586 1940 mensuras
1605 1900 1718 1940 locus
1731 1901 1831 1940 situs
1847 1915 1932 1941 esse
1948 1900 2090 1941 debuit
2107 1901 2242 1956 paullo
2254 1900 2359 1941 infra
2377 1901 2473 1942 Aba
2488 1902 2607 1942 Saide

1378 1962 1476 2018 (35Ο
1495 1961 1562 2015 49’
1579 1961 1736 2003 15”131.
1760 1961 1792 2018 ),
1810 1962 2131 2017 ubiChesneyus
2149 1971 2265 2003 notat
2284 1977 2293 2003 :
2311 1963 2431 2003 Abou
2451 1963 2604 2017 chelby,

1373 2025 1564 2078 oldforcl.
1587 2028 1677 2077 11-
1700 2025 1972 2080 βασίλεια]
1996 2027 2054 2066 510
2073 2028 2128 2076 B;
2151 2025 2323 2080 βισιλεῖ(
2343 2027 2432 2079 510)
2456 2027 2605 2076 Α;Βα-

1374 2087 1514 2138 σιλεία,
1540 2087 1689 2138 Miller,
1724 2096 1920 2142 tanquam
1954 2088 2033 2128 loci
2063 2103 2215 2129 nomen
2244 2090 2476 2143 proprium,
2495 2088 2607 2143 quod

1373 2149 1570 2189 excidisse
1605 2150 1741 2203 potius
1767 2148 1999 2203 putandum
2020 2158 2094 2190 est.
2127 2152 2227 2190 Mox
2252 2148 2474 2203 ὓπερ-κλύζει
2499 2152 2533 2192 Α
2568 2159 2607 2190 01

1373 2210 1505 2249 παιδία
1536 2211 1593 2258 Β;
1614 2223 1695 2249 em.
1726 2209 1844 2250 editt.
1877 2211 2090 2250 Distantiae
2110 2218 2207 2250 nota
2244 2211 2342 2251 item
2371 2209 2535 2252 excidit.
2557 2214 2605 2250 In

1373 2287 1486 2326 seqq.
1515 2271 1671 2311 schoeni
1701 2271 2032 2325 quattuordecim
2070 2281 2362 2326 computantur
2393 2286 2521 2326 usque
2554 2273 2605 2313 ad

1372 2335 1552 2388 Phaliga,
1573 2335 1639 2374 cui
1654 2333 1745 2373 1000
1761 2331 1969 2386 adjacebat
1987 2333 2194 2386 Nabagath
2215 2333 2267 2373 ad
2280 2333 2462 2374 Aburam
2479 2333 2601 2388 (hod.

1374 2397 1546 2437 Khabur
1568 2398 1583 2450 )
1617 2396 1806 2435 fluvium.
1844 2395 1952 2434 Hinc
1987 2396 2019 2434 si
2049 2404 2160 2435 retro
2183 2396 2385 2435 emetiaris
2418 2395 2605 2436 schoenos

1374 2457 1719 2512 quattuordecim,
1754 2456 1966 2510 pervenies
2002 2455 2054 2496 ad
2086 2457 2226 2496 ruinas
2260 2456 2398 2496 Zelcbi
2423 2455 2436 2510 (
2452 2457 2605 2497 Subian

1373 2521 1519 2574 Selcby,
1546 2521 1574 2560 1.
1596 2534 1633 2559 0.
1663 2518 1834 2559 inferior
1857 2518 2015 2572 Seleby,
2040 2518 2150 2573 apud
2187 2521 2236 2559 L.
2259 2519 2512 2559 Rauwolfsen
2535 2524 2606 2564 Be-

1373 2583 1617 2634 schreibung
1626 2581 1698 2622 der
1713 2580 1830 2625 Reiss
1841 2595 1918 2632 gen
1935 2580 2147 2634 Ausganffi
2170 2589 2249 2621 etc.
2270 2582 2374 2622 1582
2388 2583 2444 2631 II,
2458 2595 2500 2636 p.
2517 2582 2604 2637 45),

1374 2645 1426 2685 ad
1452 2645 1659 2684 sinistram
1677 2642 1898 2697 Euphratis
1922 2643 2056 2697 ripam
2086 2643 2128 2682 in
2152 2657 2249 2682 saxo
2267 2650 2476 2697 praerupto
2495 2643 2607 2696 quod

1375 2709 1451 2762 ipsi
1484 2707 1610 2747 fluvio
1643 2706 1847 2746 imminet.
1878 2707 1926 2745 In
1957 2706 2047 2759 ripa
2069 2706 2255 2759 opposita
2275 2705 2344 2744 vix
2373 2704 2607 2758 quindecim

1376 2770 1529 2810 distans
1550 2767 1690 2809 stadiis
1705 2767 1956 2822 conspicitur
1974 2767 2126 2808 Halebi
2141 2771 2178 2807 Z
2180 2766 2293 2815 elebi,
2312 2780 2402 2820 quae
2421 2775 2480 2807 est
2495 2776 2608 2808 vetus

1375 2832 1555 2873 Zenobia
1587 2832 1673 2885 (V.
1699 2829 1928 2884 Chesneyl.
1962 2829 1990 2870 l.
2017 2831 2053 2878 I,
2076 2843 2119 2883 p.
2143 2832 2212 2882 49.
2252 2831 2332 2882 417
2353 2828 2466 2885 sq.)
2487 2832 2610 2871 Juxta

1375 2895 1529 2936 Sabian
1556 2892 1695 2935 Zelebi
1724 2892 1961 2947 Chesneyus
1990 2891 2208 2932 delineavit
2243 2892 2389 2931 vetusti
2420 2891 2608 2946 reliquias

1377 2958 1541 3007 canalis,
1568 2970 1691 3011 quem
1713 2969 1844 3009 usque
1869 2953 1922 2995 ad
1953 2953 2113 2994 Chabur
2135 2954 2306 2993 fluvium
2326 2954 2529 3007 pertinere
2551 2953 2609 2994 se-

1376 3030 1487 3062 runt.
1522 3021 1620 3060 Haec
1657 3019 1780 3072 igitur
1798 3025 1858 3057 est
1893 3016 1960 3057 illa
1981 3016 2234 3071 Σεμιράμιδος
2273 3014 2420 3069 διῶρυξ,
2455 3016 2610 3055 Zenobi

1376 3091 1514 3123 autem
1526 3082 1639 3122 locus
1658 3093 1903 3134 anonymus,
1922 3079 1963 3118 in
1983 3093 2066 3132 quo
2084 3078 2256 3132 βασίλεια
2272 3085 2387 3117 erant
2402 3091 2448 3116 30
2468 3077 2607 3119 fanum

1378 3146 1520 3186 Dianae
1536 3144 1707 3185 Persicae
1731 3143 1746 3195 (
1763 3142 1879 3195 quale
1898 3141 2063 3184 Carrhis
2086 3148 2172 3180 erat
2186 3142 2218 3193 ).
2243 3140 2350 3179 Hinc
2370 3153 2464 3178 vcro
2478 3153 2608 3192 usque

1379 3206 1431 3247 ad
1450 3207 1586 3248 locum
1609 3219 1731 3260 quem
1750 3202 1945 3244 Thilladae
1971 3201 2191 3244 Mirrhadae
2205 3199 2494 3254 assignandum
2523 3214 2607 3240 esse

1379 3269 1576 3318 diximus,
1619 3265 1773 3307 schoeni
1809 3273 1904 3305 sunt
1932 3263 1994 3303 vel
2021 3278 2090 3304 sex
2130 3262 2193 3303 vel
2221 3270 2375 3316 septem
2412 3261 2472 3304 vel
2495 3270 2603 3311 octo,

1378 3332 1517 3387 prouti
1550 3330 1678 3370 flexus
1698 3326 1918 3381 Euphratis
1949 3340 2000 3365 an
2034 3327 2193 3366 viarum
2222 3322 2464 3380 compendia
2493 3324 2605 3377 sequi

1380 3393 1584 3434 malueris.
1620 3389 1824 3431 Isidorum
1859 3395 2013 3442 septem
2047 3387 2233 3427 schoenos
2266 3394 2520 3440 computasse
2559 3400 2607 3425 ex

1380 3469 1541 3496 summa
1559 3453 1820 3499 schoenorum
1847 3463 1919 3503 171
1949 3458 2057 3490 recte
2071 3448 2272 3489 subducta
2294 3447 2496 3501 colligitur
2517 3446 2531 3502 (
2548 3449 2603 3488 V.

1381 3517 1536 3571 infra).
1565 3517 1659 3570 11-
1678 3514 1839 3561 λίθοις
1861 3513 2133 3566 πέφρακται
2167 3510 2254 3552 κτλ
2269 3512 2311 3565 .]
2338 3509 2506 3550 Confert
2524 3510 2608 3550 Rit-

1380 3590 1491 3622 terus
1526 3577 1675 3619 molem
1697 3574 1898 3630 lapideam
1931 3588 2005 3628 per
2033 3573 2244 3628 Tigridem
2273 3572 2439 3612 ductam
2474 3572 2490 3623 (
2506 3574 2543 3611 Z
2548 3571 2611 3611 ikr

1382 3641 1536 3684 Ismael
1559 3639 1742 3691 dictam)
1766 3637 1901 3692 paullo
1930 3650 2054 3691 supra
2082 3651 2177 3677 eum
2207 3636 2344 3676 locum
2367 3648 2450 3688 quo
2479 3633 2609 3672 Zabus

1382 3705 1531 3745 influit.
1550 3703 1647 3742 Haec
1662 3700 1809 3740 humili
1834 3713 1908 3754 per
1927 3707 2105 3740 aestatem
2127 3713 2231 3753 aqua
2257 3704 2502 3738 catarracten
2523 3694 2610 3734 effi-

1384 3768 1454 3817 cit,
1488 3764 1671 3817 adeoque
1705 3762 1933 3818 periculum
1974 3759 2120 3802 asserre
2147 3759 2430 3813 navigantibus
2460 3763 2605 3810 potest.

1390 3831 1404 3884 Η
1431 3853 1486 3859 -
1513 3825 1694 3867 Ἀλλὰν
1715 3827 1728 3879 ]
1757 3823 1894 3864 Ἀλλᾶν
1921 3822 2040 3880 (510)
2061 3825 2124 3870 Α;
2155 3822 2296 3862 'amm
2326 3819 2442 3860 editt.
2470 3817 2607 3858 Schoe-

1385 3893 1425 3932 ni
1451 3898 1644 3945 quattuor
1669 3887 1829 3929 ducunt
1856 3886 1909 3927 ad
1930 3886 2073 3927 Shezkl.
2099 3888 2283 3927 Hassan.
2308 3882 2458 3936 Lapieo
2491 3879 2606 3921 Allan

1386 3962 1445 3993 est
1472 3954 1680 4004 Us-Rayer
1698 3951 1714 4003 ll
1737 3974 1794 3980 —-
1810 3950 1871 4000 ssr,
1886 3965 1906 3988 0
1920 3963 1938 3988 ν
1951 3948 2001 3988 ὰν
2017 3950 2031 4000 ]
2050 3948 2107 3988 510
2121 3949 2152 3987 Β
2164 3963 2176 3997 ;
2194 3948 2226 3987 A
2246 3946 2300 3985 ita
2329 3942 2449 3983 habet
2469 3954 2477 3981 ;
2500 3939 2606 3981 ἔνθεν

1387 4015 1486 4072 ἱερὸν
1526 4013 1735 4068 Ἀρτέμιδος
1772 4011 1871 4066 ἱερὸν
1897 4011 2050 4066 σχοῖνοι
2078 4007 2127 4049 δ’.
2164 4008 2322 4056 Βιυναῦ,
2357 4004 2493 4045 nescio
2525 4016 2608 4058 quo
