2782 4348
0 112 4 135 Ι

106 138 212 211 (so-s

1048 149 1130 196 DE
1160 149 1321 207 MARI
1354 115 1720 196 ERYTHRAEO.

2547 168 2630 206 159

0 235 93 303 ihot.
107 251 253 314 στέρνα
268 287 279 307 ,
304 249 525 312 συμπεσὼν
542 250 583 296 δὲ
605 248 795 311 ἐλέφαντι
828 245 985 311 (τούτῳ
1002 247 1083 310 γὰρ
1106 247 1175 293 τὸν
1197 248 1336 294 πάντα
1404 257 1621 312 elephanto
1638 265 1776 298 autem
1795 256 2066 310 congrediens
2096 258 2113 310 (
2129 271 2225 297 cum
2242 259 2323 299 hoc
2340 262 2451 302 enim
2472 263 2523 303 de
2561 279 2632 319 pa-

39 546 57 574 ἴ)

41 887 77 916 10

37 1231 72 1259 15

30 1576 71 1605 90

0 1905 77 1944 iod.

25 1984 66 2014 25

28 2331 70 2362 30

30 2678 70 2707 35

102 321 196 380 περὶ
214 325 288 377 τῆς
315 324 442 380 νομῆς
474 319 741 376 διαμιλλᾶται
767 315 855 376 βίον
875 315 887 376 )
909 314 1057 368 ὑποδὺς
1082 315 1156 371 τὴν
1176 317 1333 362 κοιλίαν

102 390 174 434 καὶ
196 393 256 453 τῷ
275 388 419 450 κέρατι
432 387 479 431 τὸ
497 383 699 444 κύκλωμα
720 388 793 440 τῆς
812 383 963 445 σαρκὸς
981 383 1210 447 ἀναρρήξας
1223 383 1334 437 ἔξαι-

103 477 178 518 μον
204 457 317 509 εὓθὺς
347 455 475 501 ποιεῖ·
504 452 575 498 καὶ
603 451 817 503 πλείστους
849 451 957 498 ἐστὶν
982 451 1203 515 ἐλέφαντας
1235 453 1335 498 ἰδεῖν

102 527 208 573 οὕτω
241 521 593 578 τετελευτηκότας.
657 521 731 568 Ἂν
765 521 902 580 μέντοι
930 520 1071 584 συμὸῇ
1090 524 1148 584 τῷ
1177 521 1335 583 ῥινοκέ-

103 614 199 658 ρωτι
221 598 294 650 τῆς
329 591 484 647 κοιλίας
516 591 574 651 μὴ
600 590 808 654 ἅψασθαι,
833 590 1065 638 τούναντίον
1104 591 1222 643 αὐτὸς
1255 591 1333 636 ὑπὸ

100 670 172 721 τῆς
184 662 453 726 προδοσκίδος
472 661 634 707 καὶτῶν
654 660 828 706 ὀδόντων
846 660 1097 721 τυπτόμενος
1114 663 1334 723 πολλαχῶς

98 733 331 784 ἐξαδυνατεῖ
353 731 424 778 καὶ
442 730 713 795 παραλύεται,
737 728 919 791 μεγάλης
937 729 1205 793 ὑπαρχούσης
1223 731 1332 776 κατὰ

96 802 169 858 τὴν
183 801 301 863 ἰσχὺν
322 801 393 847 καὶ
417 800 509 862 βίαν
533 804 606 855 τῆς
626 800 914 862 παραλλαγῆς.

158 887 215 917 72.
234 869 334 918 ’Ότι
356 869 470 933 παρὰ
495 870 577 922 τοῖς
601 869 915 934 Τρωγλοδύταις
940 868 1049 916 ἐστὶν
1072 869 1144 915 καὶ
1166 872 1192 925 ἡ
1212 870 1342 929 λεγο-

97 941 198 1000 μένη
221 940 319 1003 παρ’
337 939 521 996 (Έλλησι
554 939 945 1002 καμηλοπάρδαλις,
969 938 1157 985 σύνθετον
1181 938 1346 1002 τρόπον’

95 1009 186 1055 τινὰ
210 1008 318 1055 κατὰ
336 1008 412 1066 τὴν
435 1010 584 1064 κλῆσιν
621 1008 691 1054 καὶ
713 1007 786 1064 τὴν
818 1007 937 1072 φύσιν
968 1010 1174 1070 λαχοῦσα.
1240 1007 1329 1064 Τὴν

97 1077 171 1136 μὲν
189 1077 269 1141 γὰρ
287 1078 493 1124 ποικιλίαν
514 1077 601 1139 ἔχει
615 1077 873 1139 παρδάλεως,
892 1077 938 1123 τὸ
956 1077 1122 1140 μέγεθος
1135 1077 1178 1123 δὲ
1193 1077 1332 1138 καμή-

97 1150 192 1205 λου,
226 1148 272 1193 τὸ
306 1147 437 1210 πάχος
470 1147 513 1194 δὲ
548 1147 770 1211 ὑπερφυὲς,
795 1147 864 1194 τὸν
886 1147 929 1193 δὲ
963 1147 1118 1210 αὐχένα
1151 1151 1330 1193 τοιοῦτον

99 1217 205 1263 ὥστε
230 1219 303 1263 ἀπ’
326 1218 461 1280 ἄκρων
487 1218 739 1279 ἀμέλγεσθαι
763 1221 844 1263 τῶν
864 1217 1037 1281 δένδρων
1060 1218 1134 1273 τὴν
1157 1216 1328 1280 τροφήν.

158 1302 212 1333 73.
240 1284 341 1334 εὈτι
375 1289 416 1332 αἱ
451 1287 637 1350 σφίγγες,
658 1286 780 1349 φησί,
809 1286 880 1332 καὶ
899 1289 935 1333 οἱ
968 1286 1236 1351 κυνοκέφαλοι
1259 1285 1330 1332 καὶ

95 1360 220 1412 κῆποι
258 1355 607 1417 παραπέμπονται
640 1358 696 1408 εἰς
734 1355 807 1412 τὴν
845 1356 1147 1419 Ἀλεξάνδρειαν
1178 1358 1224 1402 ἐκ
1260 1360 1332 1412 τῆς

95 1428 433 1488 Τρωγλοδυτικῆς
466 1426 632 1480 καὶτῆς
658 1426 893 1479 Αἰθιοπίας.
964 1426 1062 1473 Εἰσὶ
1096 1425 1139 1471 δὲ
1173 1427 1216 1471 αἱ
1255 1425 1328 1487 μὲν

96 1495 263 1558 σφίγγες
287 1498 375 1546 ταῖς
401 1495 676 1557 γραφομέναις
704 1495 955 1558 παρόμοιαι,
977 1496 1086 1552 πλὴν
1114 1495 1176 1542 ὅτι
1197 1503 1329 1542 πᾶσαι

94 1565 253 1609 δασεῖαι
271 1563 446 1614 noti-wi<
464 1565 616 1627 ψυχαῖς
631 1563 779 1625 ἥμεροι
801 1564 871 1609 καὶ
890 1572 1036 1628 πρᾷοι·
1055 1565 1128 1611 καὶ
1145 1584 1328 1627 πανουρ-

93 1633 184 1694 γίας
215 1637 450 1679 κοινωνοῦσι
479 1633 698 1690 πλείστης,
723 1634 991 1687 διδασκαλίας
1015 1654 1058 1679 τε
1086 1636 1328 1695 μεθοδευτι-

92 1706 168 1758 κῆς
187 1702 253 1748 ἐπὶ
276 1702 400 1748 ποσὸν
433 1702 656 1763 ἅπτονται,
679 1702 785 1749 ὥστε
815 1703 889 1759 τὴν
914 1704 1133 1767 εὐρυθμίαν
1159 1705 1200 1750 ἐν
1223 1712 1327 1750 πᾶσι

94 1771 331 1832 θαυμάζειν.

93 1904 155 1949 ἀεὶ
189 1904 478 1967 διαφερόμενον
507 1904 723 1968 ἐλέφαντι,
751 1906 797 1952 τὸ
834 1906 909 1967 μὲν
948 1906 1072 1970 κέρας
1104 1907 1205 1971 πρός
1235 1927 1326 1954 τινα

90 1976 170 2019 τῶν
195 1974 388 2034 μειζόνων
408 1977 569 2037 πετρῶν
585 1974 729 2036 θήγει,
752 1976 963 2035 συμπεσὸν
985 1977 1018 2022 δ’
1035 1980 1089 2030 εἷς
1104 1978 1245 2040 μάχην
1267 1979 1326 2040 τῷ

91 2043 375 2107 προειρημένῳ
387 2044 514 2107 θηρίῳ
531 2045 602 2090 καὶ
620 2046 818 2091 ὑποδῦνον
831 2046 910 2092 ὑπὸ
934 2046 1006 2103 τὴν
1019 2047 1177 2092 κοιλίαν
1201 2049 1326 2109 ἀναρ·

93 2112 231 2175 ρήττει
253 2117 312 2176 τῷ
351 2113 494 2177 κέρατι
532 2116 717 2179 καθάπερ
758 2115 862 2179 ξίφει
897 2117 972 2174 τὴν
1008 2117 1168 2179 σάρκα·
1201 2119 1260 2180 τῷ
1284 2117 1326 2162 δὲ

90 2180 259 2244 τοιούτῳ
289 2182 428 2245 τρόπῳ
447 2187 520 2239 τῆς
554 2183 694 2245 μάχης
729 2184 944 2247 χρώμενον
980 2185 1128 2246 ἔξαιμα
1151 2190 1261 2231 ποιεῖ
1274 2184 1326 2230 τὰ

91 2250 212 2312 θηρία
234 2250 305 2297 καὶ
326 2251 461 2297 πολλὰ
485 2253 723 2315 διαφθείρει.
789 2252 926 2300 εΌταν
949 2254 990 2300 δὲ
1013 2258 1034 2300 ὃ
1054 2254 1200 2317 ἐλέφας
1223 2253 1328 2318 φθά-

92 2337 166 2371 σας
213 2320 289 2374 τὴν
330 2321 408 2366 ὑπὸ
447 2320 520 2376 τὴν
560 2321 719 2368 κοιλίαν
759 2322 950 2368 ὑπόδυσιν
993 2327 1044 2386 τῇ
1085 2323 1327 2385 προδοσκίδι

91 2389 465 2451 προκαταλάὸηται
499 2390 567 2436 τὸν
609 2391 840 2454 ῥινόκερων,
885 2393 1137 2454 περιγίνεται
1182 2391 1362 2456 ῥᾳδίωςκ

92 2457 256 2504 τύπτων
279 2466 362 2512 τοῖς
385 2462 521 2505 ὀδοῦσι
544 2460 614 2506 καὶ
637 2465 688 2523 τῇ
711 2461 781 2524 βίᾳ
799 2460 921 2506 πλέον
947 2460 1120 2523 ἰσχύων.

155 2544 212 2574 73.
239 2530 293 2575 Αἱ
314 2529 356 2574 δὲ
377 2529 540 2592 σφίγγες
562 2529 741 2590 γίνονται
762 2530 837 2590 μὲν
850 2531 945 2594 περί
965 2550 1008 2577 τε
1028 2531 1103 2588 τὴν
1125 2534 1326 2595 Τρωγλο-

94 2596 260 2653 δυτικὴν
274 2597 344 2643 καὶ
360 2597 434 2654 τὴν
454 2599 680 2656 Αἰθιοπίαν,
703 2607 793 2653 ταῖς
814 2600 855 2646 δὲ
876 2604 1052 2663 μορφαῖς
1071 2602 1327 2665 ὑπάρχουσιν

92 2670 164 2714 οὐκ
186 2667 371 2728 ἀνόμοιοι
391 2670 481 2720 ταῖς
495 2669 790 2733 γραφομέναις,
818 2670 939 2731 μόνον
958 2670 1000 2716 δὲ
1019 2675 1109 2724 ταῖς
1128 2672 1328 2728 δασύτησι

94 2737 394 2784 διαλλάττουσι·
408 2738 480 2790 τὰς
493 2739 534 2784 δὲ
544 2740 680 2802 ψυχὰς
689 2740 868 2802 ἡμέρους
881 2740 1051 2803 ἔχουσαι
1064 2741 1136 2787 καὶ
1149 2741 1326 2805 πανούρ-

92 2826 185 2868 γους
198 2807 266 2852 ἐπὶ
279 2810 418 2854 πλεῖον
436 2808 506 2854 καὶ
527 2810 794 2855 διδασκαλίαν
817 2809 1033 2870 μεθοδικὴν
1052 2810 1326 2874 ἐπιδέχονται.

92 2997 155 3036 Ex
173 2996 474 3050 Agatharchide
506 3012 579 3038 sua
599 2998 724 3039 habet
748 2998 931 3039 AElianus
962 3000 1102 3049 XVII,
1126 3002 1179 3048 44
1204 3012 1213 3040 ε
1238 2998 1329 3040 Ἐπὶ

93 3057 207 3113 ἄκρας
233 3061 301 3111 τῆς
325 3058 425 3114 ῥινὸς
448 3059 494 3100 τὶ)
515 3061 623 3115 κέρας
652 3062 753 3116 φέρει
774 3060 826 3118 (ὁ
852 3060 1099 3117 ῥινόκερως),
1127 3060 1234 3102 ἔνθεν
1268 3062 1332 3103 καὶ

93 3120 292 3173 κέκληται·
319 3121 385 3162 καὶ
405 3120 486 3163 ἔστι
511 3121 577 3177 μὲν
605 3122 786 3170 ὀξύτατον
808 3123 866 3165 ἐπ’
889 3124 1006 3179 ἄκρου
1015 3155 1027 3174 ,
1051 3123 1195 3180 σιδήρῳ
1217 3124 1257 3165 δὲ
1286 3125 1330 3165 τὸ

93 3182 273 3237 κρατερὸν
307 3182 423 3224 αὖτοῦ
455 3185 741 3240 προσείκασται.
771 3186 865 3233 Ταῖς
882 3186 1032 3240 πέτραις
1061 3201 1107 3241 γε
1143 3184 1218 3241 μὴν
1238 3185 1331 3227 αὐτὸ

95 3244 334 3298 παρατρίὸων
359 3244 446 3286 εἶτα
479 3246 649 3298 ἐπιθήσει
679 3247 740 3300 (l.
765 3246 823 3288 ἀεὶ
842 3247 891 3303 (ἓ)
920 3246 1125 3302 ἐπιθήγει)
1156 3247 1330 3303 ἐλέφαντι

96 3304 214 3359 ὁμόσε
234 3305 322 3352 ἰών·
345 3307 393 3348 τὰ
409 3308 450 3348 δὲ
478 3308 582 3350 ἄλλα
600 3308 668 3350 οὔκ
690 3311 744 3350 ὢν
769 3309 999 3366 ἀξιόμαχος,
1024 3310 1086 3350 διά
1105 3326 1145 3351 τε
1168 3310 1213 3351 τὶ)
1233 3310 1330 3352 ἐκεί-

97 3382 163 3407 νου
195 3366 283 3422 ὕψος
314 3370 378 3410 καὶ
408 3369 477 3421 τὴν
503 3371 634 3427 ῥώμην
668 3370 738 3424 τὴν
768 3375 837 3414 τοῦ
865 3372 978 3428 θηρὸς
1007 3370 1078 3424 τὴν
1120 3373 1326 3426 τοσαύτην,

95 3429 218 3470 ὕπεισι
239 3425 306 3470 οῦν
339 3431 454 3472 αὐτοῦ
494 3433 542 3474 τὰ
575 3434 690 3487 σκέλη
706 3466 718 3485 ,
743 3435 808 3476 καὶ
825 3433 894 3486 τὴν
918 3435 1034 3488 νηδὺν
1067 3434 1271 3491 ὑποτέμνει
1288 3452 1329 3478 τε

95 3492 161 3532 καὶ
184 3491 383 3546 ὑποσχίζει
411 3499 465 3550 τῷ
487 3496 636 3550 κέρατι·
658 3496 680 3536 ὁ
701 3497 742 3538 δὲ
771 3497 815 3538 οὔ
840 3497 936 3553 μετὰ
968 3497 1112 3553 μακρὸν
1138 3497 1331 3554 ἐκρυέντος

96 3554 133 3594 οἱ
156 3556 224 3594 τοῦ
255 3554 417 3609 αἵματος
445 3557 727 3600 κατολισθάνει.
759 3560 882 3614 Μάχη
907 3559 947 3600 δὲ
966 3559 1212 3615 ῥινοκέρωτος
1238 3561 1330 3617 πρὸς

84 3616 284 3671 ἐλέφαντα
310 3616 400 3672 ὑπὲρ
429 3621 495 3669 τῆς
524 3623 643 3675 νομῆς
665 3620 783 3671 ἐστιν,
818 3622 883 3663 καὶ
915 3622 1080 3670 πολλοῖς
1111 3638 1173 3678 γε,
1197 3625 1326 3679 φασίν,

96 3678 271 3733 ἐντυχεῖν
292 3677 371 3720 ἐστι
385 3680 566 3720 τεθνεῶσι
585 3681 652 3722 τὸν
667 3684 808 3737 τρόπον
823 3686 975 3724 τοῦτον.
991 3682 1052 3725 Ἂν
1071 3684 1113 3726 δὲ
1129 3683 1180 3740 μὴ
1202 3687 1327 3743 φθάσῃ

96 3741 116 3780 ὃ
133 3741 332 3796 ῥινόκερως
345 3742 484 3798 δράσας
498 3746 627 3792 τοῦτο,
647 3743 750 3785 ἀλλὰ
770 3745 993 3801 ὑποτρέχων
1013 3763 1091 3795 πως
1102 3747 1175 3789 ὑπὸ
1189 3751 1327 3790 πεσόν-

95 3820 159 3852 τος
180 3805 196 3858 (
215 3804 277 3845 ὑπ’
301 3804 560 3859 ἐμπεσόντοςΡ
585 3806 779 3848 Schneid.
801 3809 818 3861 )
841 3809 977 3864 πιεσθῇ
1002 3809 1329 3866 περιὸαλλόμενος

95 3865 165 3917 τὴν
195 3866 453 3922 προῦοσκίδα,
490 3867 506 3922 [
528 3867 549 3908 ὅ
571 3867 734 3924 ἐλέφας]
766 3869 832 3910 καὶ
859 3871 1013 3924 κατέχει
1038 3871 1102 3912 καὶ
1123 3872 1215 3927 πρὸς
1241 3873 1327 3915 ἔαυ-

95 3929 162 3969 τ“ον
184 3929 302 3979 ἕλκει,
329 3928 525 3986 ἐμπίπτων
544 3930 585 3971 δὲ
606 3932 688 3978 τοῖς
706 3931 834 3986 κέρασι
852 3933 1081 3974 κατακόπτει
1099 3934 1150 3981 ὡς
1171 3934 1327 3976 πελέκε-

97 4006 171 4032 σιν.
193 3991 241 4032 Εἰ
258 3991 332 4047 γὰρ
358 3992 422 4033 καὶ
443 3993 600 4048 φορίνην
617 3992 638 4033 ὁ
657 3992 855 4049 ῥινόκερως
878 3993 960 4049 ἔχει
974 3994 1127 4050 στερεὰν
1152 3996 1216 4036 καὶ
1244 3997 1329 4038 δυσ-

1404 335 1511 374 scuis
1529 342 1702 375 aeternas
1737 333 1861 374 habet
1889 332 2214 374 conflictationes
2234 332 2268 388 ),
2288 344 2472 376 ventrem
2509 339 2631 390 subit,

2541 414 2634 454 Plu-

2583 492 2637 530 At

1402 561 1435 601 si
1455 560 1593 601 alvum
1620 559 1887 614 contingendi
1914 561 2034 616 copia
2054 574 2141 601 non
2173 559 2310 610 datur,
2335 571 2478 603 contra
2502 564 2588 618 ipse
2615 580 2637 605 a

1411 417 1452 449 ct
1470 418 1670 464 perrupto
1697 410 1886 450 carnium
1908 408 2069 449 ambitu
2095 422 2342 462 exsanguem
2371 410 2481 452 facit.

1403 485 1583 539 rimique
1620 485 1886 540 elephantum
1921 485 1989 525 ita.
2010 484 2233 525 exanimati
2271 494 2512 527 cernuntur.

1402 635 1648 692 proboscide
1684 645 1726 677 et
1771 635 1965 677 dentibus
2011 637 2116 676 ictus
2156 634 2421 678 multifariam
2435 669 2447 688 ,
2487 641 2637 681 amittit

1405 714 1509 754 vires
1531 721 1572 754 et
1593 712 1748 763 deficit,
1779 712 1876 767 quia
1900 711 2050 752 robore
2072 719 2113 751 et
2149 712 2188 752 vi
2219 712 2270 752 ab
2295 712 2364 753 illo
2386 715 2636 770 permultum

1402 789 1557 831 differt.

1458 880 1526 922 72.
1546 865 1672 922 Apud
1688 865 1961 921 Troglodytas
1982 865 2112 906 bestia
2132 873 2207 916 est,
2228 879 2318 920 quae
2336 868 2636 924 cameloparda-

1401 935 1449 976 lis
1464 936 1618 977 Graecis
1633 934 1802 976 dicitur.
1861 934 1969 975 Nam
1985 941 2034 974 ut
2054 947 2209 974 nomen
2232 935 2288 976 ita
2306 944 2347 977 et
2368 945 2515 979 natura
2534 953 2636 993 quo-⁸
2697 945 2702 951 '

1401 1003 1627 1045 dammodo
1642 1003 1871 1059 composita
1884 1010 1960 1043 est.
2019 1002 2126 1043 Nam
2137 1002 2283 1057 pellem
2298 1005 2465 1046 maculis
2481 1007 2634 1047 variam

1401 1088 1424 1114 a
1442 1072 1610 1128 pardale
1630 1072 1775 1123 habet,
1794 1069 2125 1126 magnitudinem
2139 1085 2163 1111 a
2176 1072 2346 1114 camelo.
2403 1075 2635 1117 Monstrosa

1400 1146 1437 1186 ei
1453 1146 1653 1186 crassities
1671 1144 1686 1201 (
1702 1144 1889 1186 celeritas
1900 1151 1922 1184 Ρ
1937 1145 1971 1198 ),
1990 1143 2224 1198 collumque
2239 1143 2341 1186 adeo
2363 1147 2631 1202 praelongum‚

1400 1227 1448 1259 ut
1465 1234 1490 1260 a
1507 1219 1679 1259 summis
1694 1217 1911 1259 arboribus
1929 1216 2127 1272 pabulum
2143 1226 2296 1273 carpat.

1458 1292 1527 1346 73.
1553 1292 1754 1347 Sphinges
1776 1299 1817 1331 et
1846 1290 2123 1346 Cynocephali
2152 1299 2193 1332 et
2217 1292 2316 1347 Cepi
2344 1292 2635 1336 Alexandriam

1400 1376 1450 1402 ex
1482 1361 1832 1417 Troglodytarum
1863 1360 1951 1402 solo
1973 1369 2015 1402 et
2045 1361 2255 1417 AEthiopia
2282 1357 2631 1405 transmittuntur.

1401 1434 1505 1474 Sunt
1524 1440 1662 1473 autem
1690 1432 1890 1488 Sphinges
1908 1432 1957 1482 iis
1981 1446 2072 1487 quae
2100 1446 2124 1473 a
2137 1431 2366 1487 pictoribus
2387 1431 2636 1473 adumbran-

1400 1510 1470 1543 tur
1502 1500 1750 1552 consimiles,
1782 1501 1860 1541 nisi
1883 1499 1998 1555 quod
2026 1508 2122 1542 totae
2142 1500 2311 1542 hirsutae
2341 1509 2437 1542 sunt
2464 1515 2511 1542 ac
2528 1501 2636 1542 lenes

1399 1579 1439 1611 et
1475 1569 1851 1626 placidos-animos
1880 1569 2048 1610 habent.
2111 1568 2343 1610 Plurimum
2370 1570 2428 1610 eis
2451 1571 2636 1610 versutiae

1398 1640 1520 1689 inest,
1536 1637 1712 1692 ideoque
1726 1637 1779 1678 ad
1795 1637 1989 1692 aliquam,
2008 1636 2208 1678 doctrinae
2223 1636 2486 1693 compendio,
2504 1639 2635 1678 scien-

1398 1708 1499 1747 tiam
1520 1705 1824 1771 perdpcuntur.
1885 1705 2216 1746 Concinnitatem
2237 1706 2281 1746 in
2296 1705 2489 1746 omnibus
2508 1720 2633 1760 quam

1397 1784 1582 1827 servant,
1603 1790 1691 1817 non
1706 1775 1778 1816 abs
1799 1789 1845 1816 re
1867 1775 1960 1830 quis
1979 1774 2222 1817 admiretur.

1395 1915 1630 1971 adaequans.
1692 1914 2044 1970 Quandoquidem
2065 1923 2217 1956 aeterna
2238 1916 2275 1956 ei
2298 1929 2394 1957 cum
2423 1915 2636 1971 elephante

1396 1985 1648 2026 concertatio
1671 1993 1732 2025 est
1759 1982 1812 2025 de
1841 1984 2024 2039 pascuis,
2059 1984 2112 2025 ad
2133 1998 2279 2025 saxum
2306 1983 2476 2039 aliquod
2505 1983 2636 2038 majus

1396 2069 1529 2096 cornu
1558 2056 1741 2106 exacuit,
1781 2063 1822 2096 et
1853 2054 2052 2096 conflictu
2086 2055 2212 2105 inito,
2249 2055 2382 2095 ventri
2414 2053 2636 2095 succedens

1396 2137 1539 2164 carnes
1564 2137 1651 2164 non
1684 2137 1800 2164 secus
1829 2137 1876 2164 ac
1895 2122 2030 2177 gladio
2061 2122 2250 2163 dissecat.
2282 2123 2373 2163 Hoc
2401 2136 2548 2178 pugnae
2568 2136 2634 2175 ge-

1396 2206 1495 2232 nere
1530 2191 1669 2233 hostes
1701 2207 1924 2246 exsangues
1949 2191 2088 2233 reddit
2124 2192 2358 2246 multosque
2392 2192 2472 2232 hoc
2512 2200 2633 2246 pacto

1396 2268 1530 2301 necat.
1552 2262 1609 2301 At
1629 2261 1663 2300 si
1683 2260 1867 2315 elephas,
1894 2268 2090 2302 conatum
2109 2260 2324 2300 subeuntis
2351 2267 2606 2300 antevertens
2620 2290 2629 2307 ‚
2674 2289 2678 2294 .

1396 2327 1643 2383 proboscide
1659 2328 1965 2369 rhinocerotem
1984 2327 2361 2382 comprehenderit,
2385 2341 2513 2381 quum
2533 2325 2633 2365 den-

1397 2397 1503 2437 tium
1536 2397 1623 2437 ictu
1656 2403 1697 2436 et
1727 2397 1767 2436 vi
1800 2396 1986 2451 corporis
2014 2394 2269 2450 praepolleat,
2299 2394 2413 2435 facile
2446 2395 2633 2449 superior

1397 2465 1548 2507 evadit.

1453 2536 1523 2591 73.
1561 2535 1760 2591 Sphinges
1794 2536 1904 2575 circa
1944 2531 2278 2588 Troglodyticam
2315 2540 2356 2573 et
2382 2532 2632 2587 AEthiopiam

1397 2606 1613 2656 exsistunt,
1638 2605 1772 2646 forma
1789 2605 1853 2645 his
1871 2618 1958 2644 non
1980 2602 2200 2653 absimiles,
2222 2617 2313 2657 quae
2328 2610 2414 2642 arte
2425 2603 2631 2657 pictorum

1397 2673 1660 2724 exhibentur,
1682 2674 1761 2713 nisi
1784 2672 1898 2727 quod
1922 2672 2096 2712 hirsutie
2110 2669 2401 2712 tantummodo
2416 2668 2629 2710 differunt.

1397 2740 1552 2783 Placidi
1565 2741 1640 2782 illis
1663 2749 1760 2781 sunt
1780 2741 1908 2781 animi
1926 2748 1968 2780 et
1989 2738 2217 2781 admodum
2231 2739 2408 2789 versuti,
2430 2738 2630 2791 artisque,

1399 2826 1490 2867 quae
1505 2810 1754 2867 compendio
1773 2809 1879 2851 tradi
1900 2818 2050 2865 potest,
2077 2823 2259 2864 capaces.

1401 2994 1643 3043 ακόντιστον,
1685 2993 1774 3033 ἀλλ’
1805 2993 1828 3045 ἣ
1854 2993 1917 3048 βία
1948 2995 2016 3034 τοῦ
2050 2990 2302 3047 ἐμπίπτοντος
2327 2988 2432 3044 μάλα
2454 2990 2629 3044 καρτερά.

1402 3055 1465 3096 Cf.
1498 3056 1654 3097 Plinius
1686 3057 1804 3106 VIII,
1844 3069 1920 3109 293
1953 3056 2121 3096 Cosmas
2158 3052 2412 3106 Indopleust.
2451 3065 2493 3105 p.
2525 3052 2628 3100 3343

1402 3119 1581 3173 Oppian.
1606 3119 1760 3174 Cyneg.
1783 3120 1839 3167 ΙΙ,
1865 3117 1960 3166 554.

1456 3184 1565 3234 §72.
1592 3181 1656 3222 Cf.
1681 3181 1838 3222 Plinius
1859 3181 1978 3229 VIII,
2001 3191 2068 3232 27.
2092 3179 2142 3217 In
2165 3176 2348 3229 margine
2372 3173 2465 3214 cod.
2487 3174 2631 3227 Alegi-

1399 3252 1469 3285 tur
1486 3257 1496 3285 :
1515 3243 1635 3284 Εἶδον
1655 3244 1699 3284 τὸ
1718 3245 1892 3283 τοιοῦτον
1912 3244 2015 3296 ζῷον
2031 3239 2141 3293 κάγὼ
2156 3237 2257 3293 παρὰ
2275 3240 2342 3277 τοῦ
2361 3239 2633 3291 τυραννοῦντος

1401 3305 1439 3346 ἐν
1462 3305 1721 3360 Ἀλεξανδρείᾳ
1741 3303 1877 3344 σταλὲν
1900 3307 1957 3357 τῷ
1987 3301 2143 3356 βασιλεῖ’
2157 3300 2287 3354 ἡμῶν·
2316 3299 2471 3353 ζοράφιν
2492 3298 2525 3337 δ’
2549 3298 2632 3339 ἐκά-

1398 3369 1459 3409 λει
1478 3372 1592 3409 τοῦτο
1621 3367 1642 3407 ὁ
1673 3366 1832 3421 ἀγαγὼν
1867 3364 2066 3419 βάρῧαρος.
2102 3362 2256 3404 Nabun
2285 3360 2336 3400 ab
2371 3359 2631 3414 AEthiopibus

1400 3433 1536 3472 vocari
1552 3431 1707 3471 Plinius
1721 3430 1838 3477 VIII,
1859 3441 1911 3481 27
1930 3425 2071 3467 tradit.
2098 3423 2161 3465 Cf.
2186 3425 2354 3464 Cosmas
2374 3422 2403 3463 l.
2424 3422 2471 3473 l.‚
2492 3422 2630 3463 Helio-

1398 3493 1490 3535 dor.
1506 3495 1547 3535 X
1567 3507 1635 3547 27,
1654 3492 1792 3545 ibique
1805 3491 1963 3544 Coray;
1981 3488 2277 3541 Philostorgius
2291 3487 2345 3526 H.
2364 3485 2475 3526 Eccl.
2495 3487 2571 3535 III,
2588 3499 2628 3535 2,

1397 3571 1439 3611 p.
1473 3557 1552 3605 483
1569 3548 1640 3596 ed.
1670 3555 1799 3595 Paris.
1848 3553 1863 3606 ss
1890 3577 1947 3582 —
1983 3565 2050 3593 10.
2081 3550 2146 3591 καὶ
2180 3548 2323 3590 addidi
2349 3562 2399 3588 ex
2431 3548 2479 3588 C.
2523 3548 2538 3601 Ι]
2576 3572 2630 3577 -

1402 3633 1467 3660 12.
1494 3617 1576 3668 τὴν
1614 3616 1794 3667 κλῆσιν
1836 3614 1917 3656 καὶ
1940 3615 1954 3669 ]
1977 3614 2065 3655 haec
2086 3613 2208 3666 vulgo
2226 3611 2396 3659 desunt;
2426 3609 2631 3650 habentur
2665 3642 2667 3646 ,
2727 3649 2730 3651 .

1397 3685 1441 3724 in
1462 3683 1579 3724 ABC.
1606 3681 1620 3734 Η
1648 3704 1703 3710 —-
1726 3682 1790 3728 14.
1823 3678 2003 3733 πάχος]
2037 3696 2054 3712 α
2076 3691 2128 3717 an
2150 3674 2300 3730 τάχοςὶ)
2320 3691 2336 3711 »
2362 3675 2548 3713 ΒΕΚΚΕΒ.

1454 3749 1475 3798 5
1513 3749 1581 3786 73.
1624 3741 1686 3782 Cs.
1733 3742 1889 3782 Plinius
1909 3742 2035 3789 VIII,
2072 3752 2124 3792 29
2159 3751 2168 3779 :
2207 3741 2366 3792 Lyncus
2396 3735 2629 3788 frequentes

1396 3818 1434 3849 ec
1456 3807 1655 3863 sphingas
1672 3804 1799 3858 fusco
1825 3804 1933 3860 pilo,
1966 3800 2156 3843 mammis
2193 3800 2234 3841 in
2260 3808 2421 3855 pectore
2454 3792 2627 3846 geminis

1400 3868 1619 3924 AE'lltc'opia
1660 3876 1839 3919 generat.
1890 3866 2133 3908 Accuratius
2178 3861 2328 3903 animal
2384 3855 2627 3924 describitur

1399 3948 1421 3973 a
1456 3931 1729 3985 Philostoi‘gio
1751 3931 1828 3980 ΙΙΙ,
1864 3942 1903 3979 2,
1935 3943 1978 3983 p.
2011 3927 2108 3976 483,
2143 3924 2215 3964 ubi
2243 3921 2350 3962 vide.
2383 3918 2445 3959 Cf.
2479 3916 2625 3957 AEhan.

1398 3998 1520 4044 XVI,
1546 3994 1608 4035 15.
