2808 4342
37 219 135 253 ΤΩΝ
170 220 512 256 ΛΕῙΠΟΜΕΝΩΝ
538 221 631 254 ΤΗΣ
658 222 889 258 ΕΥΡΩΠΗΣ
917 225 1088 260 ΜΕΡΩΝ
1119 225 1268 260 -ΠΕΡῙ-

560 290 736 327 ΠΛΟΥΣ.

102 408 136 438 ⁴.
173 391 461 444 Νικόπολις
476 427 487 448 ,
507 393 624 443 πόλις
643 393 862 456 Ἠπείρου,
883 397 937 446 ὣς
958 395 1204 456 Μαρκιανός.

102 477 134 506 5.
172 459 392 506 Σικελία
415 464 441 515 ἡ
461 464 580 516 νῆσος
603 462 778 508 Σικανία
802 463 995 525 πρότερον
1017 464 1266 522 ὠνομάζετο,

41 522 131 574 εἶτα
156 528 326 574 Σικελία
345 530 520 587 ἐκλήθη,
539 529 593 581 ὥς
613 549 712 594 φησι
732 530 976 583 (Ελλάνικος
1003 531 1177 594 Ἱερειῶν
1196 535 1270 586 τῆς

35 595 173 659 ”Ηρας
194 597 246 659 β’·
268 618 288 637 ι
311 600 351 643 ἐν
374 597 417 643 δὲ
439 601 497 661 τῷ
521 601 631 661 αὐτῷ
645 596 783 660 χρόνῳ
801 598 874 644 καὶ
897 599 1074 651 Αὔσονες
1090 599 1168 644 ὑπὸ
1187 602 1268 644 τῶν

38 665 246 726 Ἰαπύγων
271 667 311 719 ἐξ
342 666 523 718 Ἰταλίας
546 667 818 722 ἐξανέστησαν
834 702 847 723 ,
873 661 929 713 ὧν
958 661 1063 730 ἦρχε
1088 667 1268 719 Σικελός·

35 734 106 780 καὶ
131 734 345 786 διαὸάντες
365 737 420 786 εἷς
442 735 515 790 τὴν
541 739 663 790 νῆσον
682 734 757 790 τὴν
782 735 873 780 τότε
899 736 1094 781 Σικανίαν
1118 738 1267 782 καλου·

35 804 160 863 μένην
178 803 272 864 περὶ
289 804 362 858 τὴν
384 802 535 858 Αἴτνην
562 804 817 863 καθιζόμενοι
844 804 974 866 ᾤκουν
995 804 1110 850 αὐτοί
1132 824 1175 849 τε
1198 804 1270 850 καὶ

36 875 56 916 ὁ
81 871 272 932 βασιλεὺς
296 873 429 916 αὖτῶν
449 872 631 929 Σικελὸς,
655 874 867 934 βασιλείην
892 873 1268 933 ἐγκαταστησάμε-

34 959 112 993 νος·
132 940 204 985 καὶ
221 942 400 985 ἐντεῦθεν
418 940 653 1000 ὁρμώμενος
672 945 692 986 ὁ
717 942 885 993 Σικελὸς
906 935 1018 994 οὗτος
1037 942 1173 998 πάσης
1187 943 1266 998 ἤδη

33 1012 107 1064 τῆς
125 1008 251 1063 νήσου
275 1007 426 1065 ταύτης
444 1044 455 1064 ,
478 1010 569 1055 τότε
595 1010 788 1062 Σικελίας
816 1011 1071 1070 καλουμένης
1094 1011 1175 1056 ἀπὸ
1198 1016 1267 1056 τοῦ

35 1079 211 1124 Σικελοῦ
234 1077 398 1134 τούτου,
418 1078 484 1135 (ὃς
503 1075 573 1123 καὶ
593 1081 633 1123 ἐν
655 1081 758 1139 αὐτῇ
777 1081 789 1140 )
813 1079 1069 1124 ἐὸασίλευσε.
1098 1100 1116 1120 υ
1185 1080 1269 1126 Καὶ

33 1146 249 1199 Μένιππος
271 1147 314 1191 δὲ
337 1148 471 1193 ταύτά
497 1166 636 1210 φησιν.
706 1147 996 1209 [Θουκυδίδης
1029 1147 1070 1194 δὲ
1094 1147 1265 1209 οὕτως’]

34 1236 52 1256 ι
76 1215 257 1267 ἐλθόντες
279 1218 333 1268 εἷς
357 1217 548 1262 Σικελίαν
568 1218 661 1264 κτλ.

95 1301 131 1331 6.
168 1285 276 1350 Noip
291 1285 411 1341 ὅων,
432 1284 627 1347 ἐμπόριον
658 1285 728 1331 καὶ
750 1285 867 1338 πόλις
905 1286 1122 1341 Κελτική..
1141 1289 1269 1347 ,Map-

31 1354 169 1405 κιανὸς
189 1353 230 1398 δὲ
249 1354 553 1416 Ναρὸωνησίαν
578 1354 702 1410 αὐτὴν
722 1354 848 1416 λέγει.

31 1500 88 1527 no
116 1501 150 1528 s.
176 1501 216 1528 v.
250 1495 291 1527 et
316 1487 450 1528 Plinio
472 1489 527 1538 V,
557 1491 626 1536 44.
662 1488 726 1528 Cf.
752 1488 898 1529 Gillius
930 1490 994 1529 De
1018 1489 1138 1543 Bosp.
1160 1488 1264 1528 Thr.

30 1562 75 1604 p.
97 1552 190 1602 147.
209 1551 272 1590 De
289 1550 420 1590 fluvio
439 1549 631 1590 Chalcide
650 1549 830 1599 aliunde,
848 1558 1051 1604 quantum
1067 1551 1166 1600 scio,
1184 1565 1268 1590 non

33 1619 208 1651 constat.
235 1610 374 1652 Insula
396 1610 509 1652 dicta
531 1626 555 1652 a
579 1611 897 1666 χαλκουργείοις,
926 1625 1104 1666 quorum
1127 1612 1270 1653 etiam-

31 1686 146 1713 nunc
168 1673 227 1714 ibi
255 1682 353 1714 sunt
377 1674 562 1727 vestigia.

89 1738 130 1784 4.
161 1735 371 1790 Nicopolis
393 1736 550 1776 mentio
573 1735 625 1776 ad
648 1736 879 1790 Menippea}
911 1736 1120 1790 epitomen
1148 1735 1272 1789 perti-

30 1811 129 1838 nere
162 1796 345 1848 videtur;
383 1806 493 1837 certe
526 1797 814 1838 Artemidorus
854 1797 1028 1850 Augusti
1052 1810 1155 1850 opus
1187 1810 1273 1836 non

30 1859 293 1900 memoravit.
336 1861 587 1913 Quanquam
611 1858 847 1899 Marcianus
882 1856 934 1895 de
971 1870 1047 1896 suo
1082 1870 1195 1910 penu
1230 1857 1273 1896 in

29 1920 286 1961 Artemidori
307 1916 592 1974 epitome-ejus
614 1917 869 1958 montionem
884 1916 1017 1958 facere
1034 1917 1184 1972 potuit.

89 1981 128 2022 5.
167 1983 266 2022 Haec
295 1995 318 2021 e
353 1981 563 2035 Stephano
597 1979 718 2020 affert
743 1979 1037 2021 Constantinus
1065 1979 1269 2034 Porphyr.

33 2045 96 2084 De
115 2044 244 2084 them.
266 2045 323 2094 II,
343 2059 367 2097 9
387 2058 429 2099 p.
460 2042 510 2084 58
532 2045 670 2083 Bonn.
701 2042 716 2096 ΙΙ
736 2042 926 2082 -τότε
949 2041 1162 2095 ταύτης]
1189 2041 1275 2081 ταύ-

0 2138 1 2141 ,
31 2120 98 2157 της
112 2105 200 2145 τότε
221 2103 373 2155 codex;
394 2112 578 2145 ceterum
597 2103 735 2155 ταύτης
746 2135 758 2154 ,
777 2104 896 2144 sicuti
912 2118 1010 2143 mox
1024 2103 1273 2157 pronomina

32 2166 353 2208 demonstrativa
374 2167 418 2206 in
437 2165 458 2205 ὃ
482 2166 642 2213 Σικελὸς
666 2162 778 2212 οὗτος
806 2174 846 2205 et
863 2168 931 2205 τοῦ
955 2164 1117 2204 Σικελοῦ
1137 2164 1272 2204 τούτου

32 2229 326 2271 Constantinus
348 2227 400 2268 de
428 2241 506 2268 suo
542 2227 742 2268 intulerit.
763 2225 924 2266 Deinde
950 2224 1149 2279 ejicienda
1177 2233 1274 2265 sunt

0 2317 3 2323 ›
32 2290 157 2332 verba
171 2292 213 2339 ὃς
230 2290 296 2331 καὶ
312 2288 350 2330 ἐν
371 2288 481 2345 αὖτῇ,
503 2289 583 2330 nisi
594 2298 861 2343 transponere
875 2301 923 2327 ea
943 2287 1041 2327 velis
1056 2294 1273 2340 totumque

30 2353 170 2394 locum
191 2353 249 2393 ita
274 2351 477 2393 adornare
613 2350 724 2392 αὐτοί
743 2365 785 2391 τε
813 2349 878 2390 καὶ
906 2348 927 2388 ὁ
951 2348 1126 2403 βασιλεὺς
1148 2347 1270 2389 αὐτῶν

0 2415 7 2443 '³
33 2402 213 2466 Σικελὸς,
237 2415 279 2462 ’ὸς
289 2413 354 2454 καὶ
368 2413 407 2455 ἐν
430 2412 527 2470 αὖτῇ
541 2413 738 2468 βασιλείην
759 2411 983 2467 (βασιληίην
1001 2414 1016 2466 )
1034 2411 1271 2466 ἐγκαταστη-

0 2477 2 2481 “
35 2477 200 2532 σάμενος
231 2476 297 2518 καὶ
330 2475 502 2517 ἐντεῦθεν
525 2475 751 2531 ὁρμώμενος
782 2475 905 2526 πάσης
934 2473 1008 2525 ἤδη
1038 2476 1105 2525 τῆς
1125 2474 1268 2525 νήσου,

33 2538 121 2587 τότε
148 2538 195 2579 Σ.
219 2537 458 2593 καλουμένης
480 2536 555 2578 ἀπὸ
575 2540 643 2578 τοῦ
671 2536 849 2584 Σικελοῦ,
883 2535 1104 2576 ἐδασίλευσε
1127 2537 1143 2589 (
1161 2535 1271 2591 ἐκρά-

0 2595 2 2641 J
33 2600 156 2653 τησεΡ
171 2600 203 2657 ).
228 2602 278 2641 In
301 2601 519 2655 postremis
542 2601 694 2641 inserta
730 2607 791 2640 est
812 2598 968 2638 mentio
995 2598 1265 2653 Thucydidis.

0 2655 2 2658 ’
32 2663 209 2717 Vulgata
221 2664 278 2705 ita
294 2663 433 2713 habet,
451 2664 568 2718 quasi
583 2663 707 2704 verba
722 2662 912 2712 ἐλθόντες,
929 2669 1026 2712 etc„
1042 2669 1174 2701 essent
1184 2663 1271 2701 Me-

0 2725 4 2782 ’1
33 2725 165 2780 nippi.
177 2725 456 2768 Ceterumhoe
471 2740 602 2767 unum
615 2734 676 2766 est
689 2725 980 2779 fragmentum,
995 2738 1043 2764 ex
1053 2737 1136 2778 quo
1151 2738 1271 2778 appa-

0 2786 9 2831 ”.
34 2795 97 2827 ret
109 2787 354 2842 Menippum
373 2788 652 2843 geographicis
667 2787 750 2828 suis
766 2787 888 2827 etiam
904 2785 1098 2826 historica
1114 2786 1168 2825 im
1175 2786 1271 2826 mis-

34 2850 166 2890 cuisse
189 2849 203 2906 (
221 2851 489 2891 V4Marcian.
509 2853 531 2902 S
554 2853 576 2899 4
597 2865 640 2905 p.
665 2849 861 2904 566,43).
884 2850 1118 2890 Marcianus
1139 2863 1271 2903 quum

36 2910 131 2952 talia
157 2926 181 2952 a
208 2926 251 2953 se
274 2912 421 2967 procul
453 2913 637 2962 haberet,
669 2927 719 2953 ex
745 2912 824 2952 hoe
856 2926 1021 2966 quoque
1044 2910 1272 2965 fragmento

37 2973 199 3027 colligas
221 2975 474 3030 Stephanum
496 2990 548 3017 ex
564 2976 726 3030 integro
744 2975 926 3016 hausisse
943 2974 1156 3029 Menippo.
1273 3022 1276 3026 Ι

96 3040 136 3076 6.
161 3037 259 3078 Haec
274 3052 375 3078 num
391 3053 442 3079 ex
457 3040 636 3093 epitome
653 3039 839 3093 Menippi
856 3052 908 3079 an
920 3036 1172 3079 Artemidori
1189 3038 1276 3078 Ste-

36 3098 197 3153 phanus
209 3102 415 3151 sumserit,
441 3101 659 3143 nescimus.

857 101 1124 165 EPlToME
1157 117 1390 164 rmum
1428 117 1736 164 MEprm.

2476 131 2565 170 573

1406 239 1723 280 RELIQUARUM
1757 239 1963 272 BUROPAE
1997 240 2220 273 Furtum
2254 241 2502 275 rmm‘ws.

1397 401 1439 446 4.
1471 398 1771 453 NicopoliS,
1800 399 1898 439 urbs
1915 400 2052 454 Epiri,
2074 408 2120 440 ut
2143 401 2378 442 Marcianus
2400 403 2470 442 ait.

1398 477 1437 518 5.
1461 478 1488 518 S
1501 478 1564 518 ici
1578 478 1589 518 1
1603 479 1614 518 i
1627 493 1649 518 a
1675 478 1928 533 insulaprius
1940 479 2113 529 Sicania,
2131 487 2272 535 postea
2281 481 2415 522 Sicilia
2430 491 2568 524 vocata
2612 534 2613 537 Ἴ

1339 564 1415 606 est,
1429 566 1475 597 ut
1492 557 1723 598 Hellanicus
1745 558 1801 598 ait
1822 558 2088 599 Sacerdotum
2103 559 2280 601 sunonis
2301 559 2406 601 libro
2424 575 2568 602 secun-

1340 638 1395 684 do,
1417 651 1426 678 :
1450 655 1466 676 ιι
1489 638 1645 679 Eodem
1666 648 1850 694 tempore
1868 641 1990 681 etiam
2008 643 2196 682 Ausones
2209 672 2221 692 ,
2239 642 2390 696 quibus
2410 641 2568 683 Siculus

1340 719 1581 774 imperabat,
1595 734 1619 760 a
1629 720 1846 774 Iapygibus
1858 720 1971 761 Italia
1984 719 2099 774 ejecti
2116 730 2227 762 sunt.
2243 723 2387 776 Itaque
2398 723 2440 763 in
2456 722 2567 762 insu·

1341 798 1419 839 lam
1435 814 1526 854 quae
1542 807 1641 840 tunc
1658 800 1817 841 Sicania
1828 800 2067 851 vocabatur,
2086 803 2322 856 transgressi
2338 802 2390 843 ad
2403 803 2567 845 AEtnam

1340 878 1455 918 sedes
1472 878 1651 919 fixerunt
1675 879 1750 934 ipsi
1770 893 1995 934 eorumque
2014 894 2086 920 rex
2108 880 2292 931 Siculus,
2317 882 2388 935 qui
2416 882 2566 935 regiam

1343 958 1399 998 ibi
1431 958 1507 999 sibi
1530 959 1765 1007 constituit,
1803 973 1854 999 ex
1890 974 2019 1014 eaque
2047 961 2310 1015 proficiscens
2335 963 2459 1002 totius
2482 961 2568 1016 jam

1341 1040 1495 1091 insulae,
1519 1049 1618 1081 tune
1634 1041 1778 1082 Siciliae
1793 1054 1945 1082 nomen
1965 1056 1988 1082 a
2003 1042 2139 1083 Siculo
2157 1051 2301 1093 nactae,
2322 1057 2450 1097 regno
2464 1045 2569 1099 poti-

1341 1127 1406 1159 tus
1422 1128 1481 1160 est
1502 1138 1538 1161 n.
1558 1121 1777 1175 Menippus
1801 1135 1966 1175 quoque
1987 1121 2074 1162 haec
2101 1131 2254 1162 narrat.
2280 1122 2295 1176 [
2317 1123 2568 1177 Thucydides

1340 1214 1433 1240 vero
1449 1203 1525 1250 VI,
1546 1213 1571 1241 2
1594 1201 1655 1241 ita
1669 1203 1709 1256 s]
1749 1221 1765 1237 α
1789 1203 2010 1243 Venientes
2025 1203 2066 1242 in
2082 1204 2255 1243 Siciliam
2278 1212 2355 1244 etc.

1397 1292 1437 1328 6.
1468 1289 1699 1338 Narbon,
1742 1292 1974 1344 emporium
2010 1299 2050 1331 et
2087 1291 2237 1332 Celtica
2276 1292 2400 1342 urbs,
2445 1306 2566 1347 quam

1338 1356 1573 1395 Marcianus
1593 1356 1888 1396 Narbonesiam
1908 1366 2039 1397 vocat.

1395 1489 1556 1543 Periplo
1581 1490 1812 1544 ,Menippus
1833 1490 2059 1529 'inseruerit
2097 1489 2157 1529 vel
2197 1488 2431 1543 adjunxerit
2460 1491 2568 1530 Διά-

1341 1549 1431 1590 πλο
1443 1566 1463 1589 υ
1474 1566 1489 1597 ς
1503 1550 1554 1590 ab
1570 1565 1651 1591 una
1673 1550 1725 1590 ad
1743 1550 1910 1591 alteram
1926 1551 2204 1591 continentem
2223 1552 2306 1591 sive
2327 1560 2569 1595 uno.ten0re

1342 1613 1560 1652 continuos
1587 1614 1671 1653 sive
1703 1613 1834 1653 obviis
1861 1613 2002 1653 insulis
2025 1614 2274 1667 interruptos
2300 1621 2340 1653 et
2358 1612 2571 1654 distinctos

1346 1673 1436 1728 (Cf.
1455 1673 1662 1715 stadiasm.
1680 1689 1722 1728 p.
1742 1674 1858 1730 499).
1875 1675 1953 1717 Vel
1974 1676 2017 1715 in
2038 1675 2148 1715 hisce
2162 1675 2342 1723 Διάπλοις
2356 1675 2418 1716 vel
2437 1676 2479 1716 in
2495 1677 2570 1716 Πε-

1345 1735 1490 1788 ρίπλοις
1505 1735 1557 1776 de
1578 1736 1847 1789 longitudine,
1875 1736 2089 1777 latitudine
2112 1745 2152 1777 et
2170 1737 2328 1778 ambitu
2347 1737 2569 1790 insularum

1344 1805 1487 1837 auctor
1518 1797 1614 1850 egit.
1636 1797 1857 1852 Complura
1877 1797 1974 1838 inde
1996 1807 2206 1839 mutuatus
2238 1808 2298 1840 est
2329 1800 2571 1853 Agathemc-

1345 1871 1415 1897 rus
1433 1859 1468 1907 I,
1491 1857 1512 1897 5
1530 1872 1572 1912 p.
1596 1859 1675 1898 316
1695 1859 1762 1899 ed.
1784 1859 1960 1910 Hoffm„
1984 1860 2054 1914 qui
2072 1860 2203 1901 fontes
2225 1860 2336 1901 unde
2354 1875 2427 1901 sua
2442 1860 2494 1901 de
2512 1863 2573 1901 in-

1346 1919 1527 1959 sularum
1545 1918 1870 1960 dimensionibus
1883 1921 2063 1961 hauserit
2075 1952 2085 1971 ‚
2104 1921 2320 1976 profitetur
2338 1922 2571 1979 Artemido-

1345 1995 1439 2021 rum
1457 1989 1498 2021 et
1518 1982 1763 2036 Menippum
1788 1991 1829 2022 et
1857 1982 2002 2037 ἑτέρους
2029 1982 2278 2031 ἀξιοπίστους.
2311 1986 2572 2038 Quamquam

1346 2042 1447 2096 quid
1465 2043 1615 2083 horum
1643 2045 1857 2099 Menippo,
1881 2043 1983 2098 quid
2005 2045 2149 2084 ceteris
2171 2043 2467 2084 vindicandum
2498 2046 2571 2095 sit,

1346 2103 1563 2157 dijudicari
1584 2106 1742 2157 nequit.
1757 2128 1814 2134 -
1831 2107 2032 2144 Praeterea
2043 2106 2263 2158 Menippus
2278 2106 2440 2158 scripsit
2460 2106 2576 2146 Στα-

1346 2166 1591 2220 διασμοῦς
1613 2168 1700 2215 τῆς
1727 2165 1847 2216 ὅλης
1873 2164 2192 2218 οἰκουμένης,
2218 2165 2251 2204 si
2267 2164 2369 2204 fides
2387 2166 2574 2207 habenda

1346 2227 1614 2267 Constantino
1648 2226 2004 2280 Porphyrogenito
2035 2225 2123 2281 (De
2149 2226 2278 2269 them.
2310 2228 2345 2276 I,
2385 2239 2409 2266 2
2445 2241 2488 2281 p.
2525 2232 2573 2270 18

1344 2290 1477 2329 Bonn.
1505 2288 1538 2344 ),
1563 2289 1634 2342 qui
1658 2301 1668 2329 :
1692 2288 1746 2328 Tb
1770 2289 1880 2344 θέμα,
1917 2288 2067 2342 inquit,
2102 2286 2147 2327 τὸ
2175 2286 2414 2342 καλούμενον
2444 2287 2573 2343 Ἀρμε-

1345 2349 1475 2390 νιακὸν
1505 2348 1548 2389 οὖ
1578 2349 1704 2404 κύριον
1733 2347 1816 2403 ἔχει
1850 2348 1895 2389 τὸ
1918 2348 2057 2404 ὄνομα,
2090 2347 2175 2389 οὔδὲ
2208 2348 2350 2404 ἀρχαία
2384 2349 2439 2397 τίς
2472 2350 2572 2391 ἔστιν

1343 2411 1521 2463 ἣτούτου
1551 2411 1843 2466 προσηγορία...
1878 2409 1974 2451 Οὔτε
1996 2409 2071 2465 γὰρ
2099 2410 2280 2464 Στράὸων
2309 2410 2331 2450 ὁ
2352 2412 2574 2466 γεωγράφος

1343 2475 1412 2524 τῆς
1433 2472 1609 2524 τοιαύτης
1631 2471 1838 2527 ὀνομασίας
1861 2471 2102 2526 ἐμνήσθη...,
2125 2469 2210 2511 οὔτε
2233 2471 2427 2519 Μένιππος
2445 2472 2466 2512 ὁ
2488 2473 2573 2521 τοὺς

1344 2534 1599 2589 σταδιασμοῦς
1644 2536 1712 2585 τῆς
1747 2533 1841 2585 ὅλης
1883 2532 2106 2588 οἰκουμένης
2148 2532 2478 2588 ἀπογραψάμενος.
2515 2558 2570 2565 -

1344 2597 1537 2651 Superest
1554 2603 1601 2635 ut
1634 2608 1876 2636 moneamus
1895 2595 1999 2636 nihil
2020 2594 2072 2635 ad
2101 2609 2176 2635 nos
2196 2595 2401 2649 pertinere
2419 2609 2509 2649 quae
2529 2596 2570 2635 in

1344 2658 1537 2713 Stephani
1555 2657 1765 2698 codicibus
1786 2657 1977 2710 leguntur
1994 2670 2004 2697 z
2026 2657 2199 2708 Χιτώνη·
2221 2654 2340 2704 οὕτως
2357 2655 2381 2707 ἣ
2402 2655 2571 2711 Ἄρτεμις

1343 2719 1512 2775 λέγεται,
1535 2720 1600 2760 καὶ
1622 2719 1803 2769 Χιτωνία,
1829 2720 1880 2767 ὡς
1905 2719 2006 2774 παρὰ
2033 2719 2221 2774 Μενίππῳ
2240 2718 2261 2758 ὁ
2291 2719 2493 2766 Βυζάντιος
2508 2719 2572 2759 καὶ

1350 2780 1589 2837 Ἐπίχαρμος
1606 2781 1644 2822 ἐν
1660 2781 1823 2836 Σφιγγί·
1850 2798 1866 2820 (ι
1886 2781 1951 2822 καὶ
1969 2781 1990 2821 ὁ
2005 2782 2072 2828 τᾶς
2088 2779 2272 2827 Χιτωνίας
2294 2779 2498 2832 αὖλησάτω
2517 2782 2572 2828 τίς

1347 2859 1413 2899 μοι
1450 2844 1579 2900 μέλος.
1622 2862 1638 2882 ι)
1675 2844 1839 2884 Etenim
1872 2857 1967 2884 cum
2003 2842 2200 2884 Salmasio
2234 2842 2454 2896 legendum
2487 2855 2497 2884 z
2522 2843 2572 2890 ὡς

1341 2906 1570 2963 Παρμενίων
1595 2906 1617 2947 ὁ
1646 2907 1850 2954 Βυζάντιος
1864 2937 1875 2956 ,
1899 2919 2023 2960 quem
2048 2904 2283 2945 iamborum
2303 2912 2467 2958 poetam
2485 2904 2571 2945 Ste-

1342 2969 1503 3025 phanus
1518 2969 1638 3010 etiam
1659 2983 1691 3009 s.
1715 2982 1756 3010 v.
1777 2968 1956 3008 Βουδῖνοι
1974 2975 2014 3008 et
2032 2966 2192 3021 Φρίκιον
2212 2965 2374 3006 excitat.
