2756 4354
560 142 638 188 DE
673 141 973 187 ANONYMO
1006 141 1292 191 AUCTORE
1328 149 1567 196 PERIPLI
1602 154 1793 201 MARlS
1834 159 2173 215 ERYTHRAEI.

170 247 268 292 163.
308 245 513 291 Tertium
554 242 843 288 itinerarium
879 242 937 297 ab
976 243 1215 291 Ecbatanis
1250 263 1334 308 per

3 283 68 335 Σ
100 319 371 381 Persepolin
389 319 437 363 in
459 316 636 362 Indiam
657 316 783 361 ducit
805 332 816 360 :

163 396 416 439 Ecbatanis.
836 423 842 429 .

163 471 314 526 Rapsa
331 467 387 510 30
413 469 426 524 (
446 463 586 527 Ῥοίψα
604 469 685 524 90⁰
714 463 797 510 10'.
823 465 901 510 35⁰
923 466 992 521 40‘
1016 467 1135 514 Ptol.
1153 468 1184 528 ).

107 532 113 539 ’
162 545 403 598 Bregnana
420 556 475 583 22
498 538 509 598 (
523 540 760 601 Παραχάνα
786 542 865 597 87⁰
884 539 969 594 40¹.
993 542 1073 586 36⁰
1095 542 1215 589 Ptol.
1240 543 1268 603 ).

162 619 316 667 Nisaci
342 631 396 659 10
426 614 441 676 (
472 614 660 675 Νεσέργη
681 620 778 674 91⁰.
807 616 885 669 34⁰
909 617 1029 662 Ptol.
1047 617 1079 676 ).

161 693 344 748 Portipa
366 706 417 733 12
436 689 703 751 (Πορτοπάνα
729 691 825 749 89⁰.
849 691 928 753 35⁴ss
948 691 1007 736 50
1023 691 1142 738 Ptol.
1164 691 1195 753 ).

160 767 409 823 Persepolis
429 781 482 808 12
505 763 793 825 (Περσέπολις
816 769 897 824 91⁰
929 765 1014 810 15'.
1038 768 1115 811 33⁰
1136 765 1207 811 20'
1226 766 1329 828 Pt.)

16 891 17 894 Ἴ
158 843 388 896 Pantyene
415 839 490 895 60,
515 839 546 884 i.
567 853 608 883 0.
636 838 877 896 Παρθυηνή.

30 911 31 915 ’
98 935 103 951 2
162 918 351 959 Arciotis
369 915 444 969 30,
467 914 502 960 i.
520 929 558 959 e.
578 912 798 975 Ἀρειῶτις.

158 992 384 1034 Caumatis
423 1005 496 1046 2ο,
530 989 562 1036 i.
598 1004 638 1034 0.
672 988 922 1048 Καυματίας
955 1006 993 1038 s.
1039 991 1329 1052 Καυματώδης

92 1062 229 1127 χώρα.

156 1142 412 1191 Aradarum
442 1157 512 1197 10,
535 1142 570 1187 i.
604 1155 644 1186 e.
671 1141 893 1202 Δαρανδῶν
912 1140 1030 1204 χώρα
1051 1142 1168 1190 Ptol.

159 1217 392 1260 Taliarene
421 1231 497 1271 20,
516 1216 550 1261 i.
575 1231 615 1260 0.
641 1213 866 1272 Τατακηνὴ
882 1214 999 1278 χώρα
1015 1217 1134 1263 Ptol.

154 1293 305 1334 Bestia
333 1293 543 1334 deselutta
567 1307 637 1345 20,
657 1291 688 1339 i.
711 1306 750 1336 e.
773 1295 898 1335 Beste
918 1294 1133 1336 desolata.

153 1368 282 1420 Rana
306 1380 363 1409 20
386 1365 591 1423 (Bainna
613 1364 670 1412 G.
695 1365 749 1409 R.
780 1365 842 1421 ll,
871 1383 919 1422 1;
944 1367 1030 1424 leg.
1054 1371 1229 1411 Ramna
1247 1370 1281 1429 ).

152 1443 378 1483 Baatema
396 1456 454 1484 20
485 1440 498 1500 (
523 1441 643 1500 apud
670 1440 870 1502 Βατρίους
895 1442 1129 1488 Ptolemaei
1147 1443 1176 1504 ).

155 1518 323 1561 Cotrica
356 1516 413 1560 20
441 1515 658 1576 (Goriea‚
681 1517 907 1578 Γωρυοιίοιὶ>
925 1520 955 1579 ).

153 1591 344 1634 Ochirea
379 1592 432 1635 16
454 1593 684 1654 (Ackirea
717 1592 772 1639 G.
807 1592 878 1650 R.;
913 1593 1114 1655 Ἀριγαῖον
1141 1611 1213 1655 ap.
1242 1596 1321 1640 Ar-

87 1666 205 1712 rian.
227 1666 301 1721 IV,
329 1673 405 1722 24,
436 1668 479 1711 6.
506 1666 535 1728 ).

90 1790 102 1795 .⁷
148 1742 304 1784 Plzara
343 1757 400 1786 20
425 1741 613 1802 (Βάζιρα
643 1743 826 1787 Arriani
861 1744 936 1800 lV,
984 1762 1059 1802 27,
1092 1746 1134 1792 5.
1165 1748 1241 1803 28,
1275 1764 1316 1802 1,

6 1846 9 1849 ,
85 1817 342 1875 Bazipliara
361 1816 412 1861 in
438 1816 546 1864 ltin.
571 1816 702 1862 Alex.
729 1835 768 1862 c.
802 1835 883 1875 107
903 1820 937 1879 ).

150 1893 241 1936 Ora
261 1891 313 1936 15
333 1892 452 1954 (Ora
470 1893 658 1938 Arriani
685 1892 758 1949 IV,
779 1910 853 1951 27,
876 1894 918 1939 5.
947 1894 979 1956 ).

145 1970 338 2012 Pileiam
354 1957 442 2025 20,
468 1970 501 2014 i.
529 1984 567 2016 0.
592 1969 803 2014 Ρο110013.

145 2045 259 2085 Arni
283 2059 358 2099 20,
383 2044 417 2088 i.
445 2059 486 2090 e.
512 2043 652 2105 Ἀόρνη
679 2043 751 2106 (Ἴ.

144 2119 426 2161 Alexandria
443 2120 734 2176 Bucephalos.

23 2244 32 2254 .
145 2190 306 2236 Mediae
333 2202 378 2236 et
401 2192 607 2237 Persidis
646 2193 817 2252 oppida
849 2193 1120 2238 Ptolemaeus
1144 2194 1316 2253 praebet

84 2265 254 2320 omnia,
281 2281 557 2325 quamquam
582 2282 672 2310 non
709 2268 771 2311 ita
794 2282 972 2326 semper
996 2268 1176 2327 posuit,
1198 2278 1248 2311 ut
1266 2268 1316 2312 in

2526 205 2616 240 xcv

1408 253 1596 299 eandem
1614 256 1735 300 viam
1755 269 1857 318 apte
1873 261 2047 310 cadant.
2066 266 2237 315 Deinde
2252 274 2290 317 T
2294 277 2366 322 ab.
2387 281 2510 332 Peut,
2527 304 2618 336 non

1408 327 1595 386 oppida,
1614 329 1692 374 sed
1716 332 1925 390 regiones
1945 351 2178 396 memorat,
2203 360 2344 404 usque
2362 352 2415 395 ad
2448 355 2618 407 Besten,

1407 400 1447 443 A
1484 402 1613 448 Beste
1640 416 1806 465 praeter
1831 409 1952 454 viam
1984 412 2257 475 adscriptam
2280 421 2415 470 habes
2444 431 2622 479 alteram

1407 491 1496 534 qua
1519 493 1680 525 versus
1703 497 1829 527 oram
1846 486 2119 533 maritimam
2142 491 2452 546 descenditur:

1466 555 1629 600 Bestia.

1466 628 1629 671 Rhana
1650 631 1740 690 20(
1760 632 1790 678 l.
1819 633 2024 681 Rhamna
2042 639 2074 697 ).

1466 705 1607 746 Alcon
1637 720 1708 748 10.
2338 737 2355 757 ο

1465 781 1658 823 Paricea
1677 797 1750 836 70.

1401 853 1632 909 Rhamna,
1659 860 1761 916 quae
1793 858 1929 903 etiam
1963 860 2012 905 in
2043 863 2120 907 via
2149 880 2231 924 per
2257 868 2542 919 Arachosiam
2581 875 2629 922 in

1402 927 1582 974 Indiam
1619 931 1812 978 ducente
1847 944 1950 994 post
1986 936 2147 982 Besten
2180 944 2386 999 proxime
2411 950 2629 1008 sequitur,

1401 1012 1469 1047 est
1494 1005 1622 1063 regio
1667 1008 1748 1050 τῶν
1787 1006 2001 1068 Ῥαμνῶν,
2025 1027 2142 1071 quos
2175 1015 2223 1058 in
2249 1016 2479 1066 Gedrosiae
2501 1035 2629 1083 parte

1401 1076 1517 1122 Indo
1536 1079 1692 1125 vicina
1717 1083 1850 1142 ponit
1869 1083 2155 1135 Ptolemaeus».
2175 1088 2227 1133 In
2257 1095 2394 1136 Alcon
2415 1095 2520 1141 latet
2538 1097 2627 1159 Ἀρ·

1401 1150 1519 1199 δίων.
1544 1153 1767 1200 Similiter
1785 1157 1834 1201 in
1851 1157 1907 1205 G.
1926 1158 2034 1205 Rav.
2058 1161 2116 1218 ll,
2134 1163 2158 1206 5
2176 1180 2263 1224 pro
2289 1170 2460 1222 Asc-ion,
2481 1173 2628 1216 Oritdn

1399 1226 1498 1285 lege
1527 1231 1704 1283 Arbicn,
1750 1232 1918 1278 Orit6n.
1942 1233 2082 1279 Juxta
2110 1236 2276 1283 Arbios
2299 1256 2503 1293 occasum
2523 1262 2628 1291 ver-

1399 1316 1478 1347 sus
1510 1303 1681 1362 degunt
1713 1306 1942 1365 Parsires,
1988 1326 2185 1370 quorum
2209 1313 2363 1359 Parsis
2392 1319 2624 1377 oppidum.

1397 1375 1669 1425 Ptolemaeus
1691 1380 1798 1440 (VI,
1823 1398 1898 1441 21,
1919 1400 1965 1444 p.
1997 1389 2087 1445 439
2112 1384 2124 1446 )
2150 1387 2381 1447 regionem
2408 1391 2518 1436 dicit
2535 1395 2627 1440 Πα-

1397 1452 1567 1512 ρισηνήν
1593 1452 1606 1517 (
1631 1458 1797 1501 rectius
1813 1457 1983 1503 diceret
2001 1460 2268 1523 Παρσιρηνήν
2284 1461 2314 1525 ),
2334 1481 2467 1523 quam
2491 1467 2626 1514 habes

1394 1526 1445 1571 in
1468 1530 1658 1573 Paricea
1690 1529 1898 1587 Tabulae,
1922 1533 2053 1593 cujus
2077 1535 2395 1583 distantiarum
2416 1557 2626 1588 numeros

1392 1601 1562 1648 licebat
1593 1605 1838 1665 negligere.
1869 1607 2079 1653 Ceterum
2114 1626 2248 1670 qua-m
2280 1612 2462 1659 diverso
2490 1617 2625 1661 modo

1393 1677 1543 1724 haecce
1561 1679 1751 1726 Tabulae
1772 1673 2012 1729 itineraria
2050 1686 2099 1729 in
2122 1687 2287 1732 tabulis
2311 1692 2622 1750 geographicis

1392 1755 1534 1813 vulgo
1556 1757 1877 1817 disponantur,
1899 1760 1997 1820 ipse
2019 1761 2189 1806 videas.

1458 1831 1562 1882 164.
1587 1834 1737 1876 Editoe
1767 1844 1872 1895 sunt
1895 1834 2063 1880 Isidori
2093 1836 2341 1882 Characeni
2370 1841 2621 1886 mansiones

1391 1906 1619 1952 Parthicae
1638 1909 1702 1954 .in
1740 1912 2014 1972 geographis
2041 1913 2286 1959 Hoeschelii
2320 1916 2418 1974 (an.
2447 1918 2560 1961 1600
2586 1917 2616 1977 J,

1388 1977 1594 2025 Hudsoni
1617 1982 1732 2040 (vol.
1753 1983 1815 2037 II,
1839 2000 1911 2028 an.
1939 1986 2075 2044 1703)
2093 1985 2365 2031 Zosimadon
2384 1987 2609 2049 (vindob.
2687 1981 2692 1987 ’

1387 2054 1477 2099 vol.
1501 2071 1540 2098 1.
1573 2057 1688 2100 1806
1707 2058 1736 2111 ).
1759 2057 1915 2117 Nuper
1940 2059 2137 2118 denique
2158 2077 2167 2104 ε
2187 2064 2347 2104 Isidori
2367 2063 2612 2105 Characeni

1386 2129 1608 2171 Stathmos
1637 2133 1873 2174 Parthicos
1902 2139 2134 2187 recensuit,
2178 2137 2294 2178 brevi
2329 2141 2610 2179 annotatione

1386 2207 1587 2246 instruxit
1598 2207 1652 2247 B.
1670 2205 1914 2248 Fabricius.
1930 2210 2112 2249 Dresdoe
2129 2224 2146 2250 1
2156 2209 2262 2266 849.
2277 2209 2507 2253 Marciano
2525 2209 2606 2253 lsi·

1384 2276 1717 2336 dorumjunxit
1739 2280 1790 2323 E.
1811 2280 2132 2340 Miller(Paris
2158 2284 2317 2343 1839).
2339 2284 2406 2330 Cf.
2428 2301 2472 2344 p.
2503 2285 2603 2339 137.

740 2394 1026 2439 ANONYMI
1065 2395 1355 2442 PERIPLUS
1390 2396 1576 2442 MARls
1610 2398 1960 2444 ERYTHRAEI.

149 2505 281 2549 1655
310 2505 576 2563 Negotiator
627 2507 813 2565 quidam
860 2501 1046 2554 natione
1089 2507 1275 2554 Graecus
1301 2544 1312 2565 ,

81 2580 231 2640 primo
254 2589 358 2640 post
387 2580 618 2628 Christum
642 2591 796 2626 natum
822 2583 975 2627 seculo
1000 2583 1049 2626 in
1073 2584 1314 2640 Berenice,

79 2666 130 2701 ut
151 2655 351 2711 videtur,
376 2656 559 2716 AEgypti
576 2658 803 2717 emporio,
829 2658 979 2702 sedem
1003 2658 1183 2713 fixerat,
1208 2659 1315 2703 inde

81 2722 167 2792 que
192 2743 459 2777 mercaturae
487 2748 620 2777 causa
649 2733 859 2793 emporia
888 2743 981 2777 tum
1016 2748 1108 2777 orae
1132 2732 1334 2792 Libycae-

81 2807 136 2851 ad
162 2808 376 2852 Azaniam
401 2823 547 2867 usque
561 2842 573 2862 ,
595 2817 693 2852 mm
715 2807 899 2852 Arabiae
918 2823 1063 2866 usque
1082 2807 1137 2851 ad
1161 2806 1315 2852 Canen

79 2882 239 2927 urbem
249 2884 574 2942 frequentavit,
588 2898 670 2927 nec
686 2899 779 2927 non
793 2899 874 2943 per
883 2883 1021 2928 altum
1036 2882 1189 2927 etesiis
1201 2898 1313 2927 ven-

80 2959 137 3003 tis
159 2959 209 3003 in
231 2958 412 3004 Indicas
432 2959 647 3004 stationes
671 2959 863 3019 trajecit.
886 2960 967 3004 His
1001 2959 1050 3003 in
1069 2958 1314 3004 itineribus

81 3048 180 3093 quae
196 3034 294 3094 ipse
309 3034 489 3079 viderat
507 3045 551 3079 et
568 3050 668 3095 quae
681 3035 737 3079 de
757 3035 950 3095 reliquis
967 3035 1124 3079 oceani
1142 3044 1315 3099 austra-

10 3156 13 3160 ,
79 3107 136 3153 lis
155 3109 301 3169 plagis
322 3109 506 3154 aliunde
530 3120 783 3173 acceperat,
808 3120 1029 3170 quatenus
1049 3109 1105 3153 ad
1125 3109 1314 3168 naviga-

35 3235 42 3240 ,
81 3184 217 3229 tionis
261 3194 305 3229 et
348 3186 729 3237 commerciorum
762 3186 963 3231 rationes
998 3184 1311 3245 pertinerent,

79 3258 226 3304 literis
270 3262 536 3321 consignata
574 3264 624 3309 in
662 3279 793 3309 usum
836 3272 1140 3308 mercatorum
1180 3261 1315 3306 edere

83 3334 298 3383 decrevit.
333 3338 407 3383 Sic
435 3339 621 3385 libellus
651 3351 806 3386 noster
825 3341 1022 3399 exstitit,
1058 3339 1138 3399 qui
1172 3353 1313 3398 quum

82 3413 398 3458 mercatorium
414 3448 426 3470 ,
444 3426 493 3460 ut
510 3416 572 3460 ita
588 3415 735 3461 dicam
750 3450 762 3473 ,
783 3416 951 3476 stylum
965 3449 977 3471 ,
1000 3429 1194 3474 eumque
1208 3411 1313 3458 Ἕλ-

84 3487 203 3541 ληνος
226 3488 582 3551 αἷγυπτιάζοντος,
607 3508 703 3552 prae
730 3508 778 3538 se
806 3494 942 3548 ferat,
964 3491 1178 3537 dictionis
1205 3503 1312 3534 sane

80 3560 330 3606 virtutibus
357 3579 451 3608 non
479 3581 753 3628 magnopere
791 3567 1151 3628 commendatur,
1194 3575 1309 3610 toto-

1386 2525 1473 2570 que
1493 2511 1607 2554 coelo
1641 2502 1777 2555 distat
1806 2511 1864 2555 ab
1894 2512 2147 2572 epidicticis
2169 2513 2262 2558 illis
2296 2530 2396 2574 quae
2419 2516 2475 2560 de
2501 2517 2607 2576 Ery-

1385 2584 1526 2629 thraeo
1553 2585 1669 2629 mari
1704 2585 2057 2642 Agatharchides
2087 2587 2372 2645 λογοδαίδαλος
2399 2589 2607 2634 elabora-

1384 2670 1511 2704 verat
1548 2676 1557 2703 :
1584 2675 1735 2704 rerum
1759 2676 1870 2705 vero
1899 2661 2167 2706 traditarum
2205 2664 2351 2723 copia,
2372 2665 2605 2724 varietate,

1383 2735 1495 2791 fide,
1518 2734 1713 2780 utilitate
1733 2734 1844 2779 adeo
1868 2745 2074 2795 praestat,
2095 2746 2146 2781 ut
2167 2738 2485 2797 pretiosissimi
2516 2739 2607 2783 the·

1383 2810 1507 2854 sauri
1531 2810 1632 2854 loco
1656 2809 1892 2855 habendus
1917 2812 1990 2856 sit.
2013 2810 2124 2855 Nam
2149 2827 2249 2870 quae
2267 2811 2322 2856 de
2345 2812 2608 2872 longinquis

1383 2883 1542 2943 Libyae
1566 2885 1804 2929 orientalis
1828 2884 2061 2944 Indiaeque
2092 2886 2311 2945 emporiis
2337 2897 2380 2930 et
2408 2887 2462 2931 de
2484 2898 2607 2932 vete—

1382 2975 1484 3005 rum
1506 2961 1557 3004 in
1582 2960 1666 3005 hac
1686 2960 1814 3005 orbis
1834 2971 2056 3006 terrarum
2082 2972 2209 3022 parte
2230 2963 2512 3007 commerciis
2535 2979 2606 3007 ac-

1383 3035 1613 3080 curatiora
1653 3037 1892 3099 novimus,
1926 3052 2085 3081 eorum
2122 3037 2256 3095 longe
2290 3038 2487 3097 plurima
2528 3039 2606 3082 uni

1381 3120 1541 3155 nostro
1565 3110 1789 3155 debentur
1811 3111 2004 3171 periplo.
2071 3145 2074 3147 »

1449 3186 1550 3233 166.
1580 3185 1755 3230 Nomen
1786 3186 1985 3230 auctoris
2007 3187 2127 3232 latet.
2154 3186 2207 3230 In
2234 3185 2385 3230 codice
2424 3185 2605 3229 Heidel-

1378 3261 1626 3321 bergense,
1649 3262 1729 3321 qui
1753 3263 1877 3307 solus
1897 3262 2103 3306 libellum
2121 3271 2323 3306 nostrum
2344 3261 2542 3305 servavit
2564 3270 2607 3304 et

1379 3348 1484 3398 post
1506 3339 1689 3383 Arriani
1723 3338 1950 3398 peliplum
1980 3337 2188 3396 exhibet,
2228 3336 2385 3381 titulus
2403 3337 2602 3394 legitur:

1380 3411 1589 3474 Ἀρριανοῦ
1623 3414 1841 3473 περιπλους
1873 3415 1945 3467 τῆς
1985 3411 2182 3473 Ἐρυθρᾶς
2207 3409 2431 3466 θαλάσσης.
2460 3409 2603 3468 Cujus

1382 3487 1469 3533 fide
1482 3488 1772 3548 acquiescens
1801 3487 2010 3532 Stuckius
2024 3486 2092 3549 Γ)
2108 3486 2333 3547 periplum
2352 3485 2608 3532 vindicavit

1382 3564 1580 3609 Arriano
1609 3563 1951 3618 Nicomedensi,
1993 3557 2229 3608 Fabricius
2262 3558 2350 3624 (ω)
2384 3576 2493 3606 vero
2527 3560 2603 3604 alii

131 3702 180 3750 (*)
202 3701 324 3750 Ἀὁρνη
350 3712 417 3750 pro
434 3703 577 3753 Ἄορνος
600 3707 657 3744 est
674 3707 776 3755 apud
791 3708 1103 3747 Pseudocallisth.
1127 3710 1196 3755 111,
1213 3710 1235 3745 4
1256 3717 1293 3755 p.
1317 3709 1366 3746 99
1391 3707 1470 3744 not.
1862 3758 1866 3762 ¹
2170 3758 2176 3765 ,
2406 3756 2412 3761 .
2503 3753 2509 3759 .

130 3756 198 3804 (**)
218 3757 386 3795 'situlum
402 3759 599 3812 StuckJana
609 3762 739 3810 peripli
751 3763 863 3801 editio
873 3764 1071 3812 praefixum
1084 3763 1196 3802 habet
1212 3762 1378 3800 huncce:
1393 3762 1563 3802 Arriani
1574 3760 1758 3799 historici-
1775 3762 1813 3798 ec
1824 3757 2056 3808 ptiilosophi
2068 3766 2198 3795 maris
2208 3754 2413 3803 Eryclzraei
2425 3750 2602 3800 permitis

82 3810 140 3849 ad
157 3810 388 3850 Adrianum
417 3816 613 3852 Caesarem
630 3819 855 3864 Ammiani
873 3823 947 3858 etc.
975 3821 1136 3859 Gencvoe
1162 3823 1268 3858 1577.

130 3867 224 3914 (***)
244 3869 410 3907 Arriani
426 3868 698 3909 Alexandrini
713 3873 902 3922 Periplus
917 3876 1045 3913 maris
1062 3874 1270 3923 Erythrai
1287 3874 1491 3918 recensuit
1501 3874 1542 3911 et
1557 3871 1665 3910 brevi
1683 3871 1945 3909 annotatione
1960 3869 2162 3907 instruxit
2179 3869 2224 3904 B.
2244 3863 2469 3927 Fabricius.
2488 3862 2602 3896 Dres-

80 3921 143 3960 doe
169 3925 276 3962 1849.
299 3946 347 3955 -
367 3938 386 3956 «
402 3925 545 3962 Auctor
576 3925 687 3973 hujus
709 3929 855 3976 peripli,
872 3930 925 3968 ait
949 3940 986 3978 p.
1015 3934 1048 3975 1,
1067 3932 1124 3968 est
1146 3933 1370 3979 Arrianus,
1391 3931 1579 3968 mercator
1602 3927 1889 3973 Alexandrinus,
1912 3925 1977 3974 qui
1994 3926 2169 3972 regnante
2197 3919 2353 3959 Claudio
2380 3915 2603 3963 imperatore

83 3977 191 4028 vixit,
210 3979 562 4030 quod.Vincentus,
593 3983 745 4032 Anglus‚
769 3984 806 4022 in
831 3984 927 4022 libro
948 3986 1093 4034 egregio
1117 3986 1197 4025 The
1218 3988 1404 4037 periplus
1423 3985 1472 4034 of
1496 3985 1560 4024 tlte
1587 3983 1824 4032 Erytlirean
1845 3992 1911 4020 sea
1938 3979 2127 4028 (Londini
2153 3978 2373 4019 1800-18052
2401 3972 2435 4009 11
2457 3969 2531 4008 '0¹-
2549 3969 2601 4015 4)
