2808 4342
662 99 675 108 ⁸
737 90 780 131 Ο

212 177 302 217 218

205 289 268 320 sus
289 272 430 326 πόλεις
447 230 693 335 καταο.χεῖν,
713 270 761 324 ἃς
776 269 820 317 δὲ
838 270 910 316 καὶ
930 268 1159 315 συνοικίσαι

290 343 424 388 αὐτῦν
443 337 630 406 Ἔφορος
646 340 810 401 εἴρηκεν
823 374 838 398 ,
855 330 963 383 εἶναί
980 336 1084 399 φησί
1094 354 1139 383 τε

290 410 504 471 ἐπώνυμον
519 410 595 467 τὴν
615 412 739 465 νῆσον
757 405 841 452 ἀπὸ
858 404 1023 467 Κρητός
1037 424 1145 459 τινος
1157 441 1172 467 ,

286 483 359 527 τοῦ·
376 479 426 536 δὴ
442 477 661 540 γενομένου
678 472 880 536 βασιλόως
893 471 1162 536 αὖτόχθονος“,

286 550 415 595 πλοῦν
429 547 586 610 ἡμέρας
600 542 772 606 ἀπέχειν
792 541 836 588 δὲ
854 545 926 598 τῆς
941 547 1208 599 Δακωνικῆς.

203 634 269 663 sso
290 617 365 664 Ἐν
380 619 439 678 τῷ
455 615 570 677 πόρῳ
592 611 636 658 δὲ
651 610 820 671 κειμένη
836 612 897 674 τῷ
915 613 1114 676 Κρητικῷ

288 683 454 734 ἄποικός
470 684 583 728 ἐστιν
602 679 889 728 Ἀστυπάλαια
907 681 1136 745 Μεγαρέων
1146 718 1159 740 ,

289 757 408 806 νῆσος
426 749 622 812 πελαγία·
639 749 743 813 πρὸς
765 749 808 796 δὲ
823 752 876 814 τῇ
894 752 1122 813 Λακωνικῇ

290 820 477 884 Κύθηρα·
500 818 607 881 μετὰ
626 818 668 866 δὲ
689 823 822 867 ταῦτα
837 821 932 867 κατ’
948 819 1201 885 Ἐπίδαυρον
1217 821 1245 878 ἥ

286 889 485 952 πρότερον
503 888 579 951 μὲν
596 888 764 945 Οἰνώνη
783 889 1115 953 προσηγορεύετο
1129 927 1143 951 ,

200 977 262 1007 555
284 958 451 1022 ὕστερον
471 958 546 1005 ἀπ’
564 957 735 1019 Αἰγίνης
751 957 794 1004 δὲ
812 961 885 1015 τῆς
905 958 1129 1013 Ἀσωπίδος

285 1027 459 1088 Αἴγιναν
478 1028 674 1075 ἐκάλεσεν
692 1030 919 1092 κατασχὼν
943 1027 1113 1081 Αἰακός·

286 1097 356 1143 καὶ
376 1097 550 1156 πλησίον
565 1097 698 1161 ταύτῃ
721 1097 916 1158 Σαλαμὶς
928 1133 941 1156 ,
960 1099 1002 1144 ἐν
1020 1090 1048 1160 ᾗ
1065 1097 1183 1159 λόγος

284 1166 353 1213 τὸν
374 1169 536 1215 Αἰακοῦ
552 1169 792 1229 Τελαμῶνα
816 1165 1063 1230 βασιλεῦσαί
1079 1185 1196 1215 ποτε.

288 1235 412 1294 Ἑξῆς
433 1241 617 1295 Ἀθῆναι·
636 1237 739 1302 φασὶ
765 1238 800 1283 δ’
821 1235 989 1293 οἰκητὰς
1007 1238 1150 1299 λαχεῖν

198 1322 263 1353 ⁶60
285 1306 436 1360 ταύτας
452 1307 695 1369 Πελασγοὺς
710 1309 873 1369 πρῶτον
890 1341 904 1366 ,
923 1304 991 1358 οὓς
1007 1305 1057 1362 δὴ
1080 1305 1152 1351 καὶ
1167 1304 1286 1365 λόγος

291 1374 508 1438 Κραναοὺς
522 1378 739 1423 καλεῖσθαι
756 1410 768 1432 ,
792 1374 897 1435 μετὰ
917 1374 959 1420 δὲ
976 1379 1110 1422 ταῦτα
1129 1374 1412 1438 Κεκροπίδας,

286 1444 501 1508 Κέκροπος
522 1444 893 1501 δυναστεύσαντος,
918 1443 1125 1508 ὑστέροισι
1149 1445 1194 1491 δέ

283 1514 469 1577 χρόνοις,
489 1513 720 1577 Ἐρεχθέως
738 1517 812 1570 τῆς
830 1513 989 1565 πόλεως
1008 1513 1239 1576 ἡγουμένου
1252 1549 1264 1570 ,

286 1583 369 1630 ἀπὸ
387 1587 460 1640 τῆς
477 1583 652 1640 Ἀθηνᾶς
672 1583 747 1639 τὴν
767 1583 1046 1646 προσηγορίαν
1066 1586 1229 1646 λαχεῖν.

200 1669 262 1699 set,
286 1651 506 1715 Ἡρόδοτος
527 1653 686 1715 ἱστορεῖ
702 1651 745 1698 δὲ
765 1656 897 1698 ταῦτα
916 1652 1180 1717 συγγράφων.

282 1722 346 1770 Τὸ
368 1721 535 1769 Σούνιον
557 1722 772 1786 κάμψαντι
794 1722 831 1767 δ’
850 1721 933 1768 ἀπὸ
950 1725 1025 1779 τῆς
1038 1721 1226 1778 Ἀττικῆς

287 1791 445 1839 Εὔὸοια
465 1795 599 1839 κεῖται
617 1795 762 1849 νῆσος,
783 1795 810 1848 ἠ
828 1790 1063 1851 καλουμένη

283 1861 351 1907 διὰ
369 1860 445 1917 τὴν
464 1861 583 1926 φύσιν
602 1861 649 1908 τὸ
671 1860 869 1924 πρότερον
886 1897 898 1921 ,
919 1859 973 1913 ὥς
992 1879 1138 1925 φασιν,
1162 1861 1348 1924 Μάκρις,

287 1930 443 1978 ἔπειτεν
464 1931 548 1977 ἀπὸ
566 1934 640 1988 τῆς
654 1930 881 1991 λεγομένης
899 1930 1126 1983 Ἀσωπίδος

200 2016 263 2047 εἳο
287 2000 424 2064 χρόνῳ
442 1999 632 2046 λαὸοῢσα
652 1999 817 2061 τοῦνομ’
839 1998 1016 2053 Εὗὸοίας
1036 2001 1177 2047 πάλιν.

284 2069 479 2133 Πρώτους
498 2071 534 2115 δ’
558 2072 598 2116 ἐν
620 2070 725 2131 αὐτῇ
746 2068 871 2132 φασὶν
889 2070 1054 2125 οἰκῆσαι
1074 2074 1225 2131 προτοῦ

285 2138 466 2201 μιγάδας
488 2137 700 2191 συνοίκους
717 2138 916 2198 Λέλεγας·
933 2139 981 2183 ἕκ
999 2141 1070 2194 τῆς
1090 2140 1124 2183 δ’
1146 2138 1334 2195 Ἀττικῆς

283 2207 351 2255 τὸν
365 2206 595 2272 Ἐρεχθέως
613 2204 813 2252 διαὸάντα
837 2205 1062 2269 Πάνδωρον
1078 2204 1218 2251 κτίσαι

209 2302 270 2310 ‘—

199 2357 277 2381 σων
293 2340 360 2389 τὰς
377 2341 531 2388 πλείους
546 2340 736 2396 κατῴκισε
751 2354 763 2390 ;
785 2338 896 2380 idem
909 2338 968 2380 ib.
983 2341 1053 2394 78,
1073 2340 1115 2381 3.
1131 2340 1255 2381 Mitto
1267 2347 1441 2381 ceteros.

203 2406 219 2456 ΙΙ
241 2427 298 2434 -
321 2402 415 2452 545.
434 2403 659 2454 συνοικῆσαι
675 2400 772 2443 cod.
802 2402 819 2456 ll
841 2425 898 2433 —
915 2401 1012 2452 546.
1037 2402 1093 2443 V.
1111 2402 1271 2458 Ephor.
1290 2401 1342 2444 sr.
1371 2406 1440 2444 61.

201 2464 430 2507 Meinekius
447 2465 541 2520 φησι
550 2463 592 2506 δὲ
609 2464 688 2519 leg.
706 2465 956 2520 suspicatur.
983 2465 999 2519 ΙΙ
1014 2488 1073 2496 -
1099 2464 1196 2507 551.
1222 2482 1240 2504 ι
1262 2462 1444 2507 {torum-

199 2528 265 2569 λία
286 2527 416 2569 codex
431 2558 443 2577 ,
469 2528 497 2568 i.
522 2541 560 2569 e.
595 2525 874 2579 Ἀστυπάλαια,
892 2525 1008 2583 quod
1029 2526 1210 2579 Gailius,
1227 2540 1352 2583 quem
1368 2530 1445 2570 Le-

201 2591 389 2631 tronnius
406 2598 447 2630 et
466 2588 679 2631 Fabricius
692 2590 822 2631 secuti
837 2598 950 2642 sunt,
978 2589 1157 2647 Αἰγίλεια
1176 2589 1444 2632 scribendum

199 2653 372 2702 censuit,
393 2660 612 2707 propterea
633 2651 748 2708 quod
764 2652 993 2709 Astypalaea
1012 2667 1096 2695 non
1119 2653 1198 2694 sita
1211 2651 1294 2694 dici
1316 2652 1445 2707 possit

201 2716 309 2755 inter
324 2715 488 2755 Cretam
511 2722 551 2755 et
574 2716 839 2756 Laconicam.
866 2717 990 2757 Recte
1009 2730 1130 2766 sane;
1149 2723 1191 2756 et
1212 2722 1349 2756 tamen
1371 2715 1445 2756 ista

201 2777 406 2818 correctio
419 2790 470 2817 eo
491 2790 623 2831 usque
646 2777 748 2818 mihi
769 2777 1053 2834 improbabilis
1071 2776 1252 2829 videtur,
1274 2785 1322 2818 ut
1343 2777 1443 2818 seri-

200 2840 330 2894 ptoris
338 2839 476 2893 potius
487 2852 610 2893 quam
621 2838 886 2881 librariorum
894 2854 1078 2882 errorem
1087 2839 1253 2881 suboeae
1261 2837 1424 2881 credam
1433 2871 1442 2880 .

203 2900 376 2944 Accedit
394 2900 509 2957 quod
525 2900 673 2951 insula,
698 2901 816 2956 cujus
835 2916 988 2943 nomen
1008 2902 1088 2943 hoc
1111 2901 1203 2943 loco
1228 2901 1445 2956 requirunt

201 2964 278 3006 viri
300 2962 430 3014 docti,
454 2977 539 3006 non
563 2962 742 3018 Αἰγίλεια
764 2962 994 3015 dicebatur,
1014 2962 1084 3005 sed
1102 2962 1268 3018 Αἴγιλα,
1290 2977 1370 3018 qua
1392 2963 1444 3004 de

202 3041 248 3068 re
262 3025 349 3068 dixi
369 3024 423 3068 ad
442 3024 584 3081 steph.
602 3026 700 3081 Byz.
719 3040 753 3067 s.
772 3039 812 3066 ν.
831 3023 988 3081 Αἰγιλία
1002 3057 1013 3077 ,
1035 3024 1107 3067 ubi
1128 3024 1242 3080 quod
1261 3025 1354 3066 libri
1375 3025 1444 3067 ha-

201 3089 300 3131 bent
329 3086 412 3131 ἔστι
443 3087 509 3131 καὶ
546 3090 663 3141 νῆσος
702 3086 842 3143 μεταξὺ
874 3086 1023 3143 Κρήτης
1050 3087 1117 3129 καὶ
1145 3087 1445 3140 Πελοποννήσου

203 3150 400 3208 Αἰγίλεια,
433 3150 456 3193 6
485 3149 652 3206 οἰκήτωρ
685 3149 859 3207 Αἰγίλιος
888 3150 941 3199 ὡς
973 3149 1174 3207 Κυθήριος,
1212 3149 1256 3192 id
1304 3148 1446 3206 Αἴγιλα

202 3211 469 3256 scribendum
491 3228 577 3255 esse
600 3221 642 3255 et
664 3212 948 3270 patronymica
966 3211 1099 3255 forma
1121 3211 1301 3269 Αἰγίλιος
1324 3210 1446 3254 docet

199 3285 239 3318 ot
263 3277 518 3333 comparatio
539 3290 636 3318 cum
664 3275 863 3332 Κυθήριος.
887 3274 954 3318 Ab
972 3274 1149 3331 Αἰγίλεια
1171 3275 1283 3317 enim
1306 3283 1443 3330 patro·

203 3338 414 3393 nymicum
446 3336 712 3380 formandum
734 3346 840 3380 esset
872 3336 1062 3394 Αἰγιλεὺς.
1090 3339 1228 3392 Quem
1250 3345 1444 3394 praeterea

200 3400 360 3442 Gailius
381 3399 503 3443 affert
516 3400 733 3457 Herodoti]
746 3400 884 3443 locum
899 3402 977 3452 VI,
1011 3415 1105 3456 107,
1130 3401 1173 3442 in
1196 3414 1247 3442 eo
1268 3398 1446 3457 Αἰγίλεια

201 3460 394 3504 Euboica:
419 3462 562 3505 insulae
589 3477 744 3505 nomen
765 3472 841 3515 est,
864 3463 968 3506 nihil
990 3464 1169 3506 attinens
1197 3461 1250 3504 ad
1275 3477 1365 3504 eam
1391 3461 1445 3505 de

200 3537 284 3579 qua
302 3524 369 3565 hic
387 3526 522 3580 agitur
541 3526 733 3568 insulam.
769 3528 961 3583 Denique
979 3526 1135 3569 codicis
1153 3525 1318 3568 lectioni
1339 3525 1446 3568 favet

200 3585 512 3641 quodammodo
544 3588 692 3631 Strabo
714 3590 770 3640 X,
794 3604 837 3646 p.
860 3591 941 3639 488
962 3602 972 3631 :
1008 3588 1033 3642 ἡ
1071 3588 1139 3646 μὲν
1163 3583 1232 3631 οὖν
1264 3586 1443 3631 Ἀστυπά-

199 3647 295 3690 λαια
320 3646 459 3697 ἱκανῶς
483 3648 563 3691 ἔστι
580 3650 760 3706 πελαγία.
782 3670 799 3690 »
825 3654 1090 3694 Maxumus.
1111 3652 1174 3694 Ne
1186 3651 1339 3694 erroris
1352 3652 1443 3708 qui·

200 3709 297 3753 dem
315 3719 462 3753 auctor
479 3711 734 3753 accusandus
753 3722 827 3755 est.
855 3716 961 3755 Nam
989 3714 1089 3756 illud
1110 3713 1149 3756 ἐν
1176 3714 1284 3772 πόρῳ
1303 3713 1442 3770 Κρητι·

201 3778 261 3830 κῷ
278 3772 383 3815 nibil
400 3781 476 3824 est,
497 3786 573 3815 cur
591 3773 641 3814 ad
665 3775 812 3816 fretum
834 3777 940 3817 inter
956 3779 1119 3819 Cretam
1138 3785 1179 3819 et
1196 3776 1440 3820 Laconicam

202 3834 461 3891 interjectum
497 3835 640 3877 referri
670 3836 839 3887 debeat,
869 3837 938 3878 sed
976 3839 1216 3895 simpliciter
1243 3838 1444 3895 significat

201 3911 312 3939 mure
342 3898 569 3940 Creticum.
588 3898 655 3939 Sic
686 3897 831 3940 latiore
860 3900 1048 3942 vocabuli
1077 3916 1200 3943 sensu
1225 3901 1343 3959 πόρον
1366 3916 1440 3944 au-

201 3967 292 4001 ctor
322 3967 493 4016 usurpat
511 3973 551 4000 v.
582 3972 690 4011 222,
721 3967 761 4001 et
778 3958 831 4001 de
861 3963 963 4003 mari
987 3963 1130 4004 lonico
1157 3978 1197 4005 ν.
1224 3965 1321 4006 361.
1343 3964 1360 4019 ΙΙ
1385 3987 1443 3996 -

204 4020 341 4073 553.ἥ
364 4022 483 4077 pro-52
509 4020 623 4074 cod.;
646 4035 729 4064 em.
760 4021 910 4065 Miller.
956 4025 971 4078 {l
1002 4049 1058 4056 —
1079 4025 1173 4075 554.
1205 4025 1439 4081 Οἰνώνη]

997 167 1285 215 ANONYMI
1321 166 1514 230 (vomo
1547 170 1780 223 sevum
1815 174 1972 238 cun)

2559 182 2757 251 (st—³³.)

1492 293 1503 304 ·
1520 279 1902 336 urbesohtinuisse,
1921 285 2122 342 quasdam
2140 302 2240 331 vero
2256 289 2379 331 etiam
2398 288 2630 333 condidisse

1512 346 1674 391 illarum
1693 348 1890 407 Ephoms
1902 361 2068 406 mnan
2085 354 2226 411 aitque
2239 370 2391 399 nomen

1512 422 1678 457 nactam
1697 415 1877 459 insulam
1893 431 1920 459 a
1939 418 2062 463 Oete
2078 420 2279 476 quodam,

1513 482 1585 537 qui
1604 496 1679 525 rex
1697 482 1889 539 indigena
1903 483 2054 538 fiserit3

1513 550 1773 607 navigatione
1791 560 1930 596 autem
1943 552 2026 596 diei
2043 552 2197 598 distare
2213 570 2239 599 a
2256 558 2474 604 Laeoniea.

1512 621 1647 662 Porro
1667 620 1712 663 in
1731 622 1836 664 mari
1859 622 2026 666 Cretico
2046 622 2125 666 sita
2145 633 2208 668 est

1512 688 1675 731 colonia
1690 690 1995 745 Megarensium
2013 693 2256 750 Astypalaea,

1512 755 1645 799 insula
1662 756 1706 799 in
1723 756 1808 800 alto
1816 755 1960 814 jacens
1970 775 1982 812 ς
1998 758 2119 816 juxta
2136 775 2235 804 vero

1514 825 1762 868 Laconicam
1783 826 1979 884 Cythera.
1997 829 2097 872 Post
2110 828 2199 873 haec
2213 838 2359 873 contra
2376 830 2634 887 Epidaurum
2649 841 2710 875 est
2805 838 2808 864 :

1513 893 1646 937 insula
1662 908 1788 952 qnam
1809 896 1927 953 prius
1943 898 2154 943 OEnonen
2172 899 2366 944 dicebant
2377 932 2388 951 ,
2804 890 2808 894 ’

1511 972 1654 1020 postea
1673 964 1727 1008 ab
1745 965 1893 1021 AEgina
1910 967 2095 1024 Asopide

1510 1034 1701 1089 AEginam
1724 1035 1885 1077 vocavit
1905 1049 2112 1094 occupans
2127 1038 2304 1092 AEacus5

1512 1111 1553 1144 et
1577 1117 1711 1160 prope
1731 1104 1841 1147 hanc
1863 1104 2049 1158 Salamis,
2068 1107 2111 1150 in
2127 1121 2209 1164 qua
2225 1107 2363 1151 ferunt

1510 1171 1624 1214 AEaei
1646 1171 1778 1214 filium
1791 1173 2061 1217 Telamonem
2080 1175 2179 1217 olim
2198 1190 2401 1231 regnasse.

1513 1240 1619 1282 Dein
1635 1240 1823 1293 Athenas,
1841 1256 1943 1298 quas
1964 1243 2082 1285 aiunt
2099 1243 2349 1287 habitatores
2369 1253 2505 1286 nactas

1510 1308 1696 1364 primum
1717 1309 1922 1366 Pelasgos,
1948 1324 2053 1368 quos
2074 1312 2197 1355 etiam
2215 1314 2397 1355 Cranaos
2803 1350 2808 1370 .-

1511 1378 1650 1419 voeari
1665 1376 1827 1430 dicunt,
1850 1386 1994 1435 postea
2010 1394 2110 1423 vero
2126 1381 2391 1438 Cecropidas,
2795 1375 2808 1427 ’3

1511 1448 1695 1504 Cecrope
1714 1448 1965 1506 imperante;
1985 1451 2286 1507 posterioribus
2300 1462 2436 1496 autem
2796 1434 2808 1514 i

1512 1516 1785 1573 temporibus,
1805 1518 2040 1565 Erechtheo
2056 1518 2152 1561 urbi
2172 1520 2415 1577 imperante,

1513 1585 1566 1627 ab
1585 1586 1748 1628 Athena
1765 1594 1905 1629 nactas
1918 1587 2233 1643 appellationem
2258 1604 2360 1632 esse.

1514 1654 1612 1694 Haec
1633 1654 1899 1696 oonscribens
1912 1654 2034 1697 doeet
2052 1655 2305 1699 Herodotus.

1496 1711 1642 1771 ⁸Sunio
1663 1723 1933 1766 circumflexo
1946 1755 1959 1776 ,
1979 1732 2074 1781 post
2094 1725 2272 1767 Atticam

1512 1792 1670 1835 Euboea
1684 1790 1796 1848 jaeet
1817 1793 1965 1845 insula,
1996 1802 2140 1837 vocata

1512 1860 1568 1902 ob
1585 1860 1689 1903 sit-is
1706 1869 1897 1904 naturam
1914 1862 2047 1918 prius,
2064 1871 2113 1904 ut
2131 1861 2275 1914 fertur,
2298 1866 2447 1907 Macris
2462 1882 2473 1916 ;
2803 1846 2808 1910 l

1511 1929 1665 1971 deinde
1684 1944 1783 1972 vero
1804 1944 1829 1972 a
1845 1929 1956 1973 dicta
1975 1930 2159 1987 Asopide

1510 2013 1701 2042 suecoesu
1715 2001 1913 2057 temporis
1931 2001 2089 2057 aceepit
2107 2015 2259 2044 nomen
2280 2003 2462 2045 Euboeae.

1511 2069 1674 2111 Primos
1695 2069 1739 2110 in
1759 2068 1826 2111 illa
1850 2067 2057 2111 habitasse
2072 2068 2210 2112 serunt
2227 2069 2388 2126 pridem

1511 2138 1662 2178 mixtos
1679 2150 1886 2179 convenas
1908 2136 2100 2192 Lelegeu
2123 2151 2175 2180 ex
2195 2139 2333 2180 Attica
2352 2147 2490 2181 autem

1510 2203 1766 2256 Pandorum,
1789 2203 2027 2256 Erechthei,
2043 2212 2341 2260 transgressum
2354 2206 2587 2250 condidisse

1510 2341 1567 2381 V.
1605 2338 1779 2381 Pindar.
1812 2339 1866 2380 N.
1887 2339 1944 2390 V,
1987 2342 2059 2390 165
2091 2338 2319 2395 Pherecyd.
2352 2338 2404 2382 fr.
2429 2342 2484 2396 78
2497 2356 2510 2394 ς
2548 2342 2751 2385 Herodot.

1510 2403 1629 2454 vm,
1663 2405 1740 2454 465
1772 2401 2035 2458 Pythaenetus
2053 2400 2093 2445 ἔν
2122 2401 2385 2459 Αἰγινητικοῖς
2410 2402 2464 2447 fr.
2489 2417 2508 2446 1
2532 2403 2671 2461 (nist.
2699 2406 2752 2449 sr.
2798 2460 2802 2465 Ι

1510 2466 1589 2517 IV,
1613 2479 1658 2521 p.
1684 2466 1766 2520 487
1787 2463 1830 2522 );
1859 2463 2104 2521 Apollodor.
2125 2467 2202 2517 111,
2240 2467 2370 2522 1a,',6,
2392 2481 2444 2522 ‘73
2465 2466 2615 2511 Strabo
2635 2469 2754 2521 vm,

1511 2543 1554 2585 p.
1574 2527 1681 2583 3753
1709 2527 1818 2570 Plin.
1839 2528 1918 2579 IV,
1954 2541 2030 2583 ¹93
2061 2529 2204 2585 Steph.
2226 2531 2324 2586 Byz.
2351 2543 2386 2572 s.
2417 2543 2476 2582 v.;
2500 2530 2555 2573 Ο.
2585 2530 2751 2575 ΜῠΙΙετ.

1513 2591 1647 2646 AEgin.
1671 2604 1715 2647 p.
1738 2592 1780 2633 8.
1808 2591 1825 2645 ΙΙ
1847 2614 1906 2623 —-
1924 2590 2020 2633 556.
2039 2590 2199 2633 ἐκάλεσε
2217 2591 2314 2634 cod.
2346 2592 2363 2647 ΙΙ
2386 2591 2556 2648 -557.
2575 2593 2754 2651 Σαλαμὶν
2786 2624 2808 2679 4

1512 2652 1625 2704 cod.;
1643 2667 1724 2694 em.
1749 2652 1979 2695 Fabricius.
2010 2653 2027 2708 11
2052 2677 2109 2685 -
2130 2653 2226 2709 559.
2246 2649 2327 2707 ἔξῆς
2355 2652 2511 2707 Ἀθῆνας
2533 2656 2626 2711 φασὶ
2644 2656 2753 2711 οἰκη-
2806 2670 2808 2672 ·

1511 2715 1579 2764 τὰς
1597 2715 1740 2772 λαχεῖν
1764 2717 1781 2770 (
1800 2730 1885 2758 non
1909 2729 2007 2757 vero
2020 2715 2158 2757 λαὸεἴν
2175 2725 2222 2757 ut
2236 2715 2355 2758 editt.
2376 2715 2391 2774 )
2409 2718 2529 2759 ταῦτα
2546 2717 2755 2777 Πελασγοῦ

1511 2782 1662 2835 πρῶτον
1685 2776 1800 2830 eod.;
1814 2792 1896 2820 ern.
1920 2776 2112 2820 Meineke
2126 2809 2138 2829 ,
2163 2778 2241 2819 nisi
2263 2777 2377 2834 quod
2392 2778 2530 2823 λαὸεῗν
2553 2781 2596 2823 in
2610 2781 2755 2826 codiee
2799 2779 2803 2788 ³

1512 2855 1598 2883 esse
1613 2839 1782 2883 credere
1796 2839 1989 2882 debebat.
2011 2839 2123 2882 Olim
2145 2855 2169 2882 e
2183 2838 2293 2896 conj.
2319 2841 2511 2898 Scaligeri
2525 2842 2750 2889 edebatur:
2782 2850 2794 2900 j

1512 2902 1595 2955 ἑξῆς
1622 2901 1761 2955 Ἀθῆν’,
1797 2902 1839 2951 ἅς
1866 2917 1979 2958 φασιν
2012 2901 2169 2956 οἰκητὰς
2195 2902 2332 2944 λαθεῖν
2365 2904 2409 2946 τὸ
2440 2904 2508 2961 μεν
2528 2905 2756 2965 Πελασγοὺς
2784 2901 2798 2954 ,ἶ

1515 2963 1713 3022 (τουςᾶπδ
1727 2963 1936 3021 Πελασγοῦ
1952 2964 2175 3022 Letronn.)
2190 2970 2340 3021 πρῶτον
2356 2966 2443 3009 κτλ.
2467 2969 2484 3022 ΙΙ
2499 2992 2556 3001 -
2572 2970 2668 3021 564.
2686 2969 2755 3013 λα-
2781 2990 2808 3025 3„

1512 3030 1601 3084 χεῗν
1613 3026 1878 3080 οοά.;λα6εἰ’ν
1893 3025 2014 3069 editt.
2032 3028 2121 3082 11-
2135 3027 2231 3070 565.
2246 3030 2301 3071 V.
2320 3029 2522 3073 Herodot.
2536 3033 2656 3085 vm,
2671 3036 2749 3086 442
2783 3031 2808 3075 ἶ.

1518 3087 1712 3143 Ἀθηναῖοι
1734 3089 1775 3132 δε
1790 3088 1853 3132 ἐπὶ
1883 3087 1950 3145 μίν
1973 3087 2186 3146 Πελασγῶν
2207 3088 2381 3146 ἰχόντων
2402 3089 2471 3144 τὴν
2488 3096 2554 3134 νῦν
2578 3092 2753 3138 Ἐλλάδα
2781 3082 2808 3147 ᾗ.

1513 3150 1754 3209 καλευμένην
1781 3150 1872 3194 ἔσαν
1898 3150 2121 3209 Πελασγοὶ,
2155 3151 2442 3210 ὀνομαζόμενοι
2474 3154 2659 3212 Κραναοί,
2690 3156 2754 3200 ἰπὶ
2785 3154 2808 3180 ⁶

1512 3213 1553 3256 δὶ
1576 3213 1767 3271 Κέκροπος
1790 3212 1966 3269 βασιλέος
1988 3212 2255 3267 ἓπεκλήθησαν
2277 3214 2529 3272 Κεκροπίδαι,
2554 3215 2754 3276 ἰκδεξαμέ·
2773 3181 2808 3279 ζ

1514 3291 1580 3317 νου
1600 3275 1642 3318 δὲ
1675 3274 1878 3333 Ἐρεχθέος
1896 3273 1966 3328 τὴν
1998 3272 2120 3328 ἀρχὴν
2153 3275 2345 3331 Ἀθηναῖοι
2377 3280 2748 3336 μετωνομάσθησαν.
2760 3279 2794 3343 3

1513 3337 1720 3395 Ephorus,
1737 3352 1861 3394 quem
1884 3339 1926 3381 in
1948 3338 2168 3381 Hellenicis
2182 3354 2226 3382 se
2244 3348 2484 3383 secuturum
2502 3355 2589 3384 esse
2607 3349 2755 3387 auetoe
2771 3345 2792 3398 33}-

1513 3414 1636 3457 supra
1655 3399 1890 3458 profitetur,
1908 3401 2085 3457 priscam
2116 3402 2262 3444 Atticae
2282 3401 2497 3445 historiam
2520 3416 2605 3446 non
2622 3398 2789 3463 προ-’ἦ

1511 3463 1608 3505 suit.
1635 3464 1651 3517 ΙΙ
1674 3488 1730 3495 -
1746 3463 1842 3506 568.
1866 3463 2082 3520 Μάκρις]
2099 3465 2155 3506 V.
2182 3465 2405 3521 Dionysius
2419 3473 2460 3507 et
2474 3464 2668 3523 Ephorus
2677 3478 2748 3526 q).

1512 3524 1618 3567 Plin.
1646 3525 1723 3577 IV,
1747 3538 1796 3567 αι
1815 3533 1856 3567 et
1877 3525 2006 3567 schol.
2034 3525 2168 3582 Apoll.
2196 3526 2331 3569 nhod.
2355 3529 2391 3579 1,
2410 3528 2747 3583 toaloss'nffl

1510 3588 1587 3638 IV,
1602 3601 1643 3644 p.
1661 3586 1758 3643 395,
1774 3590 1858 3643 ιο),
1873 3589 2046 3646 Dionys.
2061 3590 2154 3632 Per.
2171 3589 2365 3647 5201b1q.
2383 3590 2590 3644 Eustath.;
2602 3588 2751 3635 Strabo
2806 3604 2808 3611 ’

1512 3651 1568 3701 Χ,
1589 3664 1630 3706 p.
1666 3649 1770 3701 445;
1798 3650 2037 3693 Callimach.
2061 3652 2103 3693 in
2129 3654 2206 3709 Ap.
2231 3652 2322 3694 Del.
2341 3666 2417 3703 203
2434 3653 2630 3710 Stephan.
2649 3653 2772 3710 8580,
2800 3647 2808 3671 ¹

1514 3727 1553 3754 ν.
1569 3712 1725 3754 Εὗὸοια.
1743 3714 1760 3767 ΙΙ
1780 3737 1836 3745 --
1848 3712 2019 3770 τοῦνομα
2035 3713 2207 3771 Εὗὸοιᾳ(
2220 3730 2304 3757 non
2323 3714 2482 3771 1366022)
2501 3714 2617 3759 πάλιν
2632 3713 2745 3765 eod-3

1512 3790 1593 3817 em.
1613 3774 1818 3828 Meineke,
1836 3777 1913 3818 nisi
1926 3775 2040 3833 quod
2053 3776 2218 3819 Εὔόοιαν
2233 3778 2410 3834 scripsit.
2433 3778 2451 3834 ΙΙ
2464 3801 2522 3811 -
2533 3776 2628 3834 573.
2643 3777 2747 3820 Pan·

1513 3838 1663 3880 domm
1687 3839 1905 3881 Erechthei
1940 3848 2174 3883 memorant
2194 3839 2470 3898 Apollodorus
2485 3842 2532 3892 1,
2560 3838 2632 3891 15,
2661 3851 2699 3891 Ι,
2719 3850 2776 3893 (ae

1510 3910 1551 3942 et
1570 3902 1807 3943 Eustnthius
1822 3901 1873 3943 ad
1893 3902 1942 3944 Il.
1964 3917 2006 3959 p.
2031 3904 2107 3946 281
2123 3934 2136 3955 ,
2159 3903 2228 3947 38.
2254 3902 2491 3946 Secundum
2510 3904 2743 3946 Pramum

1511 3978 1578 4019 ap.
1600 3964 1728 4005 schol.
1751 3963 1887 4020 Apoll.
1910 3964 1989 4006 nh.
2005 3966 2041 4016 1,
2056 3979 2110 4021 97
2130 3964 2262 4008 Aleon
2284 3963 2504 4008 Erechthei
2521 3962 2627 4006 mia·
2646 3973 2742 4004 eum

1513 4026 1733 4084 Chalciopa
1750 4028 1830 4069 lilia
1854 4029 1895 4069 in
1915 4026 2115 4070 Euboeam
2137 4027 2197 4070 ad
2216 4026 2495 4071 Chalcidenses
2511 4023 2629 4080 fugit·
2648 4022 2742 4065 ΝΟΏ
