2808 4342
42 141 48 171 ῗ
77 158 106 200 1,
120 145 190 202 32.)

134 249 575 288 ΑΝΑΚΕΦΑΛΑῙΩΣῘΣ
617 253 716 287 ΤΩΝ
751 253 785 287 Π
792 254 906 289 ΡΟΕῙ
913 255 974 290 ΡΗ
981 256 1161 293 MENnN

325 321 394 356 AII
396 319 561 357 ΑΝΤΩΝ
592 321 768 356 ΔῙΑΣΤΗ
774 323 967 360 ΜΑΤΩΝ.

10 276 24 312 γ
46 266 49 270 .

91 424 146 456 50.
178 409 263 455 Καὶ
282 408 349 454 τὸν
375 409 447 470 μὲν
465 410 558 457 ὅλον
576 412 801 474 περίπλουν
821 414 892 459 καὶ
911 415 1192 499 neptypotcp-hvw
1190 436 1262 473 της

44 476 369 538 αραθαλασσίου
393 479 530 541 χώρας
553 485 622 525 τοῦ
647 500 719 536 της
749 481 885 533 Ἀσίας
919 482 1089 542 μέρους,
1123 488 1192 529 τοῦ
1218 503 1261 530 τε

42 546 227 610 ζραὸίου
260 549 415 595 κόλπου
437 551 507 596 καὶ
529 555 602 607 τῆς
637 551 836 614 Ἐρυθρᾶς
859 552 1071 609 θαλάσσης
1099 554 1224 599 κα1.”
1203 574 1260 600 ετι

59 620 100 660 ιῦ
125 610 332 679 Περσικοῦ
350 618 506 664 κόλπου
524 619 596 665 καὶ
619 623 688 664 τοῦ
717 618 890 665 Ἰνδικοῦ
911 620 1136 681 πελάγους,
1161 627 1259 668 τοῦ-

39 679 97 730 Διν
138 684 246 748 ἔχειν
269 686 338 732 τὸν
364 687 513 750 τρόπον
536 686 791 746 συμὸέὸηκε·
825 687 872 732 τὸ
908 687 949 733 δὲ
975 689 1142 749 σύμπαν
1175 691 1260 737 ἐστὶ

13 767 15 771 ·
67 752 259 814 άστημα,
285 758 367 801 τῶν
398 755 561 801 κόλπων
599 755 793 801 ἁπάντων
824 758 1154 819 περιπλεομένων
1179 760 1260 806 ἀπὸ

44 825 102 859 ἰ’“’
125 823 347 869 Αἷλανίτου
381 828 515 886 μυχοῦ
547 823 620 877 ἕως
645 824 888 888 Κοττιάριος
910 833 1100 887 ποταμοῦ
1138 829 1258 875 ε’κὸο-

52 891 109 936 ῶν
148 894 220 936 τοῦ
244 893 284 936 ἐν
318 894 376 953 τῷ
412 892 555 956 κόλπῳ
592 896 724 940 Σινῶν
748 895 1044 957 τυγχάνοντος,
1082 898 1256 944 σταδίων

63 977 77 1004 ²
93 977 136 1022 ηε
153 958 1022 1022 170482.

42 1026 148 1074 Τὰ
184 1026 226 1072 δὲ
260 1028 366 1074 κατὰ
404 1029 524 1092 μέρος
559 1034 630 1087 τ’ἧς
667 1034 873 1096 παραλίας
909 1038 988 1080 τῶν
1034 1037 1255 1099 ἀριστερῶν

44 1098 158 1159 ρῶν
180 1095 266 1158 ἔχει
285 1097 353 1142 τὸν
376 1099 525 1162 τρόπον
551 1104 711 1148 τοῦτον.

44 1175 45 1178 ’
88 1179 144 1213 51.
181 1164 280 1211 Ἀπὸ
315 1171 385 1212 τοῦ
419 1169 643 1216 Αἷλανίτου
681 1175 841 1234 μυχοῦ,
882 1160 971 1217 οθεν
1010 1171 1084 1229 τὴν
1124 1173 1255 1235 ἀρχὴν

45 1233 307 1294 οιησάμεθα
324 1239 395 1282 τοῦ
423 1237 624 1300 περίπλου
650 1239 800 1301 [των]
821 1259 891 1296 της
919 1241 1055 1294 Ἀσίας
1087 1245 1252 1304 ἀριστε-

55 1321 102 1349 ν
125 1305 283 1366 μερῶν,
309 1305 434 1368 μέχρι
471 1309 552 1352 τῶν
593 1311 744 1354 στενῶν
782 1313 853 1354 τοῦ
878 1309 1067 1373 ’Λραὸίου
1100 1312 1254 1357 κόλπου

51 1370 178 1417 άδιοι
203 1414 228 1435 ΙΙ
232 1374 395 1435 αΙαχο’.

80 1439 182 1486 Ἀπὸ
206 1438 249 1486 δὲ
264 1444 345 1487 τῶν
370 1445 520 1488 στενῶν
553 1448 624 1490 τοῦ
648 1445 840 1508 Ἀραὸίου
861 1448 1015 1494 κόλπου
1040 1453 1110 1494 τοῦ
1133 1449 1252 1512 περί-

50 1518 125 1554 ἲου
148 1528 221 1565 της
240 1529 284 1555 τε
307 1510 510 1574 Ἐρυθρᾶς
535 1513 743 1570 θαλάσσης
771 1515 842 1560 καὶ
864 1515 1010 1579 μέρους
1043 1521 1113 1562 τοῦ
1136 1517 1253 1563 Ἰνδι-

53 1581 89 1624 ῦ
111 1578 314 1639 πελάγους
333 1580 491 1626 στάδιοι
511 1586 565 1643 β
577 1583 702 1645 Ιαφλ’.

78 1645 180 1692 Ἀπὸ
209 1647 251 1692 δὲ
284 1652 352 1694 τοῦ
378 1649 581 1709 στόματος
604 1656 674 1696 τοῦ
702 1654 910 1714 Περσικοῦ
943 1652 1097 1699 κόλπου
1129 1655 1253 1716 μέχρι

43 1741 53 1763 s
107 1718 234 1760 αὐτοῦ
270 1716 397 1761 πάλιν
422 1718 646 1777 στόματος,
668 1723 740 1764 τοῦ
767 1719 966 1782 περίπλου
1000 1721 1150 1773 παντὸς
1181 1727 1252 1768 τοῦ

39 1788 222 1845 Περσικοῦ
245 1784 400 1830 κόλπου
431 1785 624 1846 [στάδιοι
647 1806 700 1850 ΙΙα
718 1788 847 1850 542(-

75 1850 175 1898 Ἀπὸ
195 1851 238 1897 δὲ
267 1857 338 1898 τοῦ
359 1854 566 1915 Περσικοῦ
590 1854 745 1900 κόλπου
764 1855 781 1915 ]
806 1855 929 1919 μέχρι
949 1859 1030 1902 τῶν
1053 1856 1156 1921 δ’ρων
1180 1863 1252 1916 τῆς

23 1915 25 1917 ,
70 1938 92 1966 ν
111 1923 350 1984 Καρμανῶν
373 1922 579 1984 παραλίας
596 1923 754 1969 στάδιοι
776 1926 913 1985 Ιε7”ε>ν’.

73 1989 173 2036 Ἀπὸ
214 1989 256 2036 δὲ
294 2009 374 2036 των
408 1991 715 2055 προειρημένων
752 2013 824 2049 της
862 1995 1107 2056 Καρμανίας
1146 1996 1248 2058 ὅρων

42 2076 138 2122 χρι
157 2058 328 2122 Ῥίζανα
361 2059 516 2112 πόλεως
548 2080 622 2117 της
658 2065 737 2107 τῶν
773 2064 1015 2125 Γεδρωσίων
1044 2067 1251 2128 παραλίας

44 2127 167 2175 άδιοι
189 2126 312 2190 γων’.

72 2196 172 2244 Ἀπὸ
214 2196 256 2242 δὲ
293 2200 374 2242 τῶν
408 2198 715 2260 προρρηθέντων
758 2198 860 2260 ὅρων
906 2219 976 2256 της
1015 2201 1248 2263 Γεδρωσίας

45 2265 137 2311 1
115 2284 175 2311 ετι
204 2268 275 2311 τοῦ
298 2265 463 2328 πρώτου
493 2284 565 2313 και
599 2268 913 2326 δυσμικωτάτου
937 2269 1140 2330 στόματος
1177 2275 1246 2315 τοῦ

47 2334 142 2380 νδοῦ
177 2338 368 2392 ποταμοῦ
394 2338 467 2380 τοῦ
504 2335 726 2396 λεγομένου
764 2337 978 2397 Σάγαπα,
1017 2338 1141 2400 μέχρι
1176 2345 1245 2384 τοῦ

42 2422 44 2424 ’
64 2421 199 2463 μπτου
225 2402 430 2462 στόματος
461 2407 531 2448 τοῦ
556 2404 721 2465 Γάγγου
755 2411 944 2465 ποταμοῦ
960 2441 973 2465 ,
1001 2405 1023 2451 ὃ
1058 2409 1244 2452 καλεῖται

53 2471 246 2529 ντιὸολὴ,
273 2475 345 2527 τῆς
372 2474 581 2534 παραλίας
610 2477 682 2529 τῆς
704 2473 814 2526 ἐντὸς
853 2474 1016 2536 Γάγγου
1056 2482 1243 2535 ποταμοῦ

69 2541 183 2595 δικῆς
207 2541 364 2586 στάδιοι
384 2542 578 2603 ΙΙγΙεχ4ε’.
1116 2608 1132 2635 Ι

38 2673 170 2723 850
195 2671 222 2712 l.
247 2670 286 2712 5.
310 2687 392 2712 και
417 2671 491 2712 ἔτι
515 2676 603 2713 τοῦ
629 2673 691 2713 Πε
675 2677 869 2727 ερσικοῦ
898 2675 1121 2731 κόλπου]
1147 2678 1244 2717 Haec

35 2732 132 2775 ba
159 2733 243 2774 huc
270 2735 505 2789 transposui
529 2750 551 2775 e
573 2749 687 2790 seqq.
677 2765 706 2786 .‚
731 2736 803 2776 ubi
830 2736 960 2777 codex
982 2738 1169 2779 turbatus
1190 2740 1245 2780 ita

39 2791 159 2836 bet
191 2794 245 2835 Τὸ
275 2794 315 2836 δὲ
345 2796 488 2837 συνπαν
517 2797 610 2852 (sic)
653 2797 733 2838 ἐστι
763 2798 958 2854 διάστημα
980 2804 1055 2840 τῶν
1087 2800 1242 2841 κόλπων

4 2850 33 2906 ’ξ
32 2881 41 2886 ν
61 2857 186 2897 άντων
210 2872 254 2897 πε
259 2858 519 2913 ριπλεομένων
547 2859 611 2899 και
634 2858 690 2899 ἔτι
705 2862 774 2899 τοῦ
797 2861 984 2915 Περσικοῦ
1006 2861 1190 2903 κόλπου’
1170 2862 1243 2903 απὸ

25 2921 73 2958 U
102 2919 290 2974 Περσικοῦ
325 2918 402 2960 ἀπὸ
432 2923 500 2960 τοῦ
536 2919 726 2962 Αὖαλίτου
755 2926 881 2977 μυχοῦ
911 2924 981 2971 ἕως
1018 2924 1241 2979 Κοττιαρίου

4 2984 181 3036 ιταμοῦ
204 2980 291 3022 κτλ.
334 2982 349 3036 ΙΙ
369 3007 425 3013 -
443 2995 641 3040 ΙΙ.ΙΙΙιΙΙε
662 2984 813 3040 Ιγσῐῑέ
827 2987 841 3040 ]
866 3001 920 3041 ΙΙΙι
942 2986 994 3042 ΙΙβ
1014 2986 1140 3042 Ιγτῐῑέ
1165 2987 1244 3028 1100

4 3040 8 3085 ἶ
32 3070 41 3091 x
71 3058 96 3084 0
115 3043 261 3094 codex,
277 3052 317 3085 at
336 3044 443 3085 infra
461 3045 616 3100 praebet
629 3061 852 3087 numerum
872 3062 995 3102 quem
1010 3049 1053 3089 h.
1076 3049 1103 3089 l.
1129 3063 1245 3104 repo-

3 3093 177 3147 imus.
210 3108 422 3148 Summam
443 3108 554 3148 enim
585 3123 671 3149 non
692 3124 778 3150 esse
807 3110 1035 3151 stadiorum
1062 3112 1240 3165 123395‚

26 3185 64 3227 Ἰ,γί
90 3169 227 3222 potius
248 3168 428 3222 153295,
448 3184 470 3209 0
489 3178 688 3225 computo
709 3179 819 3212 recte
837 3172 1027 3214 instituto
1048 3182 1240 3229 apparet,
1230 3190 1239 3199 ·

40 3237 114 3270 te
129 3229 182 3269 de
203 3244 379 3271 numero
402 3230 563 3273 153000
585 3247 669 3273 11011
688 3241 748 3273 est
773 3232 999 3285 dubitatio;
1023 3249 1126 3276 num
1144 3251 1242 3277 vero

36 3290 134 3333 dia
159 3293 238 3346 395
262 3307 314 3334 an
338 3293 416 3347 295
435 3295 586 3335 rectius
597 3304 821 3349 ponantur,
854 3296 993 3338 dirimi
1010 3299 1167 3353 nequit.

31 3350 168 3406 851
187 3354 215 3395 1.
244 3358 327 3404 14.
337 3359 493 3411 ,μυχοῦ
516 3358 615 3411 ὅρων
646 3355 716 3407 τὴν
733 3356 903 3412 ἀργὴν’
889 3375 972 3400 εποι
963 3360 1098 3415 .ησάμε
1084 3361 1150 3400 θα
1173 3361 1239 3402 τὸν

31 3415 208 3470 ρίπλουν
224 3419 291 3468 τῆς
315 3416 436 3466 Ἀσίας
455 3418 542 3458 κτλ.
566 3418 713 3459 codex.
738 3420 873 3460 Possis
887 3421 1011 3461 etiam
1034 3422 1134 3476 ὅρων
1154 3423 1239 3478 [ἀφ’

36 3478 105 3533 ].
129 3478 145 3532 ΙΙ
160 3501 218 3510 -
232 3492 327 3536 17.
332 3495 370 3536 Ια
385 3495 424 3537 Ια
443 3479 511 3534 χθ’
525 3479 701 3530 codex,
690 3495 733 3520 m
749 3495 833 3535 quo
848 3481 1029 3535 quumO'
1042 3497 1239 3525 numerus

2 3500 44 3613 l:
67 3542 354 3619 mputationis
369 3543 528 3583 ratione
547 3543 780 3583 Mancianea
798 3543 1032 3594 abhorreat,
1047 3543 1134 3598 ejus
1149 3546 1239 3587 loco

39 3602 118 3642 sui
138 3601 175 3642 0'
189 3617 426 3654 numerum,
448 3605 517 3659 qui
537 3619 631 3644 cum
648 3605 716 3645 illo
739 3604 926 3646 facillime
949 3606 1233 3665 confunditur.

91 3665 154 3720 ΙΙβ
163 3665 320 3722 ΙἸαφλ]
323 3666 430 3722 Ιαφλ,
454 3666 602 3716 10530,
621 3666 751 3707 codex
771 3677 978 3723 corrupte.
997 3669 1164 3723 Supra5
1189 3685 1235 3724 19

47 3725 171 3773 ·,“111115
193 3728 354 3768 Arabiae
375 3728 500 3768 felicis
514 3729 719 3783 periplum
742 3744 827 3770 esse
842 3729 1068 3770 stadiorum
1082 3732 1232 3774 38150.

73 3802 244 3842 quum
266 3803 338 3830 ora
364 3789 478 3829 sinus
497 3790 665 3831 Arabici
690 3791 742 3831 sit
763 3791 991 3833 stadiorum
1014 3797 1161 3848 11670,
1188 3804 1236 3836 ut

27 3897 30 3900 Δ
23 3805 126 3889 ''l'‘do
155 3850 342 3903 legimus,
374 3864 501 3904 porto
523 3865 654 3905 quum
686 3851 738 3892 ab
761 3853 925 3894 Asabon
948 3858 1234 3910 promontorio

21 3928 23 3951 1
60 3924 84 3950 e
102 3909 154 3950 ab
175 3911 281 3957 ostio
301 3911 416 3952 sinus
437 3912 516 3952 Per
517 3913 590 3953 sici
613 3926 743 3968 usque
765 3914 816 3955 ad
839 3917 1078 3958 Maesaniten
1097 3919 1234 3960 sinum

19 3970 129 4035 ⁴'gjdia
146 3970 253 4022 5140
268 3982 559 4030 computentur
574 3978 597 4028 5
613 3988 691 4030 19:
710 3976 759 4017 ad
775 3977 1015 4032 explendam
1033 3994 1233 4021 summam

12 3684 70 3741 1

763 146 1055 194 PERIPLUS
1090 149 1276 196 MARlS
1309 151 1550 200 EXTERI.
1589 146 1767 202 LIBER
1801 156 1840 201 1.

2476 174 2563 213 539

1455 269 1806 305 nonsummum
1833 272 2044 306 omnum
2074 276 2440 312 ursui-«runnu

1759 349 2136 383 ramme-rmum.
2171 340 2174 344 ”

1391 422 1456 464 50.
1490 427 1550 466 Αο
1582 435 1714 467 totum
1735 427 1902 483 quidem
1928 430 2132 485 periplum
2152 439 2193 472 et
2221 433 2564 490 circumscriptio-

1334 526 1428 552 nem
1449 515 1662 556 maritimae
1678 530 1760 557 orae
1779 518 1980 568 Asiaticae,
1999 519 2198 560 nimirum
2213 522 2326 561 sinus
2343 523 2507 564 Arabici
2525 533 2565 566 et

1331 601 1461 642 Rubri
1478 604 1615 653 maris,
1637 618 1762 659 porro
1777 606 1891 647 sinus
1910 609 2059 650 Persici
2073 617 2113 650 et
2128 609 2260 651 Indici
2279 611 2425 666 pelagi,
2450 613 2562 653 hunc

1331 690 1373 730 in
1389 690 1561 732 modum
1577 706 1618 732 se
1636 692 1786 734 habere
1805 697 1998 749 contigit;
2017 711 2176 739 summa
2196 707 2332 739 autem
2348 699 2557 751 distantia,

1328 778 1363 817 si
1376 778 1489 819 sinus
1509 794 1651 821 omnes
1669 782 2076 837 circumnavigaveris
2096 786 2147 826 ab
2166 787 2379 828 AElanitico
2398 803 2559 830 recessu

1328 881 1458 922 usque
1476 868 1528 909 ad
1550 871 1652 911 ostia
1683 872 1875 913 Cottiaris
1905 874 2018 914 fluvii
2042 876 2084 915 in
2117 876 2305 917 Sinarum
2336 879 2450 928 sinu,
2475 888 2556 921 sta·

1327 954 1493 996 diorum
1516 965 1575 998 est
1608 958 1784 1012 153295.

1381 1047 1648 1087 Particulares
1681 1062 1778 1089 vero
1810 1048 2010 1091 distantiae
2042 1053 2213 1093 sinistrae
2239 1067 2320 1094 0110
2343 1057 2556 1097 maritimae

1326 1113 1405 1154 hoc
1425 1115 1550 1155 modo
1570 1130 1611 1156 50
1630 1116 1796 1158 habent.

1383 1181 1448 1222 51.
1475 1182 1541 1222 Ab
1566 1183 1780 1225 AElanitico
1799 1199 1960 1226 recessu
1978 1187 1994 1239 (
2014 1187 2123 1228 unde
2145 1188 2362 1230 exordium
2381 1193 2557 1246 sumpsi-

1325 1284 1416 1310 mus
1426 1271 1573 1326 peripli
1588 1273 1846 1314 sinistrarum
1859 1278 1965 1317 Asiae
1980 1278 2158 1332 partium
2175 1282 2190 1331 )
2211 1282 2337 1334 u'sque
2352 1281 2406 1321 ad
2419 1281 2554 1322 fauces

1323 1360 1436 1400 sinus
1455 1360 1620 1402 Arabici
1635 1361 1762 1403 stadia
1790 1367 1936 1417 11670.

1379 1454 1416 1492 A
1450 1451 1635 1493 faucibus
1668 1454 1781 1494 sinus
1809 1454 1974 1495 Arabici
2008 1456 2153 1510 peripli
2190 1458 2314 1497 maris
2350 1458 2480 1499 Rubri
2516 1467 2557 1499 et

1322 1541 1448 1594 partis
1466 1540 1600 1582 Indici
1618 1542 1746 1597 pelagi
1777 1542 1907 1583 stadia
1935 1552 2031 1584 sunt
2053 1544 2188 1585 21530
2215 1543 2226 1598 (
2242 1546 2406 1594 213401)
2421 1548 2456 1600 ).

1380 1660 1446 1700 Ab
1475 1661 1583 1701 ostio
1618 1661 1731 1701 sinus
1763 1663 1914 1704 Persici
1948 1678 2078 1718 usque
2103 1664 2155 1704 ad
2191 1666 2340 1706 ostium
2373 1668 2554 1723 periplus

1322 1749 1447 1788 totius
1469 1750 1583 1789 sinus
1601 1751 1752 1790 Persici
1778 1750 1867 1803 [est
1886 1751 2115 1791 stadiorum
2139 1755 2285 1805 16790.

1377 1863 1419 1900 A
1433 1859 1529 1901 sinu
1547 1861 1712 1902 Persico
1730 1862 1745 1917 ]
1765 1876 1893 1916 usque
1914 1863 1966 1931 ad
1981 1864 2103 1905 fines
2096 1879 2178 1906 orae
2196 1867 2444 1908 Caimanicae
2458 1876 2552 1908 sunt

1321 1927 1451 1968 stadia
1475 1927 1598 1981 5950.

1377 1998 1412 2036 Α
1447 1995 1654 2050 piaedictis
1687 1996 1839 2037 finibus
1859 1998 2086 2040 Carmaniae
2121 2014 2251 2055 usque
2282 2002 2335 2042 ad
2374 2002 2552 2043 Rhizana

1320 2084 1521 2140 oppidum
1541 2099 1612 2126 ora
1632 2085 1845 2127 Gedrosia-2
1866 2095 1926 2127 est
1945 2087 2173 2129 stadiorum
2197 2089 2320 2132 3850.

1374 2200 1411 2238 Α
1430 2197 1635 2252 praedictis
1652 2198 1804 2238 finibus
1824 2198 2033 2239 Gedrosiae
2049 2208 2088 2240 et
2106 2215 2128 2240 a
2144 2201 2280 2255 primo
2295 2203 2552 2258 maximeque

1317 2283 1558 2325 occidentali
1580 2286 1685 2325 ostio
1702 2284 1797 2325 Indi
1826 2285 2006 2326 fluminis
2020 2317 2030 2336 ,
2057 2286 2170 2340 quod
2190 2295 2357 2328 vocatur
2371 2290 2547 2345 Sagapa,

1318 2387 1446 2427 usque
1466 2373 1517 2414 ad
1538 2374 1731 2428 quintum
1753 2375 1903 2414 ostium
1920 2375 2072 2428 Gangis
2091 2376 2202 2415 fluvii
2219 2407 2230 2426 ‚
2251 2377 2363 2431 quod
2379 2388 2550 2420 vocatur

1316 2458 1508 2498 Antibole
1522 2489 1533 2508 ‚
1551 2457 1680 2498 Indiae
1701 2459 1808 2499 intra
1826 2460 2009 2513 Gangem
2025 2460 2198 2501 fluvium
2218 2462 2302 2502 sitae
2320 2477 2392 2503 ora
2422 2466 2547 2504 mari-

1315 2547 1414 2586 tima
1435 2554 1495 2586 est
1513 2544 1740 2586 stadiorum
1763 2545 1914 2599 35695.

1314 2677 1542 2717 stadiorum
1574 2678 1709 2719 38150
1741 2677 1960 2718 tribuenda
1988 2692 2070 2718 orae
2099 2679 2260 2719 Arabiae
2288 2679 2545 2721 meridionali

1315 2738 1450 2779 forent
1469 2738 1598 2779 stadia
1634 2740 1786 2789 21340,
1817 2738 1989 2795 ΙΙβΙατμ’.
2014 2740 2122 2780 Hinc
2147 2739 2276 2794 liquet
2297 2749 2440 2781 nostro
2454 2741 2546 2782 loco

1313 2815 1390 2855 pro
1410 2816 1464 2857 ΙΙα
1503 2800 1768 2841 scribendum
1798 2816 1884 2842 esse
1905 2802 2018 2858 ΙΙβΙα;
2048 2802 2185 2843 minus
2205 2810 2317 2857 patet
2337 2817 2440 2844 num
2468 2818 2546 2858 pro

1313 2863 1380 2919 φλ’
1400 2865 1522 2904 etiam
1560 2863 1824 2904 scribendum
1853 2864 1905 2904 sit
1929 2862 2010 2918 τμ’,
2039 2877 2090 2904 an
2109 2864 2248 2918 potius
2277 2867 2300 2916 5
2321 2878 2369 2918 19
2391 2865 2542 2914 38150,

1312 2924 1482 2982 ΙΙγΙηρν’,
1503 2933 1748 2980 corruptum
1757 2925 1808 2965 sit
1819 2933 1860 2965 et
1875 2924 2120 2966 mutandum
2135 2926 2177 2965 in
2196 2926 2345 2976 38340,
2366 2927 2542 2982 ΙΙγΙητμ’.

1312 2988 1420 3029 Illud
1461 2997 1597 3029 tamen
1643 2987 1896 3042 probabilius
1928 2996 2001 3029 est.
2055 2990 2194 3040 Quare
2241 2988 2284 3027 in
2324 2988 2544 3042 subjuncto

1312 3050 1507 3092 laterculo
1524 3064 1602 3105 pro
1625 3050 1760 3091 21530
1774 3050 1986 3104 posuimus
2003 3050 2153 3097 21340.
2176 3050 2191 3102 Η
2210 3072 2267 3080 -
2288 3062 2356 3089 22.
2382 3050 2542 3092 Inclusa

1313 3113 1513 3168 supplevi.
1539 3111 1748 3153 Excidisse
1767 3110 1954 3165 quaedam
1971 3111 2013 3150 in
2039 3109 2180 3151 codice
2201 3118 2290 3150 tum
2309 3109 2406 3151 inde
2426 3111 2542 3153 intel-

1311 3175 1452 3229 ligitur
1466 3173 1580 3230 quod
1601 3174 1714 3214 sinus
1734 3173 1920 3215 Persicus
1939 3187 2022 3213 non
2040 3173 2216 3227 pertinet
2230 3186 2360 3226 usque
2377 3172 2428 3213 ad
2439 3173 2540 3214 fines

1315 3237 1559 3286 Carmaniae,
1594 3244 1682 3276 tum
1714 3250 1763 3275 eo
1785 3234 2104 3285 demonstratur,
2139 3233 2252 3288 quod
2277 3232 2405 3274 stadia
2433 3235 2540 3288 5950

1312 3314 1435 3354 supra
1468 3303 1489 3351 5
1514 3300 1565 3338 30
1584 3305 1855 3338 numerantur
1882 3297 1933 3338 ab
1956 3297 2060 3337 ostio
2091 3297 2203 3336 sinus
2236 3296 2387 3336 Persici
2411 3311 2539 3351 usque

1311 3362 1363 3402 ad
1387 3362 1510 3402 finem
1529 3361 1769 3401 Carmaniae.
1789 3362 1924 3412 Quem
1943 3358 2127 3414 supplevi
2141 3357 2368 3399 stadiorum
2393 3373 2538 3400 nume-

1310 3437 1405 3463 rum
1442 3427 1588 3476 16790,
1623 3421 1801 3476 postulat
1833 3435 1993 3461 summa
2025 3419 2130 3462 stad.
2177 3420 2354 3474 153295.
2394 3423 2538 3473 Quum

1311 3499 1409 3527 vero
1427 3483 1669 3526 antecedens
1691 3497 1887 3524 numerus
1906 3497 1988 3523 non
2005 3482 2056 3523 ab
2071 3483 2184 3523 omni
2203 3491 2318 3538 parte
2342 3490 2454 3523 tutus
2469 3484 2536 3532 sit,

1311 3560 1445 3603 neque
1463 3547 1575 3586 hunc
1605 3559 1683 3600 pro
1708 3545 1935 3586 certissimo
1957 3543 2168 3585 venditare
2188 3544 2298 3586 licet.
2335 3545 2467 3600 Supra
2495 3547 2536 3585 in

1309 3625 1380 3651 ora
1420 3611 1532 3649 sinus
1564 3608 1714 3649 Persici
1747 3615 2013 3648 recensentur
2041 3606 2172 3648 stadia
2206 3610 2354 3658 16220,
2388 3608 2537 3662 quibus

1308 3671 1498 3713 addenda
1519 3678 1614 3711 sunt
1635 3669 1765 3711 stadia
1789 3670 1868 3711 500
1887 3669 1950 3710 vel
1978 3673 2060 3711 600
2088 3670 2196 3710 inter
2220 3668 2469 3710 occidentale
2497 3678 2536 3710 et

1308 3732 1502 3773 orientale
1517 3731 1695 3785 Tigridis
1724 3732 1874 3771 ostium
1903 3728 2128 3784 interiecta.
2155 3731 2211 3771 V.
2233 3739 2320 3771 not.
2349 3729 2400 3770 ad
2420 3733 2442 3783 5
2465 3742 2534 3783 27.

1310 3794 1325 3848 ΙΙ
1348 3819 1403 3825 --
1419 3793 1486 3834 25.
1504 3792 1578 3848 le&
1592 3792 1655 3848 ν’]
1677 3792 1772 3849 ‘enlm'
1789 3793 1941 3843 codex;
1959 3800 2001 3834 at
2026 3791 2134 3848 ¹575)st
2148 3790 2432 3846 reponendum
2451 3805 2537 3832 esse

1304 3864 1414 3911 patet
1438 3870 1486 3896 ex
1504 3858 1527 3908 5
1542 3856 1593 3896 30
1615 3856 1685 3895 ubi
1702 3855 1810 3896 vide.
1833 3857 1848 3910 Η
1871 3879 1927 3887 -
1942 3868 2010 3909 27.
2038 3854 2228 3909 ἐδρωσίων
2248 3852 2361 3901 00(].;
2383 3852 2535 3894 ibidem

1313 3916 1613 3965 Ῥιξαναπολεως
1628 3916 1720 3974 (sic)
1735 3916 1827 3959 cod.
1849 3919 1864 3972 ΙΙ
1883 3941 1939 3948 -
1954 3918 2023 3958 28.
2045 3931 2070 3970 γ
2083 3931 2114 3955 ω
2127 3914 2190 3970 ν’]
2216 3915 2274 3955 510
2288 3916 2409 3955 etiam
2426 3917 2448 3967 5
2466 3915 2532 3955 33.

1312 3981 1328 4035 ll
1348 4004 1403 4011 —
1420 3981 1487 4021 31.
1510 3979 1688 4035 Σάγαπα,
1711 3993 1793 4020 11011
1812 3979 1989 4033 Σαγάπα,
2009 3976 2156 4023 codex.
2183 3977 2198 4030 ΙΙ
2218 4001 2273 4008 -—-
2294 3977 2359 4017 33.
2381 3976 2534 4031 Γάγγου
