2756 4354
952 200 1030 244 ne
1068 169 1312 246 isinon'o
1354 201 1736 249 CHARACENO.

87 317 329 387 pertinent.
352 320 406 365 In
424 331 601 378 mappls
626 315 798 360 nostris
821 314 984 358 metior
997 314 1206 360 schoenos
1228 313 1309 370 503

87 400 200 444 alios
231 406 331 442 octo
361 393 592 438 effecerint
613 388 824 447 ambages
857 389 1057 432 viarum.
1092 387 1241 433 Urbes
1264 389 1312 432 in

23 459 46 510 i·
87 477 171 520 hoc
194 481 338 518 tractu
358 475 670 513 memorantur
692 464 855 523 Rhagae
876 464 987 524 (Rei
1002 467 1013 522 )
1032 473 1085 527 ‚et
1107 463 1285 508 Charax
1299 497 1311 518 ,

85 565 185 609 quae
207 546 263 592 ad
277 545 462 589 Sirdara
493 550 691 585 montem
708 538 932 600 ponenda,
950 538 1036 583 ubi
1059 541 1180 581 Kala
1209 540 1320 595 Erig

84 623 230 668 ruinae
264 634 358 664 non
389 617 525 675 longe
548 615 605 660 ab
630 619 808 659 AiWcmi
837 617 925 657 Kei
952 623 1132 659 exstant
1148 614 1228 672 (Ἴ,
1250 613 1317 656 De

84 698 225 744 variis
244 694 542 741 munimentis
555 726 567 748 ,
587 707 783 752 quorum
804 690 972 736 rudera
999 690 1054 734 ad
1071 700 1318 749 utrumque

86 773 280 818 faucium
307 771 575 831 Caspiarum
599 769 716 813 latus
745 777 1015 827 supersunt,
1033 767 1140 811 vide
1162 781 1317 810 recen-

0 835 4 840 ,
83 849 228 893 tiores
247 847 445 892 viatores
465 844 588 905 ⁴apud
607 843 829 888 Ritterum
855 841 936 901 IX,
965 842 1048 894 451
1079 857 1179 901 sqq.

19 913 21 915 .
91 913 93 915 ’
152 930 253 979 147.
281 921 350 966 Ex
384 920 563 980 Caspiis
587 919 709 979 pylis
746 918 794 962 in
830 919 1025 962 Chowar
1049 917 1315 977 planitiem,

86 1000 359 1044 CHOARENEN
396 996 588 1051 Isidori,
620 984 961 1040 descendimus.
1006 993 1190 1038 Schoeni
1220 993 1320 1053 ejus

85 1073 377 1131 undeviginti
404 1071 672 1132 pertingunt
694 1070 785 1114 fere
809 1085 953 1128 usque
970 1068 1026 1112 ad
1047 1069 1318 1123 hodiernum

84 1151 377 1194 Sota-elzkala.
406 1149 606 1208 Apamea
622 1146 871 1208 oppidum,
904 1161 930 1189 a
954 1145 1079 1205 pylis
1107 1155 1321 1205 quattuor

87 1224 296 1269 schoenos
334 1224 530 1278 distans,
570 1221 783 1282 ponenda
819 1219 886 1269 ,ad
921 1220 1055 1264 Chad
1101 1220 1317 1274 fluvium,

85 1298 167 1343 ubi
192 1314 312 1343 nunc
335 1301 506 1341 Aradin
522 1298 592 1341 vel
617 1295 767 1339 Habla
795 1310 972 1354 mappae
995 1293 1211 1338 exhibent
1231 1292 1316 1353 (**).

86 1374 262 1418 Deinde
285 1382 499 1431 quattuor
522 1370 730 1415 Isidorus
754 1370 879 1414 vicos
913 1378 1175 1424 notaverat3
1200 1384 1321 1412 nunc

85 1448 138 1492 in
159 1447 240 1491 hac
257 1447 332 1490 via
357 1455 601 1490 occurrunt
618 1447 739 1488 Padi
760 1455 803 1488 et
822 1445 1094 1488 Dehinemek
1113 1453 1156 1489 et
1172 1446 1320 1487 Abda-

87 1525 226 1566 ladad
243 1533 286 1567 et
308 1524 524 1578 Laz((s'it·cl
537 1556 548 1576 ,
568 1537 711 1581 prope
734 1537 867 1580 quem
894 1521 1044 1564 vicum
1070 1521 1211 1578 vulgo
1238 1537 1320 1580 po-

85 1606 200 1641 nunt
219 1597 417 1641 confinia
438 1597 679 1654 regionum
697 1597 808 1639 Irak
837 1606 881 1640 et
901 1597 1151 1638 Chol-asan.

151 1672 251 1723 148.
283 1671 393 1725 Quae
430 1671 643 1732 deinceps
668 1671 897 1715 montium
935 1669 1170 1716 radicibus
1194 1672 1320 1728 regio

87 1746 401 1807 praetenditur,
429 1763 550 1791 nunc
583 1749 786 1801 Kouma,
821 1745 941 1815 ap0ud
976 1755 1154 1789 veteres
1177 1744 1321 1788 Com-

84 1837 194 1867 SENE
215 1832 414 1866 vocatur.
438 1821 547 1865 Eam
569 1822 861 1866 schoenorum
880 1835 977 1865 esse
1002 1819 1061 1864 58
1079 1821 1127 1863 in
1154 1819 1318 1863 Excer-

85 1898 174 1959 ptis
202 1898 372 1943 nostris
385 1898 567 1956 legitur.
597 1899 655 1942 At
673 1896 1016 1955 viaelongitudo
1028 1895 1162 1955 juxta
1182 1906 1318 1940 mon-

83 1982 238 2018 tanum
278 1984 499 2028 tractum,
536 1983 776 2033 antequam
819 1957 1198 2032 Hyrcaniae'juga
1223 1973 1318 2015 via-

11 2040 13 2043 *
82 2057 154 2092 tor
175 2047 507 2106 ingrederetur,
527 2048 756 2108 pertinere
791 2046 950 2091 debuit
971 2061 1119 2104 usque
1148 2046 1240 2090 fere
1263 2046 1318 2089 ad

83 2123 194 2169 hod.
219 2127 536 2180 Daulatabacl,
581 2125 693 2169 adeo
726 2134 774 2168 ut
800 2123 1160 2182 Hecatompylon
1180 2121 1316 2176 urbs,

21 2215 24 2219 ’
60 2214 218 2258 7(μιειῐῐι
244 2214 340 2243 esse
370 2199 636 2243 hodiernam
671 2199 944 2254 Damaglzan
983 2197 1173 2255 plurimi
1200 2212 1320 2239 nunc

83 2283 205 2317 recte
222 2284 418 2318 statuere
436 2273 652 2317 videntur
676 2271 784 2332 (***),
805 2289 831 2316 a
849 2272 1007 2315 dextra
1030 2271 1320 2328 relinquere-

85 2356 172 2393 tur.
195 2347 354 2406 Itaque
372 2349 447 2391 via
470 2358 564 2390 erat
587 2347 635 2390 in
653 2347 891 2390 Comisene
908 2345 1200 2389 schoenorum
1222 2345 1314 2388 fere

82 2422 274 2479 viginti,
300 2436 608 2479 numerusque
626 2420 836 2464 codicum
856 2418 932 2474 νη’,
950 2420 988 2462 si
1008 2419 1061 2462 ad
1084 2418 1316 2462 Itinerarii

84 2497 283 2541 rationes
314 2494 724 2539 accommodandus
748 2505 831 2547 est,
870 2504 1114 2552 corruptus
1135 2508 1231 2537 esse
1251 2494 1317 2535 vi-

82 2567 215 2615 detur
241 2584 297 2612 ex
325 2569 398 2621 >1⁷34
418 2570 517 2623 vel,
545 2569 670 2627 quod
698 2569 871 2623 malim,
899 2583 956 2611 ex
984 2566 1056 2622 ιη’.
1085 2567 1314 2626 Suspicari

80 2644 215 2690 etiarn
249 2644 397 2705 possis
415 2643 644 2689 Isidorum
665 2653 829 2704 praeter
855 2643 1143 2688 itinerarium
1158 2677 1170 2698 ,
1194 2641 1317 2701 quod

80 2721 130 2773 in
164 2721 390 2780 excerptis
422 2719 668 2776 habemus,
701 2719 927 2762 indicasse
961 2718 1150 2761 alterum
1177 2715 1321 2759 multo

80 2794 269 2839 brevius
282 2795 387 2850 iter,
402 2794 525 2853 quod
539 2793 595 2837 ab
616 2793 750 2837 initio
762 2793 1157 2836 Comisenesrecta
1166 2794 1317 2835 orien-

84 2879 168 2914 tem
190 2885 350 2914 versus
371 2870 421 2914 in
450 2869 741 2932 Parthyenen
767 2868 993 2923 tenderet,
1018 2867 1131 2911 adeo
1152 2877 1202 2911 ut
1227 2878 1320 2912 tota

82 2943 343 2989 Comisenes
384 2943 625 3002 longitudo
672 2944 958 3004 peragranda
1009 2953 1148 2997 esset,
1186 2953 1320 3001 atque

83 3017 171 3062 huc
198 3019 244 3063 in
280 3020 458 3077 integro
491 3019 660 3063 Isidori
694 3033 831 3078 opere
866 3017 1143 3077 pertinuisse
1180 3017 1321 3061 schoe-

84 3108 166 3136 nos
203 3094 311 3138 istos
347 3095 434 3150 58,
459 3094 587 3138 vicos
628 3103 778 3138 autem
815 3103 916 3137 octo
958 3093 1221 3136 Comisenes
1265 3092 1320 3136 ad

73 3179 284 3213 nostram
301 3172 421 3214 viam
439 3181 642 3231 spectare
655 3205 668 3226 ,
686 3171 913 3230 siquidem
928 3185 982 3214 ex
1001 3170 1142 3213 altera
1157 3169 1237 3212 illa
1253 3185 1320 3212 ra-

85 3241 207 3287 tione
224 3245 357 3289 etiam
385 3246 748 3305 Hecatompylon
769 3245 1032 3289 Comisenes
1055 3245 1170 3287 foret
1190 3242 1316 3303 (ω’),

89 3330 171 3359 nec
209 3317 357 3363 dicere
394 3320 599 3364 Isidorus
634 3321 858 3380 potuisset
899 3319 1056 3364 urbem
1093 3334 1185 3363 non
1219 3319 1318 3362 fieri

88 3388 284 3436 obvians.
309 3393 367 3436 At
392 3395 478 3439 hoe
498 3410 661 3440 vereor
683 3411 739 3440 ne
766 3396 824 3440 sit
841 3395 1024 3453 longius
1048 3394 1252 3454 petitum.

2424 238 2603 276 Lxxxtx

1453 324 1554 376 149.
1577 317 1838 377 Sequuntur
1862 319 2100 365 Hyncmffi
2121 324 2207 368 vici
2228 343 2242 368 1
2258 344 2273 369 1
2289 340 2330 372 et
2343 332 2512 379 schoeni
2529 341 2604 394 60,

1387 407 1503 450 quos
1527 392 1635 436 satis
1659 392 1895 437 commode
1917 408 2077 438 eruere
2106 396 2227 452 licet,
2254 401 2290 442 si
2316 417 2341 444 a
2364 408 2605 467 montibus,

1386 466 1462 523 qui
1477 476 1580 509 sunt
1597 481 1715 525 pone
1731 469 2028 521 Daulatabad,
2054 483 2214 527 pergas
2231 472 2284 514 ad
2299 479 2547 534 Amet-abad,
2568 495 2611 528 et

1388 539 1553 584 deinde
1587 541 1807 586 orientem
1842 558 2004 587 versus
2039 543 2172 601 juxta
2212 549 2391 604 Gurgan
2428 553 2610 600 fluvium

1386 615 1644 674 Maxerem.)
1669 630 1814 674 usque
1832 617 1923 660 fere
1939 617 1994 660 ad
2017 619 2248 676 Simalgan
2273 621 2438 678 locum,
2459 626 2504 668 in
2527 643 2614 684 quo

1390 696 1534 731 tractu
1558 687 1781 732 montium
1812 688 1974 747 jugum
1997 689 2184 735 boream
2213 709 2371 739 versus
2396 697 2449 740 ad
2484 703 2616 743 Atrek
2662 732 2667 737 -

1390 761 1402 819 (
1420 760 1632 806 Σοκάνδαν
1653 761 1912 822 Ptolemaei)
1933 764 2120 809 fluvium
2143 766 2330 812 tendens
2348 769 2615 828 Hyrcaniam

1389 835 1639 881 Isidoream
1659 837 1714 880 ab
1732 840 1958 882 Astauene
1967 839 2153 896 regione
2170 840 2404 887 diremisse
2417 846 2609 894 videtur.

1459 913 1560 958 150.
1600 913 1775 957 Deinde
1806 928 1887 974 per
1919 916 2183 959 AsrAUENEN
2220 917 2296 961 via
2335 919 2617 967 schoenorum

1391 992 1619 1048 sexaginta
1644 990 1707 1034 ita
1729 989 1994 1034 adornanda
2016 1001 2084 1035 est
2100 1025 2111 1046 ,
2139 1002 2187 1035 ut
2211 992 2257 1036 in
2293 993 2482 1040 Nisaeam
2509 997 2619 1042 Par-

1391 1065 1577 1124 thyenes
1601 1065 1855 1120 convallem
1895 1074 2039 1110 exeat.
2066 1065 2223 1126 Itaque
2249 1068 2447 1127 primum
2469 1072 2618 1116 orien-

1393 1150 1478 1184 tem
1503 1155 1662 1185 versus
1688 1156 1768 1200 per
1792 1140 1902 1184 hod.
1930 1142 2165 1198 Sjmalgan
2194 1153 2238 1187 et
2260 1146 2495 1200 Budjnurd
2533 1158 2621 1192 ten-

1392 1215 1483 1271 dit,
1511 1215 1621 1260 hinc
1639 1216 1772 1275 juxta
1800 1218 2126 1260 Germecleanelz
2161 1218 2348 1264 fluvium
2385 1223 2617 1267 meridiem

1391 1306 1563 1351 versus,
1586 1306 1731 1350 usque
1746 1291 1853 1335 dum
1866 1294 1984 1335 inter
2002 1295 2159 1350 Djegir
2176 1303 2218 1336 et
2230 1297 2478 1352 DJaghatai
2493 1313 2621 1341 mon-

1392 1375 1458 1409 tes
1495 1366 1544 1409 in
1580 1366 1738 1410 Nisaeae
1764 1367 1925 1410 αὐλῶνα
1957 1366 2148 1411 desinat.
2173 1367 2346 1413 Nomen
2377 1371 2622 1417 Astauenes

1395 1443 1550 1486 nescio
1569 1458 1624 1487 an
1639 1443 1839 1501 supersit
1861 1444 1910 1487 in
1927 1445 2061 1487 meaa·
2074 1443 2188 1503 jugo
2201 1481 2212 1503 ,
2237 1446 2359 1505 quod
2383 1446 2431 1492 in
2451 1446 2622 1493 boreali

1394 1518 1596 1575 regionis
1630 1528 1757 1578 parte
1782 1518 1838 1561 ab
1864 1534 2026 1563 occasu
2061 1534 2221 1564 versus
2244 1521 2462 1566 orientem
2491 1523 2624 1582 longe

1393 1593 1612 1637 excurrit.
1638 1597 1703 1637 Ac
1728 1593 1911 1637 credere
1953 1594 2103 1653 possis
2122 1594 2254 1652 juxta
2282 1595 2403 1640 hunc
2424 1609 2621 1643 montem

1393 1683 1536 1728 usque
1583 1669 1638 1713 ad
1697 1685 1820 1714 mare
1864 1669 2074 1729 Caspium
2123 1670 2453 1716 Astauenorum
2496 1674 2622 1718 sedes

1393 1744 1688 1803 pertinuisse.
1729 1744 1841 1788 Nam
1883 1744 2156 1789 Ptolemaeus
2176 1745 2252 1790 Vl.
2296 1763 2324 1805 9
2358 1763 2402 1806 p.
2439 1749 2526 1798 416
2560 1749 2622 1792 ita

1393 1819 1556 1864 scribit
1579 1838 1587 1864 :
1615 1820 1932 1880 Κατανέμονται
1956 1820 1996 1865 δὲ
2020 1824 2090 1875 τ’ἦς
2114 1819 2336 1883 Ὑρκανίας
2369 1822 2421 1866 τὰ
2453 1821 2524 1881 μὲν
2555 1822 2621 1867 ἐπὶ

1395 1894 1582 1956 θαλάσσῃ
1617 1895 1815 1956 Μαξῆραι
1850 1895 1942 1958 (ad
1990 1896 2242 1952 Maxerem,
2279 1897 2385 1941 hod.
2443 1901 2621 1957 Gurgan

1391 1970 1498 2017 fluv.
1520 1971 1533 2029 )
1557 1969 1628 2014 καὶ
1652 1970 1912 2024 Ἀσταυηνοί·
1936 1970 2013 2015 ὑπὸ
2034 1970 2075 2015 δὲ
2098 1970 2188 2022 τοὺς
2210 1971 2519 2026 Ἀσταυηνοὺςὴ
2546 1975 2618 2018 Σι·

1393 2044 1568 2104 ρακηνή.
1596 2044 1721 2107 Idem
1745 2061 1857 2090 vero
1899 2045 1977 2103 Vl,
2011 2063 2061 2101 17
2085 2062 2129 2105 p.
2165 2048 2281 2098 432:
2316 2045 2551 2106 Κατέχουσι
2579 2047 2620 2091 δὲ

1389 2123 1460 2173 τ’ἧς
1475 2111 1637 2181 ῥἈρείοις
1660 2121 1711 2164 τὰ
1736 2120 1808 2180 μὲν
1831 2121 2004 2182 ἀρκτικὰ
2020 2120 2124 2182 μέρη
2139 2123 2306 2167 Νισαῖοι
2326 2121 2395 2166 καὶ
2419 2121 2618 2176 Ἀσταὸη-

1390 2194 1462 2239 νοί.
1486 2196 1543 2239 At
1562 2196 1681 2240 haud
1703 2198 1854 2254 magni
1881 2198 1974 2240 haec
1996 2198 2128 2255 facio,
2154 2198 2278 2257 quod
2298 2199 2486 2242 omnino
2511 2215 2617 2242 con-

1395 2270 1492 2314 fusa
1519 2271 1578 2315 sit
1622 2281 1665 2314 et
1695 2286 1750 2315 ex
1794 2271 1989 2315 diversis
2026 2272 2228 2316 fontibus
2271 2273 2386 2315 male
2427 2273 2617 2316 conflata

1392 2344 1552 2388 harum
1593 2345 1832 2402 regionum
1860 2344 1980 2403 apud
2017 2345 2307 2389 Ptolemaeum
2341 2346 2613 2405 descripti03

1391 2428 1483 2461 tum
1504 2433 1612 2461 vero
1637 2418 1943 2476 suspicionem
1972 2428 2122 2461 movet
2141 2418 2265 2476 quod
2287 2419 2405 2463 infra
2428 2420 2615 2463 Astaue-

1392 2507 1474 2536 nos
1498 2492 1746 2536 collocatur
1762 2490 1991 2536 Siracene.
2012 2491 2122 2534 Nam
2137 2491 2523 2536 verisimillimum
2547 2503 2614 2536 est

1390 2566 1507 2609 hanc
1550 2566 1780 2625 pertinere
1810 2564 1866 2609 ad
1901 2563 2041 2625 Σιρὼκ
2073 2564 2232 2609 urbem
2262 2567 2313 2609 in·
2340 2565 2617 2625 Parthyenes

1391 2650 1517 2699 parte
1551 2639 1763 2683 orientali
1800 2639 1857 2683 ab
1901 2638 2080 2682 Isidoro
2116 2648 2405 2683 memoratam
2428 2656 2441 2694 ;
2484 2655 2614 2698 quam

1392 2715 1574 2773 quidem
1618 2715 1737 2758 infra
1785 2718 2036 2758 Astauenos
2075 2714 2240 2758 Isidori
2280 2723 2403 2758 tanto
2442 2714 2618 2760 facilius

1393 2801 1550 2835 auctor
1568 2790 1754 2850 quidam
1775 2790 1996 2833 collocare
2013 2790 2178 2848 potuit,
2201 2789 2354 2833 sicum
2375 2788 2618 2834 Ptolemaeo

1394 2867 1545 2909 nullos
1565 2868 1683 2909 inter
1710 2864 1967 2927 Astauenen
1991 2874 2034 2907 et
2054 2863 2317 2921 Margianen
2343 2862 2515 2907 medios
2538 2880 2617 2923 po-

1392 2941 1482 2985 suit
1494 2940 1894 2999 Apauarcticenos.
1910 2938 2067 2998 Itaque
2076 2938 2367 2983 Ptolemaeum
2382 2939 2618 2982 etAstaue-

1392 3030 1481 3059 nen
1509 3024 1552 3058 et
1574 3015 1815 3058 Siracenen
1847 3013 1958 3058 falso
1982 3013 2037 3056 ad
2068 3012 2281 3072 Caspium
2313 3027 2436 3056 mare
2470 3014 2617 3057 collo—

1393 3105 1494 3134 care
1512 3100 1635 3149 puto,
1648 3089 1781 3143 Quod
1797 3088 1916 3133 idem
1933 3091 2183 3132 Astauenos
2196 3087 2245 3131 in
2256 3087 2365 3130 Aria
2381 3098 2614 3141 memorat,

1392 3181 1449 3211 ex
1470 3166 1561 3211 alio
1587 3172 1771 3211 auctore
1794 3164 1945 3223 fluxit,
1966 3164 2045 3223 qui
2068 3163 2321 3207 Astauenen
2341 3171 2383 3205 et
2401 3150 2617 3219 Parthye‘-

1393 3258 1473 3287 nes
1504 3253 1674 3302 partem
1715 3241 1979 3285 orientalem
2019 3240 2032 3298 (
2049 3248 2099 3283 ut
2117 3237 2266 3296 Nysaei
2296 3237 2344 3280 in
2377 3241 2492 3279 Aria
2514 3226 2618 3279 col—

1394 3318 1530 3362 locati
1552 3318 1714 3361 docent
1736 3316 1747 3375 )
1772 3316 1952 3360 Arianae
1968 3312 2190 3358 attribuit.
2216 3311 2270 3354 Et
2292 3311 2377 3354 hoc
2401 3312 2549 3370 ipsum
2568 3311 2620 3354 in-

1395 3407 1530 3437 causa
1550 3392 1706 3446 fuerit,
1734 3401 1784 3435 ut
1801 3391 2088 3447 Ptolemaeus,
2110 3402 2249 3446 quum
2273 3386 2392 3446 apud
2423 3386 2537 3429 alios
2570 3386 2618 3428 in

87 3504 89 3506 ·
145 3488 196 3536 (*)
227 3491 313 3536 pag.
335 3496 399 3528 251
418 3491 440 3539 §
459 3496 478 3530 7
504 3493 619 3530 verba
638 3494 711 3531 ἀπὸ
738 3493 897 3542 σχοίνων
913 3496 940 3536 ζ’
956 3492 1070 3539 Ῥάγα
1084 3492 1147 3529 καὶ
1163 3490 1287 3539 Χάραξ
1309 3499 1503 3539 perperam
1525 3489 1677 3534 habent,
1702 3491 1782 3524 tum
1805 3486 1905 3534 quod
1923 3486 2071 3524 Charax
2095 3494 2169 3520 non
2189 3483 2227 3519 in
2246 3481 2377 3519 eodem
2397 3491 2471 3528 quo
2493 3482 2618 3527 Rhaga

88 3556 154 3583 seu
175 3545 315 3592 Rhagae
342 3547 422 3584 loco
438 3552 538 3593 erat,
557 3551 641 3585 tum
665 3549 764 3597 quod
793 3549 920 3596 Rhaga
940 3559 1015 3585 non
1049 3547 1170 3595 poluit
1196 3548 1267 3584 sita
1286 3556 1367 3584 esse
1391 3548 1534 3593 septem
1564 3542 1726 3581 schoenis
1747 3547 1830 3590 post
1857 3540 1989 3579 Mediae
2015 3539 2214 3586 Rhagianoe
2235 3536 2397 3573 initium.
2420 3538 2494 3572 Aut
2510 3535 2620 3581 igitur

89 3603 116 3644 ζ’
131 3610 312 3638 numerus
337 3606 535 3650 corruptus
550 3609 619 3650 est,
647 3607 712 3641 aut
730 3604 1006 3652 computandus
1028 3605 1085 3641 est
1108 3603 1154 3639 ab
1172 3602 1327 3650 oppido,
1349 3601 1457 3648 cujus
1472 3600 1612 3638 mentio
1631 3598 1769 3636 omissa
1788 3600 1857 3635 est.

139 3655 210 3701 (**)
234 3658 318 3702 I'ag.
343 3655 448 3704 25l§
474 3662 494 3696 8
510 3658 605 3696 adde
624 3659 750 3696 locum
773 3660 881 3696 Plinii
898 3662 964 3703 Vl,
992 3663 1030 3697 17
1055 3657 1155 3706 §43‚
1176 3658 1241 3695 ubi
1258 3658 1354 3695 inter
1370 3655 1503 3695 Mediae
1524 3654 1662 3703 oppida
1690 3655 1918 3691 memoratur
1948 3654 2122 3698 Apamea
2148 3647 2378 3693 Rhaqiana.
2400 3644 2614 3681 Choarenen

90 3711 179 3749 olim
197 3710 327 3748 Mediae
349 3713 361 3757 (
379 3712 576 3758 Rliagianae
593 3724 645 3751 sc..
664 3715 676 3761 )
703 3715 819 3753 fuisse
842 3717 1006 3753 testatur
1028 3714 1164 3752 Strabo
1185 3725 1223 3761 p.
1245 3717 1330 3752 514.

141 3766 230 3813 (“**)
252 3767 547 3814 Hecatompylon
570 3778 592 3804 a
609 3769 751 3816 Caspiis
770 3771 887 3816 portis
902 3770 1013 3808 distat
1038 3779 1112 3806 sec.
1136 3770 1426 3806 Eratosthenem
1443 3777 1504 3813 ap.
1528 3763 1650 3803 Strab.
1673 3775 1711 3811 p.
1740 3766 1808 3802 514
1826 3762 1922 3801 stad.
1942 3764 2033 3799 1960
2057 3759 2117 3807 (si
2142 3759 2235 3796 bene
2269 3765 2441 3793 numerus
2465 3751 2630 3809 habet).-

90 3824 256 3861 Seriores
275 3833 364 3860 vero
388 3823 587 3870 scriptores
605 3825 814 3862 accuratius
829 3826 874 3863 de
898 3827 956 3863 his
973 3825 1185 3873 regionibus
1203 3825 1325 3863 edocti
1346 3823 1465 3861 multo
1490 3820 1673 3857 minorem
1705 3818 1920 3856 distantiam
1945 3815 2131 3863 produnt3
2147 3824 2230 3850 nam
2249 3809 2493 3869 Apollodorus
2511 3807 2613 3867 Arte-

88 3878 253 3916 mitenus
275 3888 334 3926 ap.
351 3879 476 3917 Strab.
495 3878 520 3916 l.
544 3878 569 3915 l.
600 3889 666 3926 pro
694 3883 785 3918 1960
804 3881 914 3919 affert
932 3879 980 3919 st'.
1018 3886 1132 3926 1260,
1153 3891 1238 3927 qnae
1262 3879 1308 3917 ad
1328 3875 1572 3924 Damaqlzan
1604 3874 1816 3921 pertinem3
1841 3871 1981 3910 Plinius
1998 3872 2062 3915 Vl,
2089 3872 2128 3905 17
2149 3866 2171 3914 ὅ
2190 3869 2233 3902 44
2254 3863 2398 3901 nonniS!
2427 3864 2491 3897 133
2516 3859 2607 3897 fflffl·

89 3932 203 3979 (1004
230 3935 294 3980 st.)
313 3935 528 3981 computem
552 3933 599 3971 ad
625 3933 784 3972 Plinium
803 3937 970 3983 proxime
985 3936 1128 3974 accedit
1149 3937 1390 3974 Ptolemaeus
2440 3972 2446 3978 .
2560 3969 2567 3977 .

139 3989 260 4036 (****)
276 3989 335 4027 Sic
346 3992 467 4027 Moses
480 3989 729 4027 Chorenensis
747 3990 841 4028 Hist.
859 3994 1022 4035 Arm.11‚
1041 3997 1061 4028 2
1079 3997 1125 4029 65
1143 3991 1440 4038 Hecatompylon
1454 3987 1568 4025 situm
1584 3984 1674 4022 dicit
1686 3985 1721 4022 in
1737 3984 1883 4031 regione
1902 3984 2132 4020 caseorum,
2157 3975 2255 4024 quod
2277 3974 2322 4010 de
2343 3975 2539 4010 Comsssene
2559 3978 2634 4006 ¹¹1·-

92 4043 337 4092 telligendum
362 4055 442 4082 esse
462 4044 705 4093 probabiliter
724 4045 1120 4085 statuitSanticrucins
1146 4047 1172 4083 l.
1194 4047 1218 4084 l.
1243 4057 1278 4094 p.
1299 4049 1359 4083 96.
