2808 4342
289 354 781 436 ΑΡΡΙΑΝΟΥ
840 339 1358 423 ΕΠΙΣΤΟΛΗ

2739 268 2758 284 r
2740 223 2767 258 γ’
2746 45 2790 186 435⁶.

1640 339 2614 439 ARRIANLEPISTOLA
2708 306 2747 463 ·

200 484 430 611 ΠΡΟΣ
455 529 1437 616 TPAlANON[AAP1ANON]‚
1506 533 1623 600 An
1670 521 2770 609 TRAJANUM[ADR1ANUM]‚

653 696 734 740 BN
774 696 827 739 112
866 694 971 738 ul

314 838 668 889 ΠΕΡΙΠΔΟΥΣ
703 834 1014 885 ΕΥΞΕΙΝΟΥ
1047 835 1317 884 ΠΟΝΤΟΥ.

197 1118 538 1158 ΔΥΤΟΚΡΑΤΟΡῘ
579 1117 786 1154 ltaliam
825 1115 1060 1151 ‘fulsum
1089 1114 1322 1152 Ammoi
1365 1115 1443 1152 ΣΕ-

465 1187 634 1224 ΒΔΣΤΩι
662 1185 912 1222 ΑΡΡῙΑΝΟΣ
940 1184 1168 1221 ulmam.

264 1336 300 1367 1.
338 1321 410 1372 Εἰς
436 1320 740 1381 Τραπεζοῦντα
761 1315 943 1375 ἥκομεν,
972 1314 1091 1361 πόλιν
1114 1313 1364 1373 Ἑλληνίδα,
1388 1317 1443 1367 ὥς

196 1389 308 1450 λέγει
324 1392 344 1433 ὁ
373 1389 567 1450 Ξενοφῶν
593 1387 744 1437 ἔκεῖνος
758 1419 772 1444 ,
793 1384 862 1431 ἐπὶ
880 1384 1062 1446 θαλάττῃ
1086 1382 1319 1448 ᾠκισμένην
1333 1418 1345 1440 ,
1369 1385 1443 1431 Σι·

197 1458 369 1504 νωπέων
398 1457 584 1503 ἄποικον.
656 1454 743 1502 Καὶ
775 1454 849 1509 τὴν
898 1452 972 1513 μὲν
1011 1453 1225 1504 θάλασσαν
1261 1452 1336 1508 τήν
1369 1457 1440 1499 τοῦ

198 1526 392 1581 Εὐξείνου
425 1525 596 1586 ἄσμενοι
619 1523 890 1584 κατείδομεν,
930 1521 1102 1585 ὅθενπερ
1141 1521 1213 1568 καὶ
1243 1523 1441 1586 Ξενοφῶν

159 1614 180 1643 s
197 1597 350 1648 ἐκεῖνος
363 1593 435 1641 καὶ
457 1592 524 1640 σύ.

261 1682 299 1712 2.
338 1663 424 1712 Καὶ
440 1665 477 1710 οἱ
498 1661 635 1725 βωμοὶ
652 1663 870 1708 ἀνεστᾶσιν
887 1660 967 1717 ἤδη
982 1696 995 1719 ,
1016 1659 1131 1706 λίθου
1149 1658 1290 1720 μέντοι
1308 1677 1357 1721 γε
1371 1663 1442 1706 τοῦ

198 1733 397 1796 τραχέος,
421 1730 492 1779 καὶ
515 1731 568 1777 τὰ
586 1729 819 1793 γράμματα
850 1728 918 1775 διὰ
944 1732 1064 1775 τοῦτο
1083 1730 1157 1774 οὐκ
1188 1727 1343 1785 εὔδηλα
1373 1747 1443 1774 κε-

138 1812 142 1816 ’
199 1802 424 1864 χάρακται·
449 1800 497 1846 τὸ
533 1799 576 1846 δὲ
595 1796 843 1855 Ἑλληνικὸν
880 1797 1128 1860 ἐπίγραμμα
1151 1797 1223 1842 καὶ
1245 1801 1442 1860 ἡμαρτη-

202 1871 334 1930 μένως
372 1870 629 1958 γέγραπται,
674 1861 743 1915 οἶα
779 1867 829 1923 δὴ
879 1866 959 1912 ὑπὸ
1007 1865 1228 1929 βαρὸάρων
1269 1866 1439 1929 γραφέν.

140 1958 182 1989 ιο
199 1936 402 2001 Ἔγνωκα
429 1957 498 1984 ουν
520 1938 614 1991 τούς
642 1956 687 1984 τε
719 1935 883 1999 βωμοὺς
908 1934 1022 1982 λίθου
1044 1936 1191 1981 λευκοῦ
1227 1936 1440 1981 ἀναθεῖναι

202 2009 275 2055 καὶ
296 2008 348 2055 τὰ
371 2007 675 2072 ἐπιγράμματα
698 2004 925 2069 ἐγχαράξαι
959 2003 1150 2065 εὐσήμοις
1187 2011 1271 2058 τοῖς
1302 2004 1444 2068 γράμ-

208 2098 352 2140 μασιν.
419 2077 475 2126 ‘O
507 2076 582 2139 μὲν
617 2076 696 2139 γὰρ
720 2075 886 2139 ἀνδριὰς
916 2074 1087 2132 ἕστηκεν
1126 2078 1148 2121 ὁ
1183 2074 1250 2127 σὸς
1279 2077 1339 2138 τῷ
1370 2074 1444 2135 μὲν

203 2148 391 2211 σχήματι
407 2146 549 2204 ἡδέως·
570 2146 835 2192 ἀποδείκνυσι
858 2143 937 2207 γὰρ
958 2144 1033 2201 τὴν
1058 2143 1279 2191 θάλατταν·
1303 2143 1378 2200 τὴν
1401 2144 1443 2190 δὲ

203 2218 401 2281 ἐργασίαν
417 2214 508 2262 οὔτε
537 2214 674 2275 ὅμοιός
697 2233 759 2261 σοι
780 2212 874 2266 οὕτε
899 2214 1034 2266 ἄλλως
1055 2212 1192 2265 καλός·
1216 2212 1324 2259 ὥστε
1338 2213 1444 2274 πίμ-

147 2302 184 2331 us
204 2290 280 2350 ψον
304 2285 528 2350 ἀνδριάντα
553 2283 663 2339 ἄξιον
699 2281 1027 2343 ἐπονομάζεσθαι
1062 2280 1133 2327 σὸν
1164 2282 1205 2327 ἕν
1238 2283 1298 2345 τῷ
1333 2283 1445 2345 αὐτῷ

202 2354 336 2418 τούτῳ
353 2353 556 2417 σχήματι·
580 2352 627 2399 τὸ
642 2351 722 2415 γὰρ
745 2350 897 2415 χωρίον
918 2350 1250 2407 ἐπιτηδειότατον
1272 2351 1328 2403 εἰς
1344 2350 1447 2411 μνή-

203 2443 286 2485 μην
310 2423 490 2470 αἰώνιον.
1338 2427 1340 2431 ’

267 2511 306 2542 ³.
344 2492 580 2551 Πεποίηται
604 2491 647 2538 δὲ
676 2490 749 2537 καὶ
783 2493 804 2537 δ
824 2488 933 2543 νεὼς
954 2489 1070 2536 λίθου
1092 2488 1351 2554 τετραγώνου
1368 2524 1381 2551 ,
1402 2492 1446 2536 οὗ

205 2565 374 2628 φαῦλος·
406 2562 515 2609 ἀλλὰ
551 2563 599 2608 τὸ
634 2564 708 2609 τοῦ
742 2559 900 2624 Ἑρμοῦ
932 2558 1105 2621 ἄγαλμα
1132 2558 1225 2606 οὔτε
1260 2563 1332 2606 τοῦ
1368 2557 1447 2606 νεὼ

143 2648 184 2677 20
207 2632 316 2686 ἄξιόν
340 2633 450 2679 ἐστιν
474 2629 565 2678 οὔτε
589 2633 714 2678 αὐτοῦ
747 2634 820 2676 τοῦ
842 2629 1012 2694 χωρίου.
1081 2631 1134 2677 Εἰ
1159 2628 1205 2675 δέ
1224 2647 1287 2675 σοι
1308 2629 1446 2686 δοκεῖ,

208 2702 371 2764 πέμψον
394 2721 462 2761 μοι
482 2701 715 2748 πεντάπουν
736 2700 920 2762 μάλιστα
942 2699 1102 2761 Ἑρμοῦ
1126 2698 1313 2760 ἄγαλμα·
1335 2699 1449 2755 τηλι-

263 2835 449 2889 Periplus
463 2835 531 2876 hic
549 2837 590 2876 in
611 2850 696 2876 uno
707 2843 838 2875 exstat
852 2834 995 2876 codice
1010 2833 1355 2888 Heidelbergense
1371 2834 1452 2887 398

211 2896 282 2938 ίοΙ.
309 2897 453 2946 30-40,
488 2911 538 2937 ex
572 2911 658 2951 qno
688 2898 849 2951 primus
878 2896 1010 2937 edidit
1031 2895 1318 2951 Sigismundus
1339 2896 1456 2938 Gele-

211 2959 305 3000 nius
325 2958 476 3012 (Basil.
499 2958 611 3014 apud
633 2957 903 3006 Frobenium,
926 2958 1072 3013 1533).
1099 2960 1247 2999 Denuo
1270 2957 1454 2999 codicem

210 3022 388 3063 excussit
410 3018 647 3063 Fridericus
668 3020 847 3062 Jacobus
867 3020 1027 3061 Bastius
1064 3021 1079 3072 (
1096 3020 1278 3074 Epistola
1315 3022 1456 3062 critica

210 3098 254 3140 p.
273 3083 326 3125 35
346 3093 439 3139 sqq.v
457 3083 500 3124 in
516 3084 704 3125 versione
718 3082 845 3125 latina
860 3080 1157 3136 Wiedeburgi,
1178 3083 1292 3137 Lips.
1315 3085 1453 3137 1809),

141 3178 148 3187 .
210 3160 287 3188 nec
307 3159 394 3188 non
417 3146 504 3202 ipse
527 3161 605 3202 ego
620 3145 776 3188 librum
798 3145 851 3187 ab
871 3143 1181 3186 humanissimis
1199 3143 1456 3186 bibliothecae

211 3207 570 3264 Heidelbergensis
589 3207 791 3266 praesectis
812 3208 855 3249 in
873 3206 982 3249 hanc
1002 3205 1148 3248 urbem
1173 3206 1455 3248 transmissum

212 3270 401 3313 adhibui.

275 3332 372 3389 Ἀδρ
387 3333 528 3375 ιανὸν
555 3334 570 3390 ]
593 3348 679 3375 om.
700 3331 847 3375 codex.
869 3331 1038 3388 Trajani
1054 3343 1207 3373 nomen
1224 3328 1457 3372 Hadrianus

216 3397 439 3452 imperator
457 3396 651 3438 assumsit
664 3395 717 3437 ab
731 3411 781 3437 eo
797 3396 869 3451 qui
884 3393 1151 3451 adoptaverat
1170 3391 1232 3435 vel
1243 3391 1457 3450 adoptasse

215 3457 473 3499 credebatur.
493 3458 556 3499 Cf.
575 3458 814 3499 Tillemont.
831 3457 951 3499 Hise.
971 3455 1016 3499 d.
1040 3470 1147 3514 emp.
1166 3457 1224 3508 n,
1239 3469 1285 3513 p.
1311 3468 1409 3511 219.
1436 3458 1452 3511 ΙΙ

214 3542 270 3551 --
296 3532 332 3560 1.
364 3519 434 3568 εἰς
458 3521 674 3576 Τραπεζ.
696 3521 902 3576 ἥκομεν.
929 3519 1168 3576 Abruptum
1189 3517 1269 3561 hoc
1292 3518 1457 3560 initium

218 3580 375 3621 facilem
399 3581 713 3638 explicationem
744 3582 869 3625 habet
899 3597 948 3625 ex
982 3596 1033 3624 eo
1046 3613 1058 3634 ,
1093 3578 1209 3638 quod
1243 3594 1326 3623 una
1361 3594 1456 3623 cum

216 3654 347 3695 graeca
369 3651 506 3684 nostra
533 3644 702 3700 epistola
727 3647 927 3687 Arrianus
945 3643 997 3686 ad
1033 3645 1323 3701 imperatorem
1348 3643 1458 3685 misit

217 3701 355 3745 literas
384 3703 554 3755 latinas,
591 3707 631 3746 in
662 3707 814 3761 quibus
842 3707 1059 3763 praesectus
1101 3703 1371 3763 Cappadocia?
1405 3704 1458 3747 dc

217 3764 390 3808 oonsilio
408 3780 456 3808 ac
474 3768 634 3807 ratione
652 3771 775 3809 totius
803 3770 960 3811 itineris
985 3769 1120 3825 deque
1136 3769 1280 3811 ceteris
1297 3781 1389 3823 quae
1404 3766 1454 3809 ad

217 3826 398 3883 praefecti
428 3842 581 3871 munus
599 3831 877 3885 pertinerent,
906 3847 955 3873 ex
982 3831 1121 3873 officio
1150 3831 1325 3873 dixerat.
1346 3829 1456 3872 con-

222 3898 464 3932 sentaneum
484 3905 583 3933 vero
610 3900 670 3933 est
694 3894 917 3934 Arrianum
954 3896 994 3935 in
1019 3893 1220 3936 orientiali
1250 3906 1334 3935 suae
1361 3905 1457 3949 pro-

221 3953 363 3993 vincia:
381 3962 497 4009 parte
527 3968 611 3995 non
645 3953 771 3997 modo
802 3956 1004 3996 maritima
1021 3987 1032 4006 ,
1064 3954 1134 3997 sed
1159 3954 1455 3997 mediterranea

222 4028 387 4070 quoque
409 4015 496 4058 loca
521 4016 687 4068 obiisse,
709 4025 754 4059 ut
774 4017 934 4059 castella
953 4027 992 4058 et
1025 4016 1213 4073 pra-sidia
1235 4016 1290 4058 ibi
1310 4024 1454 4058 contra

223 4076 464 4132 impendens
482 4079 535 4121 ab
552 4079 724 4123 Albanis
754 4080 906 4123 bellum
929 4081 1109 4123 muniret
1145 4089 1185 4123 et
1212 4081 1447 4122 instrueret.

1889 692 1958 734 m
1986 692 2125 752 Qus,
2159 692 2377 735 erma

1730 827 2031 877 PEmPLus
2064 827 2254 876 PONTI
2289 826 2524 876 mmm.

2003 1000 2261 1021 ——-·-——

1512 1120 1815 1154 munu'om
1835 1121 2022 1154 CAESARI
2042 1119 2265 1154 'rmtuuo
2282 1119 2503 1155 annuae
2529 1119 2751 1155 AUGUSTO
2775 1102 2778 1142 ζ

1970 1196 2218 1229 annianus
2251 1196 2292 1229 S.

1573 1338 1611 1366 1.
1648 1326 1953 1382 Trapezuntem
1990 1326 2279 1382 pervenimus,
2318 1325 2493 1375 urbem,
2535 1333 2582 1367 ut
2618 1326 2753 1368 Xeno-

1512 1392 1626 1448 phon
1660 1393 1725 1435 ille
1755 1394 1890 1449 inquit
1927 1394 2100 1445 (Anah.
2122 1396 2164 1444 4,
2186 1396 2227 1443 8,
2261 1392 2386 1450 am),
2411 1394 2615 1445 Graeeam,
2651 1394 2754 1436 mari

1513 1461 1823 1513 imminentem,
1862 1462 2156 1518 Sinopensium
2189 1461 2409 1504 coloniam.
2470 1464 2608 1518 Atque
2644 1476 2773 1504 mare

1513 1530 1725 1571 Euxinum
1749 1543 1912 1571 summa
1938 1544 2035 1571 cum
2064 1529 2271 1586 voluptate
2291 1530 2584 1586 conspeximus
2605 1529 2751 1573 eodem

1513 1612 1563 1638 ex
1597 1597 1715 1648 loeo,
1739 1596 1853 1639 unde
1878 1598 2115 1654 Xenophon
2138 1611 2308 1653 quoque
2336 1605 2376 1639 et
2409 1605 2472 1640 tu.
2776 1639 2777 1642 ,

1569 1677 1610 1706 a.
1644 1665 1844 1720 stantque
1879 1665 1936 1706 ibi
1960 1663 2046 1720 jam
2076 1678 2157 1707 arae
2180 1673 2350 1716 erectae,
2375 1679 2426 1707 ex
2450 1680 2597 1723 aspero
2618 1675 2755 1712 tamen

1513 1746 1647 1803 lapide
1663 1778 1675 1798 ,
1697 1760 1784 1803 quo
1805 1746 1851 1794 fit
1871 1754 1917 1788 ut
1936 1746 2063 1788 literae
2084 1746 2162 1788 illis
2187 1746 2326 1789 incisae
2348 1747 2486 1790 minus
2507 1758 2755 1806 appare-nn

1513 1835 1708 1884 praeterea
1737 1828 1882 1871 Graeoe
1908 1828 2123 1884 inscriptio
2146 1828 2291 1870 vitiose
2313 1835 2476 1871 exarata
2498 1837 2574 1883 est,
2612 1838 2757 1889 utpote

1513 1926 1537 1953 a
1555 1911 1740 1954 barbaris
1757 1910 1975 1954 delineata.
2034 1912 2166 1954 Statui
2189 1912 2317 1967 igitur
2338 1920 2379 1955 et
2398 1925 2489 1955 aras
2510 1912 2605 1956 albo
2623 1913 2787 1972 lapids

1514 1994 1728 2047 dedicare,
1746 2004 1787 2037 et
1810 1996 2100 2052 inscriptiones
2118 1996 2349 2053 perspicuis
2363 1996 2491 2039 literis
2509 1998 2757 2056 insculpoee.

1514 2079 1646 2119 Porro
1666 2077 1832 2132 signum
1849 2085 1969 2119 tuum
1991 2076 2136 2119 habitu
2149 2076 2319 2133 quidem
2334 2086 2396 2120 est
2407 2077 2628 2134 jucundo;
2646 2094 2763 2124 mare
2779 2072 2794 2115 ‘s

1513 2157 1625 2199 enim
1645 2165 1847 2200 monstrat
1863 2173 1875 2209 ;
1895 2157 1968 2200 sed
1983 2171 2108 2214 opere
2124 2171 2259 2214 neque
2270 2158 2415 2202 similis
2429 2160 2492 2202 tui
2511 2174 2648 2217 neque
2662 2161 2762 2205 alias
2781 2163 2799 2214 ⁴42

1515 2237 1692 2292 elegans.
1737 2239 1894 2291 'Quare
1915 2238 2053 2280 mittas
2074 2246 2252 2280 statuam
2271 2237 2441 2294 dignam
2470 2253 2564 2298 quae
2584 2249 2661 2285 tuo
2683 2257 2760 2299 ne·
2789 2231 2803 2293 '5'

1518 2320 1629 2361 mine
1658 2318 1902 2376 appelletur,
1938 2318 2019 2361 hoe
2050 2318 2197 2362 eodem
2220 2321 2408 2377 corperis
2439 2320 2616 2366 habitu:
2646 2322 2763 2369 loeus
2780 2298 2804 2316 ,

1520 2407 1631 2448 enim
1651 2405 1705 2448 ad
1725 2408 1936 2449 memoriae
1956 2408 2224 2450 aeternitatem
2245 2408 2363 2451 valde
2380 2409 2732 2457 accommodatus.
2797 2414 2802 2417 ’

1577 2494 1616 2534 3.
1648 2493 1871 2550 Templum
1889 2507 2055 2549 quoque
2073 2494 2131 2535 ibi
2146 2503 2402 2537 exstructum
2416 2503 2478 2539 est
2493 2509 2543 2539 ex
2558 2496 2770 2553 quadrato*
2780 2489 2782 2494 ¹
2794 2480 2798 2486 η’

1518 2560 1677 2617 lapide,
1715 2561 1831 2604 haud
1862 2561 2216 2605 contemnendum
2240 2577 2345 2620 opus
2358 2579 2370 2615 ς
2399 2572 2443 2606 at
2462 2565 2661 2607 Mercurii
2681 2572 2772 2609 sto-1
2796 2584 2797 2587 ¹

1518 2639 1591 2673 tua
1606 2646 1739 2688 neque
1751 2631 1894 2674 fanum
1909 2647 2043 2689 neque
2058 2633 2195 2675 locum
2212 2633 2330 2676 illum
2345 2632 2477 2677 decet.
2538 2637 2627 2690 Qu·
2661 2635 2673 2647 ⁰
2708 2656 2718 2670 ι

1519 2700 1552 2740 si
1590 2701 1645 2741 ita
1666 2700 1742 2741 tibi
1766 2699 1969 2753 videatur,
2001 2699 2115 2757 aliud
2142 2701 2242 2743 mihi
2271 2702 2471 2744 Mea-cmii
2492 2704 2572 2745 sim
2758 2694 2803 2794 3³

1521 2835 1557 2875 E
1580 2832 1890 2876 mediterraneis
1917 2834 2064 2889 igitur,
2092 2835 2260 2877 sortasse
2292 2851 2343 2878 ex
2377 2837 2576 2881 Armenia
2602 2838 2679 2881 ιιι·
2701 2860 2708 2873 ·
2731 2835 2799 2882 »εἰ

1526 2895 1539 2951 (
1565 2910 1656 2951 quae
1679 2904 1779 2938 tunc
1807 2911 1902 2953 pars
1921 2906 2007 2939 erat
2037 2897 2308 2954 Cappadociae
2345 2900 2569 2955 provincie
2588 2902 2630 2957 ),
2774 2909 2802 2967 i

1520 2959 1839 3015 Trapezuntem.
1871 2960 2063 3003 Ceterum
2082 2975 2121 3002 ν.
2151 2960 2459 3016 Prolegomena.
2480 2962 2498 3018 ΙΙ
2519 2962 2734 3006 -ὲα.Ξιν
2791 2959 2803 3010 ¹J*

1524 3020 1757 3077 ἐκεῖνος]
1789 3023 1905 3077 quasi
1937 3022 2045 3065 alter
2075 3022 2142 3064 ille
2174 3023 2412 3081 Xenophon,
2441 3023 2504 3066 vel
2534 3022 2714 3080 Ξενοφῶν
2739 3024 2771 3068 ὁ·
2800 3016 2804 3020 ’

1523 3083 1786 3140 πρεσὸὗτερος,
1801 3087 1880 3139 ιιις
1898 3097 1945 3140 17
1957 3085 2029 3135 ait,
2047 3099 2177 3141 quum
2194 3086 2280 3142 ipse
2296 3085 2495 3127 Arrianus
2510 3098 2553 3127 se
2566 3092 2760 3142 tanquam

1518 3144 1730 3199 juniorem
1740 3147 2062 3201 Xenophontem
2077 3146 2232 3201 jactare
2244 3145 2383 3187 soleat.
2405 3147 2422 3201 ΙΙ
2437 3145 2760 3191 -Σινωπίων
2806 3184 2808 3186 .

1524 3205 1583 3249 ἀπ
1597 3207 1624 3262 ]
1639 3206 1701 3248 Cf.
1720 3205 1895 3248 Diodor.
1912 3209 2029 3258 XIV,
2047 3209 2113 3256 3ο,
2131 3209 2153 3248 3
2172 3210 2212 3259 (e
2228 3207 2642 3263 XenophonteIV‚8,
2659 3210 2730 3266 aa)
2747 3223 2760 3255 z
2802 3246 2803 3251 ,

1523 3269 1794 3324 Τραπεζοῦντα
1807 3269 1919 3311 πόλιν
1944 3268 2173 3323 Ἑλληνίδα,
2193 3270 2396 3312 Σινωπίων
2411 3269 2478 3326 μὶν
2490 3270 2652 3315 ἄποικον
2669 3272 2744 3317 κτλ
2760 3307 2763 3311 -

1522 3333 1581 3373 St.
1610 3333 1707 3387 Byr..
1737 3344 1746 3372 :
1778 3331 2027 3387 Τραπεζοῦς..
2064 3332 2267 3373 Σινωπέων
2290 3332 2468 3385 ἄποικος,
2490 3331 2670 3377 ὃκαλεΐτο
2741 3339 2758 3365 s

1523 3390 1691 3445 Οῖζηνίς.
1715 3394 1901 3435 Gna-cam
1936 3393 2082 3435 urbem
2103 3403 2251 3450 pra-ter
2271 3394 2478 3451 Scylacem
2501 3404 2620 3439 vocat
2637 3404 2678 3439 et
2733 3442 2738 3451 ,

1524 3453 1672 3497 Strabo
1690 3456 1788 3506 xn,
1811 3470 1852 3512 p.
1878 3457 1975 3506 548.
2000 3458 2220 3512 Perperam
2250 3458 2471 3499 Pausanias
2488 3459 2607 3510 vm,
2625 3472 2696 3516 ²7·
2726 3472 2754 3508 2„
2798 3503 2800 3507 ,

1524 3517 1645 3559 Ponti
1670 3517 1816 3559 urbem
1836 3518 2162 3574 aTrapezuntiis
2180 3517 2366 3561 Arcadia:
2388 3518 2601 3564 conditam

1524 3582 1586 3620 Dc
1615 3580 1717 3622 urbe
1736 3581 1947 3622 notissima
1964 3580 2091 3623 multa
2111 3589 2152 3623 et
2168 3590 2322 3625 veteres
2342 3590 2382 3624 et
2397 3583 2644 3627 recentiores
2670 3607 2675 3619 ·
2732 3584 2744 3633 s
2787 3599 2800 3621 ·:

1523 3642 1637 3694 bcnt,
1668 3657 1760 3699 qua:
1786 3642 1952 3686 laudare
1977 3642 2170 3701 putidum
2198 3644 2265 3687 sit.
2305 3646 2321 3701 ΙΙ
2346 3668 2404 3678 -
2427 3646 2467 3688 5.
2485 3645 2569 3688 καὶ
2591 3645 2676 3705 αὖ]
2719 3661 2756 3673 ·’
2782 3670 2800 3702 Q

1523 3720 1607 3761 quo
1640 3714 1826 3763 tempore
1844 3707 2077 3763 provincias
2110 3707 2214 3750 obiit
2235 3707 2497 3759 Hadrianum
2522 3717 2610 3752 tum
2638 3723 2663 3752 e
2716 3737 2717 3741 =
2807 3735 2808 3745 2

1523 3782 1611 3808 aras
1631 3767 1731 3819 illas,
1756 3783 1857 3826 quas
1881 3767 2083 3812 Arrianus
2104 3777 2320 3821 memorat,
2348 3770 2560 3826 ponendas
2575 3770 2596 3828 j
2634 3803 2650 3807 ψ
2676 3800 2689 3806 -f
2712 3819 2725 3827 .
2786 3778 2795 3782 ‘

1529 3828 1644 3872 Idem
1680 3831 1784 3874 valet
1824 3831 1878 3874 de
1929 3831 2084 3889 templo
2133 3831 2347 3884 Mercurii,
2395 3833 2463 3874 cui
2499 3832 2629 3890 junge
2676 3859 2681 3868 ·
2703 3858 2706 3865 ·

1528 3901 1642 3945 tum,
1681 3909 1803 3950 quem
1836 3894 1991 3937 ibidem
2023 3893 2260 3937 Hadrianus
2298 3897 2515 3947 exstruxit,
2552 3905 2653 3940 teste
2704 3887 2725 3899 ⁷
2802 3898 2808 3954 ξ

1527 3956 1644 3997 riano
1671 3958 1782 4011 §23·
1813 3957 1999 3999 Omnino
2027 3958 2253 4014 Trapezus,
2288 3970 2418 4013 quum
2455 3966 2550 4000 ante
2583 3959 2642 4000 i·
2664 3980 2669 3992 ·
2692 3968 2709 3990 ι’
2768 4011 2770 4013 ,
2802 3957 2808 3976 ’·

1524 4019 1725 4075 oppidum
1755 4020 1910 4072 suisset,
1941 4010 2155 4077 Hadriani,
2178 4018 2372 4078 operibus
2400 4028 2518 4063 aucta
2548 4019 2691 4078 ⁸p1»·

1522 4082 1659 4137 coepit.
2764 4086 2766 4091 ’
