2808 4342
729 121 770 165 O

220 195 310 237 484

282 304 358 335 iss.
394 284 494 332 Ἀπὸ
515 263 842 343 Ἁᾯροδισιάδος,
878 279 926 323 ἐκ
952 279 1034 322 τῶν
1065 274 1286 334 εὐωνύμων
1321 273 1458 336 ἔχοντι

216 357 292 413 τὴν
318 356 605 406 Πιτυοῦσσαν,
631 347 698 394 ἐπὶ
723 346 878 411 πύργον
901 343 1087 404 κείμενον
1111 342 1212 406 πρὸς
1245 342 1403 405 ἄκραν,
1427 343 1457 399 ἦ

195 420 564 487 ·προσονομα’ζεται
588 415 812 480 Ζεφύριον,
834 412 992 460 στάδιοι
1010 413 1071 472 μ’·
1089 411 1175 458 ἀπὸ
1189 410 1233 458 δὲ
1252 414 1325 468 τῆς
1344 413 1456 473 Σαρ·

215 493 413 549 πηδονίας
435 490 565 550 ἄκρας
589 490 644 538 είς
668 482 955 546 Ἀφροδισιάδα
977 484 1000 527 ὁ
1020 482 1149 535 πλοῦς
1177 480 1354 527 σταδίων
1378 480 1456 543 ρκ’.

281 577 355 609 tas.
389 558 445 604 ‘H
468 556 510 603 δὲ
532 551 789 617 Ἀφροδισυὶς
821 556 958 597 κεῖται
977 549 1147 611 ἔγγιστα
1177 553 1260 608 τῆς,
1284 549 1458 614 Κύπρου

215 630 316 694 πρὸς
335 629 511 689 Ἀχαιῶν
542 622 697 680 ἀκτὴν,
724 619 819 685 [ἐφ’
850 618 935 684 ἣν]
958 619 1068 665 κατὰ
1103 618 1296 683 πρύμναν
1321 619 1456 683 ἔχοντι

214 700 266 746 τὰ
286 697 392 758 μέρη
411 698 486 749 τῆς
505 692 657 753 ἄρκτου
677 690 835 736 στάδιοι
857 688 915 752 φ’.
1063 747 1068 751 ⁴

278 781 350 811 187.
387 761 487 810 Ἀπὸ
513 758 818 824 Ἀφροδισιάδος
841 757 910 803 ἐπὶ
928 756 1081 820 χωρίον
1100 757 1355 819 καλούμενον
1382 757 1457 804 Κί-

214 853 329 899 φισον
350 831 511 879 στάδιοι
525 829 603 877 λε’.

158 924 196 955 ιο
279 919 353 950 iss.
386 900 487 948 Ἀπὸ
525 897 714 949 Μέλανος
749 900 938 956 ποταμοῦ
975 893 1044 941 ἐπὶ
1078 894 1210 958 ἄκραν
1250 895 1461 958 Κραυνοὶις

215 972 375 1017 στάδιοι
398 968 460 1030 μ’.

213 1158 273 1191 tos
299 1149 350 1198 45
379 1143 608 1191 stadiorum
631 1146 778 1186 itinere
796 1143 1040 1185 devenimus
1065 1142 1149 1184 sere
1165 1141 1218 1184 ad
1241 1141 1343 1183 hod.
1364 1157 1463 1199 por-

214 1220 257 1251 to
297 1208 505 1251 Camliere
519 1226 534 1257 ,·
570 1208 659 1249 haec
695 1207 820 1260 igitur
850 1204 955 1246 soret
991 1203 1263 1260 Aphrodisias
1305 1212 1460 1245 nostra.

213 1275 322 1315 Hinc
335 1272 424 1314 aliis
446 1274 501 1321 40
517 1270 659 1312 stadiis
680 1268 912 1310 deserimur
926 1266 979 1309 ad
999 1266 1252 1323 Zephyrium
1267 1280 1465 1323 promon-

213 1336 370 1378 torium
397 1335 483 1376 sive
518 1337 627 1390 Capo
664 1330 887 1374 canalia-e.
926 1328 1033 1371 Inde
1068 1330 1221 1370 iterum
1252 1332 1306 1379 40
1334 1327 1464 1369 stadia

213 1406 311 1440 sunt
328 1397 386 1440 ἔπ’
403 1397 522 1452 άιιραν
542 1396 608 1437 καὶ
630 1394 745 1437 πόλιν
780 1392 1046 1449 Ἀφροδισιάδα
1059 1424 1071 1443 ,
1099 1405 1190 1447 quae
1212 1391 1418 1448 pertinent
1441 1405 1465 1431 a

217 1463 326 1518 Cape
351 1458 562 1501 Caralim
600 1457 769 1499 boream
808 1469 972 1505 versus,
1007 1453 1080 1495 ubi
1111 1454 1155 1494 in
1181 1454 1329 1494 intimo
1350 1454 1465 1494 sinus

212 1536 377 1564 recessu
398 1520 451 1562 ad
473 1519 576 1563 hod.
600 1518 821 1575 Popadula
843 1518 974 1558 ruinae
997 1514 1314 1572 Aphrodisiadis
1350 1515 1464 1556 urbis

213 1590 450 1639 supersunt.
473 1582 594 1623 Ratio
619 1581 707 1622 haec
725 1594 801 1636 per
830 1593 873 1620 se
892 1578 995 1620 nihil
1026 1578 1149 1620 habet
1174 1592 1260 1633 quo
1278 1577 1464 1619 offenda·

214 1660 325 1687 mur.
350 1645 458 1687 Fieri
482 1644 592 1685 enim
610 1643 746 1698 potuit
758 1673 769 1692 ,
787 1649 834 1682 ut
851 1640 953 1682 urbs
977 1639 1265 1696 Aphrodisias,
1283 1638 1335 1680 ad
1355 1640 1464 1681 occi·

214 1707 377 1750 dentale
387 1707 622 1749 chersonesi
636 1706 742 1747 latus
756 1705 904 1760 posita,
922 1703 1097 1745 alterum
1113 1702 1282 1744 haberet
1297 1711 1464 1758 portum

214 1772 256 1811 in
287 1770 475 1812 orientali
492 1769 619 1810 latere
650 1769 791 1816 situm,
818 1767 885 1807 cui
913 1774 954 1807 et
977 1766 1053 1821 ipsi
1073 1779 1225 1806 nomen
1255 1764 1464 1820 Aphrodi-

214 1832 339 1874 siadis
361 1840 481 1874 esset.
503 1834 636 1873 Porro
654 1844 785 1885 quum
801 1827 912 1884 apud
924 1827 1130 1884 Scylacem
1146 1827 1304 1883 legatur
1318 1841 1358 1882 p.
1379 1842 1430 1881 77
1451 1840 1461 1868 z

214 1894 335 1951 λιμὴν
364 1894 592 1951 Ἀφροδίσιος
624 1893 690 1934 καὶ
717 1890 837 1947 λιμὴν
865 1891 1009 1946 ἕτερος,
1037 1889 1173 1931 verbis
1190 1887 1310 1945 λιμὴν
1340 1890 1467 1944 ἕτερος

215 1958 390 2000 alterum
414 1954 730 2013 Aphrodisiadis
760 1962 927 2010 portum
948 1953 1103 2007 signari
1123 1950 1364 1994 credideris.
1393 1954 1467 1993 Est

217 2029 355 2062 tamen
375 2018 490 2076 quod
511 2018 814 2059 dubitationem
837 2023 1021 2065 moveat,
1053 2029 1102 2056 ac
1119 2013 1302 2055 turbatas
1336 2015 1376 2055 in
1397 2029 1465 2055 co-

216 2083 310 2125 dice
330 2082 547 2125 Stadiasini
576 2081 755 2121 rationes
786 2093 874 2119 oese
897 2077 1079 2119 suadeat.
1105 2077 1269 2117 Etenim
1299 2077 1332 2117 si
1361 2092 1383 2118 a
1403 2078 1467 2119 Pi-

218 2154 367 2202 tyussae
396 2144 654 2187 extremitate
691 2141 904 2195 (boreali,
939 2149 986 2182 ut
1013 2140 1093 2181 hoc
1125 2138 1350 2181 concedam
1375 2140 1387 2196 )
1412 2139 1464 2181 ad

220 2205 568 2263 Aphrodisiadem
594 2212 691 2245 sunt
713 2201 844 2243 stadia
864 2205 941 2252 40,
963 2201 1234 2255 consequitur
1249 2214 1367 2251 eum,
1393 2203 1465 2256 qui

217 2270 270 2311 ab
306 2266 610 2324 Aphrodisiade
642 2264 694 2307 ad
734 2265 987 2320 Zephyrium
1022 2264 1252 2317 navigaret,
1290 2263 1465 2305 insulam

217 2334 335 2374 istam
362 2347 384 2372 a
401 2339 516 2385 tergo
539 2329 744 2370 habuisse.
772 2331 827 2368 At
845 2328 995 2368 Noster
1012 2325 1114 2367 dicit
1136 2328 1159 2379 S
1186 2325 1261 2368 185
1283 2338 1292 2366 τ
1311 2325 1386 2368 ἀπὸ
1409 2325 1465 2367 Ἀ-

216 2394 458 2449 φροδισιάδος
485 2392 534 2433 ἐκ
562 2393 652 2432 τῶν
677 2389 933 2445 εὐωνύμων
956 2388 1090 2444 ἔχοντι
1108 2386 1178 2439 τὴν
1207 2387 1463 2431 Πιτυοῦσσαν.

219 2454 380 2496 Deinde
400 2468 531 2510 quum
549 2452 658 2494 idem
682 2451 794 2493 dicat
822 2455 845 2505 S
872 2451 948 2494 185
970 2464 980 2492 ;
1007 2449 1065 2492 ἐπ’
1092 2450 1240 2506 ἄκρον
1273 2450 1338 2491 καὶ
1351 2451 1464 2493 πόλιν

222 2518 504 2575 Ἆφροσιδιάδα,
534 2530 694 2572 quaems
721 2529 912 2571 quaenam
935 2514 988 2554 sit
1010 2513 1108 2569 ἄκρα
1126 2514 1216 2554 ista.
1244 2512 1308 2554 Ad
1335 2514 1465 2569 ipsam

217 2581 363 2623 urbem
383 2580 493 2621 nulla
510 2586 656 2620 exstat.
686 2578 868 2631 Cogitat-i
893 2575 1063 2618 deberet
1089 2575 1143 2617 de
1169 2576 1314 2631 exigua
1337 2576 1466 2618 litoris

217 2644 457 2693 eminentia,
484 2656 575 2697 quae
597 2649 658 2682 est
689 2639 825 2682 media
845 2640 953 2680 inter
974 2638 1123 2679 urbem
1143 2646 1184 2679 et
1208 2641 1316 2695 Capo
1337 2642 1466 2680 Cava-

220 2704 330 2754 licre,
349 2703 391 2744 id
408 2713 544 2745 tamen
556 2717 703 2759 parum
723 2701 961 2758 probabile;
982 2702 1068 2743 imo
1082 2701 1258 2741 Veneris
1272 2714 1466 2756 promon-

218 2766 372 2807 torium
389 2765 441 2806 de
462 2767 687 2821 conspicuo
710 2768 818 2821 Capo
841 2764 1050 2805 Cavaliere
1067 2773 1109 2806 et
1133 2764 1284 2805 Noster
1309 2764 1465 2806 intelle·

218 2829 325 2870 xerit
346 2836 387 2869 et
405 2828 560 2869 Plinius
581 2829 637 2878 V,
659 2840 738 2868 22:
765 2826 1097 2868 Promontorium
1115 2835 1154 2868 ee
1170 2825 1368 2883 oppidum
1389 2830 1466 2868 Ve-

219 2890 343 2938 neris,
362 2905 388 2930 a
406 2904 485 2945 quo
504 2903 709 2945 proxume
732 2892 885 2944 Cyprus
909 2889 1061 2929 insula.
1088 2890 1276 2944 Denique
1308 2891 1349 2930 in
1377 2904 1465 2931 ver-

218 2952 284 2994 bis
304 2951 397 3007 πρδς
418 2949 487 3002 τὴν
522 2950 600 3006 ‘Aga
626 2949 801 2993 offendis.
820 2965 897 2989 vox
921 2951 1013 3004 πρὸς
1027 2982 1036 2999 ,
1062 2965 1185 3004 quam
1204 2965 1281 3005 pro
1298 2950 1363 3000 εἰς,
1386 2951 1462 3004 ἐπὶ,

221 3014 294 3062 ἕως
320 3014 470 3055 Noster
500 3026 584 3053 non
615 3011 718 3053 solet
756 3025 971 3066 usurpare.
1001 3015 1105 3064 Qum
1135 3026 1265 3066 quum
1289 3013 1342 3053 ita
1364 3014 1461 3065 sint,

222 3090 365 3118 vercor
381 3089 432 3116 ne
449 3089 665 3131 perperam
683 3073 778 3115 duae
801 3072 1124 3129 Aphrodisiades
1142 3073 1462 3127 distinguantur,

219 3154 267 3179 ac
286 3152 526 3195 persuasum
556 3146 617 3178 cst
642 3136 849 3178 turbatam
877 3135 1093 3177 Stadiasmi
1124 3137 1401 3178 narrationem
1425 3140 1464 3179 in

220 3202 326 3243 hanc
357 3198 639 3256 refingendam
663 3214 752 3249 esse
787 3199 1063 3241 sententiam:
1097 3201 1121 3253 S
1155 3201 1247 3245 184.
1275 3196 1464 3254 Ἀπὲχειῆ

219 3264 439 3307 Πιτυοῦσσα
456 3263 532 3306 ἀπὸ
548 3261 792 3320 Χερσονήσου
815 3265 884 3315 τῆς
899 3262 991 3318 πρὸς
1006 3265 1055 3319 τῇ
1073 3261 1190 3319 Μύλῃ
1210 3262 1383 3311 σταδίους
1403 3263 1461 3304 π’·

139 3336 144 3341 ·
220 3325 296 3370 ἀπὸ
328 3326 370 3369 δὲ
399 3330 467 3380 τῆς
493 3326 610 3382 ἄκρας
640 3328 708 3379 τῆς
738 3325 830 3382 πρὸς
852 3328 903 3382 τῇ
934 3324 1184 3381 Ἀφροδισιάόι
1206 3325 1379 3374 σταδίους
1406 3325 1468 3381 με’

222 3392 238 3443 (
254 3389 317 3431 vel
342 3403 353 3432 2
376 3389 452 3432 ἀπὸ
475 3388 516 3431 δὲ
535 3391 602 3442 τῆς
618 3388 857 3442 Πιτυούσσης
876 3387 939 3430 ἐπὶ
960 3386 1030 3440 τὴν
1047 3388 1165 3444 ἄκραν
1182 3385 1252 3440 τὴν
1270 3388 1362 3444 πρὸς
1389 3387 1462 3445 2²?-

223 3453 371 3494 στάδιοι
410 3452 472 3509 με’
487 3453 611 3508 ).”-
638 3455 662 3507 S
693 3452 787 3496 185.
828 3450 917 3494 ’Aah
942 3454 1009 3504 τῆς
1038 3450 1275 3503 Πιτυούσσης
1306 3449 1349 3492 lx
1388 3456 1464 3493 τῶν

224 3513 428 3570 εὗωνύμων
446 3515 580 3571 ἔχοντι
591 3514 662 3568 τὴν
678 3519 797 3569 νῆσον
815 3514 877 3558 ἰπὶ
894 3515 1040 3572 πύργον
1053 3516 1230 3572 κείμενον
1245 3513 1337 3570 πρὸς
1350 3515 1463 3572 ἄκρᾳ,

222 3577 248 3629 ἣ
266 3580 598 3634 προσονομάζεται
612 3579 808 3636 Ζεφύριον,
828 3580 980 3620 στάδιοι
1005 3578 1062 3635 μ’.
1097 3578 1187 3621 ’Aah
1206 3577 1247 3620 δὲ
1264 3580 1333 3620 τοῦ
1348 3577 1464 3633 Ζεφυ-

223 3638 307 3695 ρίου
323 3639 382 3681 ἐπ’
408 3641 526 3694 ἄκραν
554 3639 815 3696 Ἀφροδισιάδα
840 3642 990 3683 στάδιοι
1011 3640 1064 3682 λ’·
1093 3639 1169 3684 ἀπὸ
1192 3640 1233 3683 Bi
1253 3643 1320 3693 τῆς
1346 3639 1463 3695 ἄκρας

224 3699 288 3744 ἐπὶ
312 3702 428 3745 πόλιν
464 3701 725 3757 Ἀφροδισιάδα
748 3705 896 3746 στάδιοι
929 3703 986 3760 μ’.
1017 3705 1143 3746 Initio
1174 3705 1296 3759 §184
1327 3702 1460 3745 scriba

223 3763 300 3807 ἀπὸ
320 3762 596 3821 Ἀφροδισιάδος
613 3765 752 3815 dedit,
777 3766 889 3821 quod
911 3766 954 3807 id
974 3781 1126 3808 nomen
1141 3766 1330 3823 proxime
1346 3772 1461 3807 ante·

221 3823 408 3867 cedebat.
443 3825 569 3879 Quod
597 3827 741 3867 vitium
771 3828 812 3867 in
842 3826 987 3869 codice
1021 3836 1165 3870 nostro
1195 3826 1463 3884 perfrequens
1508 3824 1511 3828 ’

222 3897 299 3930 oet.
323 3890 415 3930 Jam
444 3888 572 3943 igitur
593 3888 694 3931 dicit
722 3898 868 3931 auctor
896 3890 1065 3932 boream
1100 3904 1240 3932 versus
1261 3904 1286 3932 a
1309 3888 1462 3947 boreali

222 3950 365 3992 insulae
383 3953 640 3993 extremitate
661 3950 714 3994 ad
729 3951 890 4008 Mylaru
898 3967 937 3994 111
960 3953 1252 3996 chersonesum
1271 3966 1359 3995 esse
1382 3960 1463 3994 sta-

224 4010 293 4054 dia
316 4015 384 4063 80,
403 4013 618 4059 meridiem
641 4028 783 4057 versus
800 4030 823 4057 a
842 4014 1100 4058 meridionali
1117 4016 1259 4059 insnlae
1272 4016 1463 4058 extremi-

1352 172 1637 220 ANONYMI

1589 278 1683 320 18⁵.
1703 263 1782 321 'Ab
1796 279 2120 336 Apamam-ae,
2131 282 2359 338 Pityusam
2375 297 2399 324 a
2413 284 2587 325 sinistras
2601 283 2772 329 habent}

1530 346 1660 388 usque
1695 331 1750 375 ad
1783 341 1945 376 turrem
1968 334 2036 377 ¹ad
2221 339 2404 380 utorium
2432 339 2630 394 positam,
2655 339 2771 396 quod

1531 397 1702 430 vocatur
1723 388 1999 454 Zephyrium,
2022 389 2156 433 stadia
2189 394 2270 443 4ος
2296 407 2321 435 a
2351 392 2610 450 Sarpedonio
2630 399 2771 448 autem
2793 404 2800 411 '

1529 451 1985 555 gffissffltpgg(puts31·ue
2012 442 2066 486 ad
2092 445 2441 547 Aphrodisiadem
2461 450 2666 504 navigatio
2690 459 2774 529 ⁸⁸⁹⁴.

1591 556 1685 597 186.
1715 553 1986 611 Aphrodisias
2004 556 2194 611 proxime
2210 555 2326 599 abest
2338 571 2363 599 a
2382 558 2508 616 Cypri
2528 560 2671 601 insulae
2684 568 2775 604 acte

1529 622 1778 667 Achaeorum
1792 654 1804 675 ,
1828 623 1880 665 ad
1904 638 2028 680 quam
2051 624 2235 667 boreales
2253 633 2389 681 partes
2410 640 2436 668 a
2455 628 2584 685 puppi
2603 628 2773 671 habenti

1529 700 1628 734 sunt
1648 692 1780 735 stadia
1804 694 1898 737 500.

1591 764 1686 818 187.
1718 762 1784 806 Ab
1803 762 2107 819 Aphrodisiade
2136 763 2188 805 ad
2208 764 2346 805 locum
2368 773 2407 805 ee
2416 765 2601 819 flentium
2622 766 2774 824 cephi-

1530 837 1623 871 sum
1639 831 1706 872 ve!
1721 831 1923 874 Melonem
1945 831 2104 875 dictum
2123 833 2252 875 stadia
2274 835 2343 875 35.

1592 900 1685 941 188.
1719 901 1753 941 A
1776 899 1938 941 Melane
1972 900 2101 942 fluvio
2123 901 2175 943 ad
2204 903 2391 943 Craunos
2418 886 2791 961 (Crunos.³)pro-'*

1532 967 1787 1008 montorium
1809 966 1939 1008 stadia
1959 971 2029 1017 40.

1531 1151 1614 1184 tate
1636 1158 1767 1199 usque
1805 1143 1857 1185 ad
1890 1143 2235 1200 Aphrodisiadem
2261 1160 2398 1187 acram
2429 1146 2505 1203 (C.
2541 1148 2775 1203 Comum>

1531 1205 1661 1248 stadia
1681 1207 1750 1256 45.
1776 1207 1851 1247 His
1866 1206 1918 1248 de
1937 1209 2022 1248 situ
2045 1207 2188 1249 insulae
2214 1208 2449 1263 praemissis,
2465 1206 2575 1251 redit
2587 1208 2642 1252 ad
2660 1224 2776 1267 para—

1531 1268 1588 1324 pli
1621 1270 1916 1320 narrationem,
1956 1284 2049 1326 quae
2075 1270 2117 1310 in
2158 1271 2416 1311 extremitate
2447 1270 2601 1313 boreali
2637 1273 2779 1316 insulae

1532 1331 1783 1375 substiterat:
1808 1334 1918 1374 Hine
1937 1334 2062 1387 igitur
2084 1336 2139 1383 40
2156 1331 2286 1374 stadia
2302 1342 2400 1374 sunt
2429 1331 2480 1375 ad
2499 1334 2748 1390 Zephyrium
2765 1367 2776 1387 ,

1532 1394 1647 1450 quod
1665 1395 1938 1451 qua-rendum
1958 1404 2020 1437 oet
2045 1396 2087 1437 in
2104 1397 2394 1452 promontorio
2415 1395 2468 1438 ad
2490 1396 2654 1441 boreale
2674 1398 2780 1444 latus
2806 1447 2808 1450 Α

1524 1456 1678 1517 portus
1703 1457 1927 1514 eumaem.
1949 1456 2053 1499 Inde
2075 1457 2127 1499 ad
2146 1460 2231 1516 cap
2252 1458 2461 1501 Camliere
2477 1460 2546 1510 30,
2573 1459 2627 1502 ab
2646 1474 2781 1518 eoque

1531 1518 1584 1559 ad
1623 1519 1769 1561 urbem
1803 1519 1936 1575 Aphr.
1980 1522 2035 1568 40
2066 1527 2164 1560 sunt
2185 1518 2330 1571 stadia,
2354 1534 2447 1576 quae
2468 1530 2675 1577 postrema
2692 1523 2781 1569 loca
2806 1527 2808 1560 ἶ

1533 1581 1638 1623 male
1654 1581 1788 1623 scriba
1807 1581 2014 1623 contraxit
2036 1581 2170 1623 verbis
2195 1595 2204 1623 :
2230 1581 2288 1624 ἐπ’
2319 1582 2439 1639 ἄκραν
2458 1583 2524 1625 καὶ
2537 1584 2652 1627 πόλιν
2677 1585 2777 1643 ²9?-
2800 1599 2808 1643 ς

1533 1643 1645 1685 σταδ.
1698 1642 1723 1687 ’.
2796 1654 2808 1677 ’1

1588 1707 1612 1758 S
1647 1658 1743 1748 1³35.
1783 1704 2077 1762 εὖωνύμων]
2115 1705 2322 1763 εὐωνύμων
2358 1707 2467 1764 ὑμῶν
2499 1708 2658 1763 codex3
2692 1695 2808 1803 enni

1532 1766 1641 1808 Gail.
1672 1767 1689 1822 ll
1707 1791 1766 1799 —
1783 1767 2002 1809 Πιτυοῦσαν
2021 1768 2169 1810 codex.
2187 1793 2245 1800 ——
2262 1771 2326 1811 De
2346 1769 2650 1826 Aphrodisiade
2675 1772 2782 1815 urbe

1532 1838 1682 1885 praeter
1730 1830 1953 1886 Scylacem,
1994 1831 2199 1884 Plinium,
2237 1832 2505 1876 Ptolemaeum
2541 1835 2598 1877 cf.
2636 1835 2779 1878 Livius

1532 1892 1733 1942 XXXIII,
1773 1905 1829 1935 ao
1846 1900 1887 1934 et
1914 1892 2091 1935 Diodor.
2123 1894 2244 1943 XIX,
2282 1896 2351 1943 64,
2379 1894 2419 1935 5.
2461 1895 2477 1949 ΙΙ
2504 1895 2598 1937 -ὁ
2626 1895 2781 1945 πλοῦς

1534 1953 1842 2010 στάδιοιριι’]
1868 1953 1890 1995 ὁ
1918 1954 2039 2003 πλοῦς
2072 1955 2133 1997 ἐπὶ
2165 1953 2235 2006 τὴν
2278 1970 2399 1998 xm...
2435 1956 2537 1999 δίθιν
2569 1958 2680 2001 σταδ.
2723 1958 2781 2013 ρκ’

1532 2017 1664 2059 codex
1685 2016 1916 2059 secundum
1937 2018 2142 2060 Iriartem.
2164 2018 2349 2059 Millerus
2367 2018 2395 2060 1.
2421 2018 2450 2060 l.
2472 2033 2515 2075 p.
2539 2020 2619 2063 313
2638 2020 2693 2063 de
2715 2021 2780 2063 his

1532 2081 1588 2121 ita
1613 2093 1624 2122 :
1654 2098 1671 2119 α
1691 2081 1749 2122 Ce
1766 2095 1935 2137 passage
1955 2089 2017 2122 est
2046 2094 2221 2136 presque
2247 2080 2421 2131 illisible,
2457 2089 2547 2123 tant
2573 2081 2781 2126 t’scriture

1532 2150 1594 2184 est
1610 2142 1783 2193 css'aoee3
1798 2141 1843 2198 je
1873 2144 1958 2184 suis
1982 2142 2213 2198 oependant
2241 2156 2426 2198 parvenu
2451 2140 2474 2184 a
2499 2143 2536 2185 le
2557 2143 2781 2188 dechill'rer

1531 2212 1574 2246 et
1589 2203 1662 2259 j'ai
1694 2204 1739 2246 lu
1761 2204 1825 2246 ἐπὶ
1849 2202 1921 2255 τὴν
1941 2204 2119 2246 κακείνου
2150 2204 2274 2255 δύσιν,
2307 2205 2381 2260 qui
2402 2212 2479 2256 est,
2513 2219 2607 2248 sans
2641 2220 2779 2249 aucun

1533 2265 1684 2317 doute,
1701 2265 1740 2308 la
1770 2265 1964 2308 veritable
1984 2265 2117 2323 leeon.
2140 2283 2157 2305 ι
2190 2268 2461 2322 Quaecunque
2477 2266 2630 2312 horum
2648 2268 2778 2312 codex
2798 2261 2808 2331 Ῑ

1534 2328 1698 2379 habeat,
1719 2342 1851 2384 quum
1866 2341 2033 2370 sensum
2049 2342 2135 2370 non
2154 2326 2331 2369 fundant
2342 2358 2354 2379 ,
2373 2337 2566 2386 corrupta
2581 2339 2693 2373 sunt.
2720 2335 2781 2374 Ac

1534 2405 1667 2445 quum
1688 2392 1731 2432 iu
1751 2389 2019 2447 sequentibus
2048 2391 2169 2445 (¹9¹)
2189 2388 2405 2432 manifesta
2440 2392 2494 2433 sit
2520 2390 2682 2445 lacuna,
2699 2407 2782 2450 qua

1535 2453 1771 2496 Celenderis
1801 2454 1958 2495 mentio
1988 2453 2158 2509 perierit
2184 2466 2194 2494 :
2229 2453 2344 2495 facile
2373 2462 2484 2510 patet
2514 2463 2658 2498 nostro
2688 2455 2782 2499 loco

1536 2515 1659 2559 fuisse
1671 2516 1734 2559 ἐπὶ
1744 2514 1814 2569 τὴν
1828 2515 2068 2571 Κελένδεριν,
2079 2529 2208 2571 eaque
2218 2515 2356 2566 verba,
2371 2516 2547 2571 margini
2557 2514 2794 2574 adscripta,.

1536 2579 1642 2621 male
1660 2579 1744 2622 huc
1766 2578 1961 2621 translata
1975 2592 2076 2620 esse.
2101 2579 2117 2633 ΙΙ
2132 2602 2190 2610 -
2214 2578 2358 2619 σταδ.
2391 2576 2486 2636 ρκ’]
2509 2577 2685 2622 debebat
2701 2583 2778 2637 ρκ’.

1540 2643 1556 2696 ΙΙ
1582 2666 1640 2674 -
1663 2639 1868 2698 Ἀχαιῶν
1894 2638 2047 2692 ἀκτὴν
2072 2640 2194 2696 κτλ.]
2227 2639 2320 2696 πρὸς
2346 2637 2418 2692 τὴν
2451 2638 2629 2683 Αδλιῶνα
2660 2639 2794 2694 ἀκτὴν

1533 2703 1633 2746 κατὰ
1653 2705 1828 2761 πρύμναν
1864 2702 2013 2758 ἔχουσα
2044 2702 2143 2759 πρὸς
2161 2701 2210 2744 τὰ
2233 2702 2328 2759 μέρη
2361 2704 2430 2755 τῆς
2459 2701 2601 2759 ἄρκτου
2629 2701 2779 2747 codex.

1534 2765 1827 2822 Aphrodisiadi
1846 2764 2008 2820 objecta
2029 2773 2091 2806 est
2108 2779 2155 2806 ea
2170 2765 2296 2821 Cypri
2315 2778 2426 2821 pars,
2450 2778 2543 2820 quae
2556 2763 2667 2821 apud
2683 2766 2780 2807 Pto·

1534 2827 1722 2870 lemaeum
1749 2829 1804 2877 V,
1828 2828 1876 2869 13
1894 2842 1937 2883 p.
1970 2827 2052 2869 362
2077 2835 2247 2868 vocatur
2269 2825 2430 2882 Ἀχαιῶν
2450 2825 2563 2880 ἀκτή.
2583 2826 2649 2869 Cf.
2669 2828 2762 2871 Stra
2787 2833 2789 2835 ’

1533 2890 1589 2933 bo
1610 2906 1653 2947 p.
1668 2894 1750 2935 682
1771 2904 1782 2933 ε
1801 2889 1876 2933 εἶτ’
1899 2889 2206 2946 Ἀφροδίσιον...,
2229 2888 2303 2932 εἶτ’
2329 2888 2492 2946 Ἀχαιῶν
2514 2887 2630 2947 (εἶτα
2646 2890 2760 2947 χάρω

1533 2954 1659 2997 codd.
1683 2954 1696 3011 )
1721 2953 1836 3007 ἀκτή.
1868 2952 1993 3007 Quod
2021 2952 2170 2995 fretum
2198 2954 2306 2995 inter
2332 2954 2612 2995 continentem
2630 2961 2673 2995 et
2701 2953 2762 3011 ey

1533 3031 1656 3073 prum
1691 3016 1952 3073 interjectum
1985 3015 2115 3058 αὗλὼν
2150 3016 2391 3067 vocabatur,
2426 3016 2548 3058 sicuti
2570 3015 2648 3058 alia
2680 3014 2757 3058 {ret

1533 3081 1704 3131 similia,
1725 3080 1778 3122 ad
1800 3094 1875 3122 nos
1894 3079 1997 3120 nihil
2018 3080 2212 3136 pertinet.
2240 3080 2257 3134 ΙΙ
2284 3092 2423 3120 -στ.
2446 3078 2513 3134 φ’]
2542 3078 2680 3119 Recte.

1592 3146 1615 3195 S
1646 3149 1740 3186 187.
1784 3143 1942 3198 Κίφισον
1984 3143 2043 3183 sic
2078 3142 2231 3191 codex3
2267 3141 2437 3183 sortasse
2467 3146 2557 3181 erat
2592 3138 2763 3195 Κηφισόν

1534 3205 1729 3245 Mensura
1746 3204 1862 3245 ducit
1884 3204 1936 3245 ad
1966 3204 2195 3244 fluviolum.
2226 3203 2362 3256 Pergit
2391 3202 2556 3253 Noster,
2578 3200 2687 3243 nulla

1535 3266 1695 3307 minum
1720 3267 1826 3307 serie
1858 3279 1867 3307 ε
1892 3265 1967 3307 ἀπὸ
1994 3265 2170 3314 Μέλανος
2191 3267 2367 3320 ποταμοῦ
2382 3295 2393 3316 ,
2415 3273 2462 3307 ut
2485 3263 2703 3307 intermedi

1535 3327 1671 3370 locum
1708 3327 1909 3369 excidisse
1955 3335 2088 3383 putes.
2139 3334 2193 3370 At
2223 3327 2325 3369 nihil
2368 3325 2568 3369 excidisse
2602 3340 2681 3383 pro

1535 3393 1558 3444 S
1582 3392 1658 3445 189
1681 3389 1812 3433 stadia
1848 3403 1940 3433 120.
1965 3392 2097 3433 Porro
2117 3404 2247 3446 quum
2271 3389 2425 3432 Crauni
2445 3390 2705 3447 promontori

1533 3462 1575 3496 et
1600 3453 1827 3496 Cra-nbusa
1853 3453 1984 3495 insula
2014 3452 2267 3510 (Papadnln
2291 3455 2307 3508 )
2338 3457 2393 3503 40
2423 3450 2555 3494 stadia
2579 3466 2603 3509 a
2620 3452 2667 3495 M

1533 3516 1701 3567 distent,
1731 3516 1860 3559 Melas
1897 3516 2047 3559 fluvius
2070 3514 2217 3558 eodem
2249 3517 2291 3557 iu
2320 3515 2412 3558 loco
2433 3513 2669 3571 ponendus,
2694 3528 2723 3572 q

1533 3579 1734 3636 Cephisus
1751 3587 1853 3621 erat.
1881 3580 2026 3635 Itaque
2044 3586 2137 3635 post
2161 3578 2318 3634 Κίφισον
2346 3576 2502 3620 excidit
2525 3576 2591 3619 καὶ
2618 3576 2659 3619 Μ

1532 3642 1725 3698 ποταμὸν,
1747 3651 1819 3683 aut
1834 3650 1920 3683 erat
1940 3654 1950 3683 ε
1977 3639 2039 3684 ἐπὶ
2061 3640 2237 3697 [χωρίον
2257 3640 2322 3683 καὶ
2335 3638 2512 3697 ποταμὸν
2528 3637 2691 3681 mamm

1532 3707 1631 3762 νῦν]
1657 3704 1899 3761 καλούμενον
1932 3704 2116 3761 Κηφισόν.
2142 3704 2348 3745 Memorat
2374 3702 2580 3745 Melonem
2604 3701 2751 3763 nuviu-

1532 3768 1792 3809 Constantin.
1828 3766 2032 3823 Porphyr.
2065 3766 2093 3808 1.
2117 3765 2143 3808 Ι.
2175 3766 2231 3807 V.
2270 3767 2294 3819 S
2324 3765 2400 3807 183
2437 3771 2525 3805 not.
2554 3763 2688 3819 Kiepe

1532 3829 1720 3871 Melantis
1746 3844 1899 3870 nomen
1924 3826 1976 3869 ad
2002 3827 2127 3870 alium
2153 3827 2323 3868 nuvium
2355 3822 2570 3881 majorem,
2589 3824 2661 3879 qui

1534 3906 1588 3946 70
1605 3891 1734 3933 stadia
1756 3891 1958 3948 sequitur,
1975 3889 2197 3932 transtulit.
2695 3912 2704 3933 Δ.
2724 3943 2735 3947 ⁷.

1592 3956 1614 4005 S
1638 3959 1729 3997 188.
1759 3951 2035 4009 Κραυνούς]
2055 3950 2260 4008 Κραύνους,
2281 3953 2360 4004 εις
2380 3951 2455 4004 189
2480 3948 2660 4004 Κραυνῶν
2700 4002 2702 4005 Ι
2743 3966 2769 3997 ,Δ

1539 4016 1683 4057 (νηοῖς
1719 4016 1854 4058 locum
1894 4023 2093 4058 memorat
2119 4013 2225 4056 Tab.
2265 4014 2381 4055 Peut.
2414 4019 2456 4053 et
2492 4011 2645 4065 Geogr.
2667 3991 2767 4054 &¹⁴⁴-
