2808 4342
713 114 783 159 Ο·

201 171 290 213 398

197 267 320 328 Mne,
338 269 377 315 el
399 266 441 314 &l
462 260 624 320 Διαῆν
646 264 716 310 ἐπὶ
737 266 810 319 τῆς
828 267 974 326 χροιᾶς
993 260 1256 321 ὀνομάζουσι.
1321 258 1437 308 Ταύ-

197 354 275 393 την
295 334 461 399 λέγεται
481 333 606 386 Θέτις
624 333 781 379 ἀνεῖναι
802 332 863 392 τῷ
884 328 1019 376 παιδί·
1039 328 1112 375 καὶ
1133 327 1290 384 ταύτην
1310 329 1436 375 οἰκεῖν

195 407 269 454 τὸν
284 406 327 455 ’A
362 404 495 452 ιλλέα.
566 401 650 450 Καὶ
671 398 772 451 νεώς
790 400 900 445 ἔστιν
920 398 962 444 ἰν
981 398 1088 459 αὐτῇ
1107 400 1179 445 τοῦ
1201 396 1437 460 Ἀχιλλέως,

198 474 270 521 καὶ
293 474 313 529 ξ
366 492 435 521 νον
460 475 535 527 τῆς
554 469 685 515 πάλαι
708 466 921 528 ἐργασίας.
989 464 1046 512 Ἢ
1069 463 1113 512 δὶ
1131 468 1253 522 νῆσος
1271 463 1438 529 ἀνθρώ-

163 561 184 591 s
199 561 289 590 πων
308 543 384 604 μὶν
402 536 691 604 ἰρήμη“έστ“ιν,
708 534 880 596 νέμεται
898 532 942 581 δί
964 534 1069 590 αἰξὶν
1088 537 1134 583 οὗ
1156 536 1344 588 πολλαῖς·
1366 534 1439 582 καὶ

198 612 351 663 ταύτας
381 609 514 671 [μὲν]
551 605 787 651 ἀνατιθέναι
818 604 1011 665 λέγονται
1035 606 1097 668 τῷ
1132 604 1314 668 Ἀχιλλεῖ
1350 601 1439 652 ὅσοι

200 680 330 746 [ἀεὶ]
351 677 637 738 προσίσχουσι·
661 674 734 721 καὶ
767 673 884 736 [γὰρ
906 673 1012 736 καὶ]
1036 673 1146 720 ἄλλα
1178 672 1314 720 πολλὰ
1337 674 1440 720 ἀνα-

202 749 366 806 θήματα
387 745 601 791 ἀνάκειται
625 745 668 790 ἐν
686 746 746 806 τῷ
763 744 866 807 νεῷ,
885 743 1031 807 φιάλαι
1046 742 1118 790 καὶ
1141 742 1352 789 δακτύλιοι
1367 742 1439 789 καὶ

198 815 302 862 λίθοι
332 815 415 860 τῶν
447 811 822 875 πολυτελεστέρων.
890 814 1039 860 Ταῦτα
1073 810 1292 872 ξύμπαντα
1315 830 1439 875 χαρι-

137 901 176 932 10
197 884 349 949 στήρια
373 885 433 946 τῷ
466 878 650 945 Ἀχιλλεῖ
678 881 918 939 ἀνάκειται,
936 881 1008 928 καὶ
1037 881 1440 944 έπι·(ρα’μματα,·τὰ

197 954 272 1016 μὶν
297 954 539 1016 ρωμαῖκιῦς,
558 952 610 998 τὰ
644 950 686 998 δὲ
716 952 940 1008 ἑλληνικῶς
959 949 1221 1011 πεποιημένα
1256 953 1297 996 ἐν
1325 950 1440 1014 ἄλλῳ

196 1023 267 1071 καὶ
298 1022 413 1087 ἄλλῳ
447 1020 609 1085 μέτρῳ,
643 1021 807 1068 ἔπαινοι
835 1024 906 1068 τοῦ
939 1020 1175 1084 Ἀχιλλέως.
1241 1016 1367 1068 Ἔστι
1397 1019 1439 1066 δὲ

198 1093 226 1139 ἀ
247 1093 319 1139 καὶ
346 1095 419 1139 τοῦ
446 1091 706 1155 Πατρόκλου·
730 1090 801 1136 καὶ
823 1090 904 1152 γὰρ
926 1090 1000 1136 καὶ
1021 1090 1090 1136 τὸν
1115 1089 1358 1154 Πάτροκλον
1380 1109 1441 1136 τι·

200 1164 311 1224 μῶσι
335 1161 410 1208 σὺν
433 1163 493 1224 τῷ
530 1161 733 1224 Ἀχιλλεῖ,
771 1158 861 1207 ὅσοι
894 1162 954 1224 τῷ
988 1158 1171 1223 Ἀχιλλεῖ
1201 1158 1459 1223 χαρίζεσθαι

136 1251 175 1281 ts
198 1230 418 1279 ἐθέλωσιν.
482 1225 673 1293 Ὀρνιθες
689 1230 731 1276 δὲ
756 1229 902 1276 πολλοὶ
924 1231 1159 1284 αὐλίζονται
1180 1231 1221 1276 έν
1240 1233 1292 1292 τῇ
1307 1229 1437 1293 νήσῳ,

197 1301 318 1364 λα’ροι
340 1300 413 1347 καὶ
435 1299 591 1347 αἴθυιαι
613 1300 685 1346 καὶ
708 1302 887 1363 κορῶναι
910 1301 953 1346 αἱ
976 1300 1196 1346 θαλάσσιοι
1217 1298 1265 1345 τὸ
1290 1300 1443 1356 πλῆθος

199 1371 245 1416 οὗ
262 1370 509 1431 σταθμητοί.
573 1362 703 1418 Οὗτοι
717 1372 754 1416 οἱ
770 1368 925 1433 ὄρνιθες
935 1368 1209 1432 θεραπεύουσι
1219 1372 1289 1414 τοῦ
1309 1368 1443 1430 Ἀχιλ·

200 1439 303 1492 λέως
335 1438 405 1485 τὸν
428 1439 549 1487 νεών.
616 1438 780 1486 Ἔωθεν
807 1438 1013 1501 ὁσημέραι
1051 1437 1355 1485 καταπέτονται
1390 1439 1445 1490 εἰς

199 1506 274 1564 τὴν
297 1508 527 1554 θάλασσαν·
559 1508 702 1554 ἔπειτα
725 1507 809 1553 ἀπὸ
841 1510 915 1563 τῆς
937 1506 1150 1564 θαλάσσης
1177 1506 1445 1570 βεὸρεγμένοι
1474 1514 1480 1520 “

138 1577 252 1625 οοτὰ
275 1576 432 1640 πτερὰ,
472 1578 631 1640 σπουδῇ
666 1570 718 1622 αὗ
752 1577 1011 1623 εἰσπέτονται
1038 1578 1095 1629 εἷς
1126 1576 1194 1623 τὸν
1218 1575 1341 1635 νεὼν,
1374 1575 1445 1623 καὶ

202 1645 385 1708 ῥαίνουσι
413 1645 483 1691 τὸν
504 1647 621 1692 νεών.
688 1645 883 1692 Ἐπειδὰν
906 1645 949 1692 δὲ
971 1647 1108 1699 καλῶς
1127 1646 1203 1708 ἔχῃ
1222 1681 1236 1707 ,
1260 1645 1342 1692 οἵδε
1367 1648 1446 1692 ἐκ-

199 1714 471 1761 καλλύνουσιν
489 1708 542 1761 αὗ
561 1715 609 1761 τὸ
633 1715 781 1779 ἔδαφος
803 1716 885 1768 τοῖς
906 1722 1088 1779 πτεροῖς.

264 1800 324 1831 ³³.
360 1786 416 1831 Oi
440 1785 483 1830 δὲ
506 1785 577 1830 καὶ
597 1785 695 1831 τάδε
728 1787 975 1847 ἱστοροῦσιν·
995 1788 1076 1831 τῶν
1099 1785 1444 1848 προσεσχηκότων

199 1856 252 1916 τῇ
271 1853 386 1916 νήσῳ
407 1854 535 1916 ἱερεῖα
563 1853 655 1906 τοὺς
680 1853 755 1914 μὲν
775 1854 1008 1911 ἐξεπίτηδες
1031 1854 1231 1905 πλέοντας
1254 1856 1294 1906 ές
1317 1853 1445 1910 αὐτὴν

134 1936 178 1968 ²⁸
200 1922 271 1969 έπὶ
288 1928 377 1975 ταῖς
395 1922 516 1969 ναυσὶ
538 1923 722 1984 κομίζειν
735 1959 748 1980 ,
771 1923 843 1969 καὶ
865 1923 1019 1969 τούτων
1039 1922 1092 1968 τὰ
1115 1922 1189 1983 μὲν
1213 1923 1445 1980 καταθύειν,

199 1991 254 2037 τὰ
276 1989 321 2038 δὲ
347 1990 514 2056 ἀφιέναι
535 1994 595 2055 τῷ
614 1991 811 2055 Ἀχιλλεῖ·
830 1991 922 2044 τοὺς
944 1992 987 2038 δέ
1011 2011 1122 2045 τινας
1146 1991 1224 2038 ὑπὸ
1246 1996 1446 2055 χειμῶνος

202 2059 578 2123 ἐξαναγκασθέντας
614 2060 849 2124 προσέχειν·
890 2062 960 2108 καὶ
997 2060 1165 2116 τούτους
1186 2065 1286 2126 παρ’
1322 2063 1445 2108 αὐτοῦ

200 2133 273 2176 τοῦ
309 2133 401 2176 θεοῦ
438 2131 566 2176 αἰτεῖν
589 2131 758 2193 ἱερεῖον,
792 2130 1033 2194 χρωμένους
1063 2131 1132 2178 ἐπὶ
1163 2134 1244 2178 τῶν
1266 2131 1445 2193 ἱερείων,

201 2201 239 2246 εἰ
267 2199 375 2262 λῷον
399 2198 514 2260 σφίσι
544 2198 617 2244 καὶ
654 2199 823 2259 ἄμεινον
855 2203 977 2245 θῦσαι
1011 2197 1038 2244 8
1064 2217 1104 2244 τι
1137 2217 1217 2262 περ
1242 2199 1360 2246 αὐτοὶ
1394 2203 1447 2262 τῇ

138 2285 183 2317 ao
201 2267 348 2331 γνώμῃ
386 2266 643 2321 ἐπιλέξαιντο
663 2266 928 2346 νεμόμενονδ
946 2266 1075 2328 τιμὴν
1099 2266 1190 2329 ἅμα
1226 2267 1444 2314 καταὸάλ-

201 2337 340 2390 λοντες
364 2338 439 2394 τὴν
470 2336 588 2391 ἀξίαν
628 2337 742 2402 σφίσι
766 2339 981 2384 δοκοῦσαν.
1048 2339 1102 2385 Εἰ
1130 2337 1173 2383 δὲ
1197 2338 1447 2402 ἀπαγορεύοι

202 2411 223 2453 ὁ
244 2407 434 2471 χρησμός
461 2399 594 2467 (εἶναι
629 2407 710 2470 γὰρ
743 2406 959 2471 χρησμοὺς
993 2409 1035 2454 ἀν
1062 2410 1122 2471 τῷ
1153 2409 1291 2471 νεῷ),
1314 2426 1447 2472 προσ-

203 2476 371 2523 6άλλειν
398 2480 450 2538 τῇ
474 2479 589 2539 τιμῇ·
611 2479 647 2523 εἰ
670 2476 714 2523 δὲ
746 2478 807 2523 ἔτι
830 2477 1104 2542 ἀπαγορεύοι,
1138 2477 1199 2525 ἔτι
1230 2478 1448 2541 προσθάλ-

202 2548 302 2592 λειν·
329 2546 675 2609 συγχωρήσαντος
697 2546 767 2607 δὲ,
805 2548 1047 2609 γιγνώσκειν
1071 2546 1134 2592 ὅτι
1169 2548 1398 2610 ἀποχρῶσα
1421 2550 1448 2603 ἡ

142 2630 181 2659 ss
202 2615 303 2676 τιμή
341 2617 467 2663 ἐστιν.
533 2615 594 2663 Τὸ
617 2615 659 2662 δὲ
682 2618 829 2678 ἱερεῖον
851 2614 1047 2663 ἵστασθαι
1079 2616 1147 2663 ἐπὶ
1177 2618 1282 2680 τῷδε
1317 2615 1450 2662 αὐτό-

161 2678 169 2684 ’
206 2703 351 2744 ματον,
370 2685 474 2745 μηδὲ
497 2684 743 2748 ἀποφεύγειν
761 2684 839 2732 ἔτι.
912 2685 996 2733 Καὶ
1010 2689 1132 2733 τοῦτο
1147 2686 1198 2741 δὴ
1218 2685 1320 2732 πολὺ
1343 2687 1448 2731 ἀνα-

206 2755 365 2799 κεῖσθαι
390 2753 436 2799 τὸ
457 2754 648 2817 ἀργύριον
671 2758 730 2818 τῷ
753 2754 842 2818 ἥρῳ
860 2754 933 2807 τὰς
954 2754 1079 2816 τιμὰς
1100 2757 1182 2802 τῶν
1205 2755 1380 2819 ἱερείων.

269 2838 325 2868 at.
365 2824 597 2869 Φαίνεσθαι
630 2823 671 2869 δὲ
708 2824 893 2871 ἐνύπνιον
927 2825 997 2871 τὸν
1021 2824 1215 2887 Ἀχιλλέα
1252 2831 1335 2877 τοῖς
1373 2823 1447 2885 μὶν

158 2993 163 2998 ’
207 2991 279 3036 τᾶν
312 2992 567 3049 πολυόρνιθον
591 2991 702 3043 αἶαν,
732 2992 874 3034 λευκὰν
914 2992 1050 3044 ἀκτὰν,
1081 2993 1257 3049 Ἀχιλῆος
1289 2996 1453 3050 δρόμους

207 3054 526 3108 καλλισταδίους,
551 3054 730 3105 Εὔξεινον
753 3055 852 3097 κατὰ
874 3057 1032 3098 πόντον.
1064 3058 1178 3097 Inter
1199 3059 1453 3113 geographos

206 3118 368 3175 primus
388 3118 533 3176 Scylax
555 3121 579 3173 S
597 3118 650 3162 68
672 3133 717 3176 p.
744 3119 812 3171 58,
843 3119 916 3175 qui
942 3121 1087 3161 Leucae
1121 3119 1261 3160 insulae
1283 3120 1453 3161 ‹lesertae

209 3181 442 3238 Achillique
466 3196 592 3224 sacrae
613 3182 818 3224 meminit.
842 3180 1005 3224 Deinde
1038 3181 1301 3238 Lycophron.
1338 3184 1450 3224 Cass.

213 3245 291 3286 186
324 3242 378 3286 de
410 3243 568 3287 Achille
608 3257 619 3286 ε
661 3242 778 3301 δαρὸν
817 3242 1065 3301 φαληριῶσαν
1105 3241 1256 3296 οἰκήσαι
1296 3243 1450 3294 σπίλον,

210 3305 379 3362 Κέλτρου
405 3306 560 3364 (Istri)
590 3306 683 3363 πρὸς
712 3305 914 3349 ἔκὸολαῗσι
941 3305 1133 3363 λιμναίων
1166 3310 1310 3349 ποτῶν.
1342 3306 1453 3348 Ube-

207 3366 318 3411 riora
332 3367 386 3411 de
405 3369 536 3410 insula
550 3368 748 3425 cultuque
763 3368 932 3411 Achillis
949 3367 1119 3411 tradunt
1131 3369 1334 3425 Scymnus
1354 3382 1450 3422 792,

210 3430 444 3486 Antigonus
457 3430 612 3474 Mirab.
635 3433 710 3482 134
726 3448 738 3483 ;
754 3433 901 3474 Conon
915 3432 1016 3474 Nar.
1041 3435 1112 3484 183
1133 3430 1283 3474 Strabo
1294 3445 1337 3487 p.
1359 3433 1451 3473 125.

212 3492 316 3543 306;
335 3493 440 3535 Mela
456 3495 513 3545 11,
535 3509 578 3548 7,
598 3507 645 3545 23
672 3494 830 3537 Plinius
846 3495 924 3546 IV,
956 3498 1026 3546 26,
1057 3508 1138 3550 ²73
1164 3493 1292 3537 Solin.
1311 3510 1348 3535 c.
1380 3496 1451 3545 13;

212 3554 455 3597 Ptolemaeus
476 3558 563 3607 111,
593 3570 643 3599 ιο
678 3558 695 3611 (
717 3571 766 3599 ex
787 3571 873 3612 quo
896 3571 972 3599 sua
1003 3557 1127 3600 habet
1155 3558 1321 3599 Taetzes
1343 3558 1451 3599 liist.

212 3615 312 3667 ΧΠ,
326 3618 406 3671 937
423 3619 552 3675 sqq.);
571 3620 876 3670 Pausaniasssl,
901 3634 949 3674 ¹9
962 3635 973 3670 ;
989 3620 1196 3661 Maximus
1207 3619 1310 3676 Tyr.
1324 3620 1450 3669 Diae-‚3

278 3676 289 3689 ⁹
418 3687 496 3721 tus.
516 3682 682 3724 Hcroic.
704 3697 773 3733 20,
793 3697 836 3738 p.
863 3684 942 3724 313
959 3682 1027 3724 ed.
1051 3681 1220 3734 Didot.;
1240 3682 1449 3725 Ammian.

212 3737 353 3789 xxu,
371 3741 413 3791 8,
436 3741 487 3782 35
501 3756 512 3791 ;
539 3743 709 3798 Dionys.
742 3745 815 3794 541
840 3743 1010 3800 ejusque
1030 3744 1306 3801 paraphrasim
1331 3746 1453 3787 Avie-

213 3814 293 3842 nus
315 3814 398 3857 720
424 3810 465 3844 et
483 3803 682 3845 Priscian.
719 3808 822 3860 498;
846 3808 1012 3847 Tzetzes
1039 3805 1093 3848 ad
1114 3805 1320 3863 Lycophr.
1352 3807 1450 3856 1853

214 3862 404 3904 Eustath.
443 3862 497 3906 ad
543 3865 717 3921 Dionys.
763 3867 857 3917 545.
902 3870 998 3911 680.
1050 3873 1157 3924 692,
1192 3867 1244 3910 ad
1280 3868 1451 3910 nomer.

116 3954 118 3957 ψ
213 3938 258 3979 p.
283 3928 411 3980 1696;
450 3925 579 3969 schol.
617 3927 741 3970 Pind.
766 3930 887 3971 Nem.
912 3929 940 3971 1.
971 3930 999 3972 l.
1028 3933 1132 3984 Quae
1168 3931 1401 3973 testimonia
1428 3945 1452 3973 a

214 3987 336 4029 variis
350 3989 562 4031 erroribus
579 3988 690 4032 haud
720 4005 862 4043 vacua,
886 3991 1015 4034 fusius
1034 3993 1208 4047 explicat
1233 3992 1453 4035 Koehlerus

1327 157 1599 206 ‚Annum

1505 267 1575 309 alii
1604 270 1930 324 vemquomon
1963 272 2165 330 (Onnum
2180 277 2213 328 ).
2239 273 2431 323 Achillis,
2464 274 2532 316 alii
2567 277 2703 319 Leuca

1508 341 1731 399 (Albam)
1753 357 1779 385 a
1799 343 1939 387 0010„
1965 338 2188 403 ιρῂιωι.
2248 349 2368 391 anne
2398 348 2542 391 steti.
2565 347 2651 392 nno
2717 335 2719 337 ’

1507 426 1532 453 e
1570 413 1675 455 mari
1714 413 1933 467 excitasse,
1972 425 2148 475 eam'que
2185 418 2363 465 Achilles
2402 420 2634 466 inhabitare

1510 492 1604 533 tui-3
1626 486 1669 527 in
1692 499 1775 542 qua
1797 487 1998 544 templum
2027 497 2089 531 cst
2107 489 2278 534 Achillis
2303 492 2663 551 simulacrumque

1509 557 1630 614 tiquo
1650 572 1791 616 opere.
1848 561 2023 602 >Deserta
2041 569 2103 603 αι
2123 560 2177 603 ab
2197 562 2441 611 homiuibu-
2460 567 2610 619 insula,
2637 582 2728 612 cam

1509 643 1592 686 qne
1618 645 1754 688 caprae
1776 646 1860 675 non
1886 632 2117 675 admodum
2149 633 2289 677 multae
2310 633 2615 692 depasmnmg
2647 654 2764 698 quas.

1510 705 1581 759 qui
1612 705 1708 747 illuc
1736 704 1963 763 appellunt,
2004 707 2151 750 Achilli
2178 707 2331 751 offerre
2350 708 2564 755 dicunmr.
2620 715 2751 759 uult-

1509 785 1706 832 proeterea
1732 779 1809 821 alia
1830 794 1945 822 sacra
1967 779 2079 823 dona
2112 784 2154 840 in
2177 782 2332 838 templo
2365 782 2434 824 illo
2464 786 2643 840 reposita
2663 800 2752 831 οω-

1513 859 1687 903 nuntur‚
1705 861 1750 894 ut
1769 853 1936 909 phialae,
1957 854 2100 897 annuli
2115 886 2127 906 ,
2148 855 2303 912 lapide«
2319 858 2596 913 pretiosiores.
2656 858 2754 904 Hac

1511 924 1653 965 omnia
1673 923 1848 967 donaria
1869 926 2019 981 gratias
2037 927 2184 982 agendi
2202 942 2325 971 causa
2347 930 2494 972 Achilli
2518 939 2755 976 consecrata

1512 1003 1634 1046 sunt;
1651 1004 1693 1037 et
1711 997 2001 1053 inscriptiones
2017 997 2211 1053 leguntur
2227 1001 2383 1043 Graecae
2399 1010 2441 1044 et
2457 1004 2612 1045 Latinae
2631 1004 2754 1045 variis

1514 1068 1655 1110 metris
1669 1077 1902 1126 conceptae,
1927 1084 2020 1126 quae
2039 1070 2181 1114 laudes
2199 1072 2406 1117 celebrant
2424 1075 2592 1118 Achillis
2621 1090 2631 1119 t
2656 1085 2754 1120 sunt

1513 1141 1637 1183 etiam
1656 1142 1866 1185 nonnullae
1887 1143 1931 1184 in
1954 1143 2204 1186 Patroclum.
2265 1146 2370 1189 Nam
2389 1149 2624 1200 Patroclum
2647 1165 2753 1209 quo·

1514 1227 1597 1268 que
1626 1215 1748 1256 simul
1770 1229 1866 1257 cum
1886 1215 2043 1258 Achille
2062 1216 2203 1258 colunt
2232 1218 2305 1273 qui
2326 1218 2474 1261 Achilli
2505 1219 2665 1277 plaeere
2681 1237 2753 1267 cn.

1514 1289 1650 1344 piunt.
1711 1291 1843 1331 Porro
1862 1304 1955 1332 aves
1971 1291 2314 1342 innumerabiles,
2334 1302 2381 1335 ut
2394 1293 2485 1346 lari,
2508 1293 2664 1350 sulicae,
2686 1311 2754 1357 eq-

1514 1360 1698 1403 tui-uices
1735 1362 1928 1414 marinae,
1969 1363 2011 1403 in
2052 1362 2183 1404 insula
2218 1363 2285 1406 illa
2318 1362 2490 1420 degunt.
2548 1366 2623 1409 Hae
2662 1379 2755 1411 ave

1515 1434 1716 1489 templum
1749 1434 1919 1477 Achillis
1956 1444 2129 1486 curant;
2167 1450 2287 1478 mane
2318 1437 2489 1492 singulis
2519 1437 2666 1482 diebus
2701 1440 2755 1484 ad

1517 1520 1630 1548 mare
1649 1506 1836 1557 volitant,
1861 1506 2042 1562 indeque
2055 1538 2067 1558 ,
2088 1507 2161 1550 alis
2182 1522 2288 1564 aqua
2303 1508 2540 1552 madefactis
2553 1542 2564 1561 ,
2585 1510 2638 1554 ad
2656 1521 2756 1555 tem·

1516 1578 1632 1635 plum
1653 1580 1803 1621 iterum
1826 1588 2096 1636 properantes
2126 1579 2278 1631 volant,
2304 1579 2489 1638 illudque
2516 1593 2754 1640 aspergunt.

1515 1652 1601 1695 Ubi
1622 1661 1760 1694 autem
1794 1651 1836 1694 id
1873 1654 1970 1695 satis
1993 1661 2205 1709 peractum
2238 1653 2362 1696 suerit
2379 1686 2390 1706 ,
2418 1654 2495 1698 illae
2522 1670 2666 1701 rursus
2684 1658 2757 1703 alis

1520 1726 1805 1781 pavimentum
1829 1725 2049 1767 mundant.

1574 1793 1644 1835 33.
1676 1797 1713 1836 A
1735 1794 1944 1835 nonnullis
1974 1795 2098 1836 etiam
2117 1794 2204 1837 haec
2233 1794 2457 1839 traduntur
2481 1810 2492 1839 ε
2517 1812 2664 1843 eorum
2685 1798 2769 1858 qus

1516 1854 1569 1898 ad
1586 1855 1760 1898 insulam
1779 1856 1985 1913 appellant
1998 1890 2010 1907 ‚
2032 1857 2132 1899 alios
2146 1871 2195 1897 ex
2216 1858 2430 1915 proposito
2445 1857 2496 1901 ad
2518 1859 2627 1903 illam
2646 1876 2700 1905 na
2727 1855 2755 1875 ‘⁷

1517 1925 1657 1973 gantes
1671 1931 1812 1961 secum
1829 1918 2013 1964 victimas
2032 1918 2304 1961 immolandas
2326 1921 2369 1961 in
2389 1920 2562 1963 navibus
2575 1931 2771 1979 portare-‚⁷

1517 1993 1694 2035 quarum
1712 1979 1811 2023 alias
1829 1988 2026 2032 mactent,
2051 1980 2149 2023 alias
2168 1982 2279 2023 vivas
2308 1982 2351 2024 in
2372 1982 2541 2026 Achillis
2556 1984 2758 2029 honorem

1517 2041 1729 2086 dimittant
1754 2056 1765 2084 :
1796 2042 1897 2085 alios
1931 2050 2071 2084 autem
2092 2042 2296 2100 quosdam
2327 2052 2568 2102 tempestate
2595 2046 2808 2106 coactns'rg'

1517 2108 1745 2166 appellere,
1779 2123 1933 2166 eosque
1949 2108 2003 2151 ab
2025 2109 2115 2165 ipso
2142 2109 2223 2152 deo
2249 2110 2458 2152 victimam
2479 2120 2645 2168 petere,
2670 2107 2807 2164 ora-si,

1518 2174 1660 2217 culum
1681 2176 1788 2217 illius
1807 2176 2104 2230 interrogantes
2122 2175 2175 2217 de
2195 2177 2392 2228 victimis,
2413 2177 2658 2234 expediatne
2673 2195 2760 2224 me·
2786 2172 2808 2207 Ἦ

1519 2240 1681 2297 liusque
1711 2242 1765 2282 sit
1783 2254 1874 2282 eam
1897 2240 2075 2282 hostiam
2097 2239 2333 2292 immolare,
2368 2255 2496 2298 quam
2525 2254 2774 2300 pascentem:

1520 2304 1597 2359 ipsi
1632 2317 1710 2360 pro
1737 2302 1910 2345 arbitrio
1938 2316 2015 2344 suo
2040 2301 2292 2358 delegerint;
2328 2303 2534 2361 simulque
2568 2319 2639 2349 eos
2666 2320 2695 2364 p
2728 2328 2734 2342 ι

1520 2367 1626 2409 tium
1643 2398 1655 2419 ‚
1681 2365 1798 2423 quod
1829 2365 1907 2408 illis
1934 2364 2097 2421 justum
2120 2364 2324 2418 videatur,
2350 2365 2575 2424 deponere.
2633 2360 2771 2425 Quod

1521 2430 1555 2471 si
1592 2430 1806 2472 oraculum
1836 2437 1984 2471 renuat
2012 2430 2131 2481 (aese
2157 2429 2269 2471 enim
2294 2429 2460 2473 oracula
2481 2431 2526 2474 in
2547 2431 2701 2489 mplo
2716 2430 2760 2489 ),

1522 2499 1656 2553 pretio
1687 2497 1845 2554 aliquid
1872 2496 2050 2552 adjicere
2072 2509 2082 2538 :
2114 2497 2148 2538 si
2184 2510 2329 2539 rursus
2358 2497 2567 2552 abnuerit,
2594 2513 2661 2541 1·Η
2686 2520 2706 2536 ι.
2729 2530 2731 2533 .
2754 2517 2783 2536 ⁴¹·-

1522 2566 1675 2608 addere
1691 2596 1703 2617 ,
1734 2564 1885 2615 donec,
1909 2571 2118 2606 annuente
2140 2563 2209 2605 illo
2225 2595 2237 2614 ‚
2273 2574 2524 2620 cognoscant
2554 2565 2651 2610 suffi
2662 2564 2730 2603 ...‘.
2762 2611 2765 2614 Α

1522 2631 1704 2687 pretium
1727 2643 1830 2670 esse.
1863 2629 1973 2669 Tum
1998 2641 2095 2669 vero
2123 2635 2231 2673 stare
2251 2642 2325 2670 sua
2346 2637 2494 2684 sponte
2526 2629 2734 2673 victimam

1521 2707 1656 2748 neque
1673 2691 1850 2747 amplius
1880 2690 2092 2744 aufugere.
2153 2692 2290 2745 Atque
2310 2691 2370 2732 sic
2388 2704 2580 2747 magnam
2602 2691 2763 2748 argenti

1519 2757 1680 2813 copiam
1695 2755 1839 2805 heroi,
1865 2754 2126 2795 victimarum
2146 2754 2342 2808 pretium,
2366 2767 2453 2796 esse
2466 2763 2762 2810 consecratam.

1578 2825 1646 2874 34.
1682 2826 1893 2879 Apparere
1914 2829 2051 2863 autem
2075 2822 2117 2862 in
2137 2821 2295 2871 somnis
2317 2821 2518 2866 Achillem
2540 2823 2629 2866 aliis
2661 2822 2720 2867 du
2748 2829 2767 2861 »1
2785 2848 2787 2850 v

1524 2995 1565 3035 in
1590 2993 1695 3035 libro
1712 2994 1860 3050 saepius
1871 2991 1958 3048 jam
1990 2991 2181 3045 laudato;
2203 2993 2402 3035 nonnulla
2421 2994 2653 3036 accuratius
2704 3015 2710 3029 ι
2735 3012 2759 3026 ι·

1523 3057 1655 3097 stituit
1679 3055 1825 3098 Ukert.
1848 3057 1923 3105 111,
1950 3067 1991 3106 2,
2015 3069 2059 3111 p.
2091 3056 2171 3106 443
2192 3069 2284 3111 sqq.
2305 3056 2411 3098 Cum
2435 3054 2646 3098 Arrianeis
2678 3069 2708 3112 p

1523 3119 1668 3159 ceteris
1701 3117 1845 3159 confer
1866 3117 2070 3173 prolixam
2094 3118 2372 3160 narrationem
2396 3115 2647 3160 Philostrati.
2670 3118 2687 3172 ΙΙ
2707 3140 2765 3168 —-¹

1529 3193 1564 3220 1.
1588 3179 1666 3221 ἐπὶ
1689 3184 1769 3231 τῆς
1792 3182 1996 3235 χροιᾶς]
2019 3179 2094 3222 ἀπὸ
2114 3182 2181 3231 τῆς
2198 3195 2264 3235 Ἀρ.
2292 3182 2499 3235 Anonym.
2521 3180 2616 3234 11-
2635 3182 2677 3230 4.

1523 3241 1643 3283 πάλαι
1659 3241 1836 3297 ἐργασίας
1855 3243 2100 3296 Anonymus
2116 3243 2139 3294 S
2157 3244 2226 3291 66,
2247 3239 2361 3296 quod
2379 3241 2602 3296 genuinam
2625 3243 2661 3284 A
2724 3287 2727 3291 ,

1524 3305 1565 3345 ni
1584 3317 1753 3345 manum
1769 3301 1946 3359 prodere
1963 3301 2141 3354 videtur,
2172 3302 2265 3345 coll.
2286 3303 2422 3346 Anab.
2440 3305 2476 3356 1,
2502 3317 2567 3359 ¹7·
2586 3303 2624 3345 ol
2664 3308 2707 3337 «ι’

1524 3367 1653 3422 νόμοι,
1679 3367 1714 3417 1,
1742 3378 1789 3407 12
1810 3364 1856 3406 τὰ
1873 3364 1991 3405 πάλαι
2012 3364 2108 3421 ἔργα
2122 3374 2162 3407 et
2184 3367 2242 3407 sic
2265 3380 2407 3422 porro.
2433 3365 2585 3423 Peripli
2604 3365 2683 3410 cod
2708 3386 2712 3395 ‘=
2728 3378 2741 3414 ὸ,

1523 3431 1590 3481 τῆς
1627 3428 1790 3476 παλαιᾶς
1827 3427 1907 3482 ἐργ.
1953 3428 1969 3482 ΙΙ
2009 3451 2067 3460 -
2104 3428 2144 3469 5.
2187 3427 2335 3485 ἐρήμη
2366 3429 2381 3484 ]
2418 3427 2639 3471 Koehlerus
2673 3427 2703 3472 Ι.
2745 3436 2748 3445 '

1523 3506 1565 3547 p.
1589 3492 1665 3541 564
1696 3504 1706 3532 2
1745 3511 1761 3526 ·
1783 3491 1823 3532 Si
1847 3490 1904 3531 les
1924 3490 2091 3532 anciens
2116 3498 2283 3533 auteurs
2303 3504 2409 3533 nous
2426 3489 2662 3548 discatque
2691 3542 2695 3550 ⁸

1523 3553 1726 3597 d'Achille
1748 3554 1845 3595 etait
1864 3552 2023 3596 deserte
2042 3562 2080 3596 ct
2101 3569 2194 3596 sans
2216 3554 2440 3605 babitants,
2462 3553 2491 3596 il
2510 3568 2564 3596 ne
2595 3554 2670 3596 s'·
2719 3545 2729 3556 ⁷

1523 3631 1595 3673 pas
1624 3632 1704 3673 que
1719 3616 1756 3658 le
1778 3616 1928 3673 temple
1954 3616 2054 3659 n'ait
2069 3631 2121 3659 eu
2144 3619 2187 3659 ni
2206 3619 2363 3674 pretres
2379 3618 2422 3660 ni
2446 3616 2653 3673 gardiens.
2673 3617 2708 3675 ΙΙ
2730 3626 2745 3663 ‘.

1525 3695 1565 3734 7.
1594 3680 1754 3722 Inclusa
1786 3679 1889 3735 μὲν..
1922 3678 2015 3722 ἀεὶ..
2043 3679 2119 3736 γὰρ
2139 3680 2204 3722 καὶ
2223 3695 2273 3723 ex
2296 3684 2436 3723 Anon.
2465 3681 2636 3723 insani.
2664 3680 2682 3737 ΙΙ
2710 3697 2731 3722 .·
2806 3675 2808 3689 ³

1530 3756 1592 3784 11.
1621 3741 1659 3785 ἐν
1683 3742 1795 3799 ἄλλῳ
1809 3742 1874 3783 καὶ
1893 3741 1932 3784 ἔν
1953 3741 2066 3799 ἄλλῳ
2083 3742 2241 3795 codex;
2272 3742 2446 3786 alterum
2471 3740 2510 3785 iv
2533 3740 2650 3798 ejeci,
2692 3761 2708 3768 Μ
2803 3775 2805 3778 -

1524 3805 1647 3848 «lente
1668 3809 1905 3862 Anonymo,
1929 3806 2002 3861 qui
2025 3813 2159 3847 totum
2184 3805 2297 3848 hunc
2332 3805 2470 3847 locum
2499 3805 2665 3861 integri·
2701 3806 2710 3811 ’
2731 3829 2733 3834 .

1526 3868 1661 3910 habet.
1688 3870 1704 3923 11
1725 3894 1780 3901 —
1804 3870 1867 3910 13.
1891 3867 2079 3910 Patroclo
2097 3867 2203 3910 adde
2219 3867 2384 3924 Ajacem
2405 3875 2446 3909 et
2462 3867 2670 3911 Antiloch
2694 3868 2697 3873 ’

1527 3933 1722 3973 Pausania
1748 3934 1823 3982 111,
1851 3945 1915 3986 19,
1944 3945 2008 3973 11.
2685 3935 2687 3938 ’
2727 3934 2731 3939 ”
