2808 4342
409 350 422 371 ,
440 312 576 377 ὀρεινή
597 330 641 358 τε
657 311 728 358 καὶ
743 308 960 362 δύσὸατος,
978 304 1082 368 ἀέρα
1101 304 1243 368 παχὺν
1262 303 1418 366 ἔχουσα

179 385 250 433 καὶ
266 382 483 446 ὁμιχλώδη
494 381 601 444 [καὶ]
619 380 726 425 κατὰ
736 379 820 423 τῶν
838 374 1015 436 δένδρων
1026 372 1248 436 φερόμενον
1260 371 1330 418 τὸν
1346 372 1418 419 2(-

181 453 325 500 ὅανον.
392 448 519 498 Ἐστι
537 447 580 494 δὲ
601 446 653 492 τὰ
675 444 821 505 δένδρα
837 440 890 487 τὰ
907 439 1164 504 λιὸανοφόρα
1186 441 1232 486 οὗ
1255 438 1418 502 μεγάλα

180 521 274 570 λίαν
293 519 387 567 οὐδὲ
417 516 582 582 ὑψηλὰ,
612 513 723 576 φέρει
746 509 791 558 δὲ
815 508 886 557 ἐπὶ
916 512 978 573 τῷ
999 510 1131 573 φλοιῷ
1157 508 1419 571 πησσόμενον

141 614 162 644 s
180 591 251 640 τὸν
271 590 455 644 λίὸανον,
492 585 548 637 ὥς
571 592 660 629 τἰνα
683 580 755 628 καὶ
779 583 862 627 τῶν
882 579 983 643 παρ’
1003 579 1104 640 ἡμῖν
1140 581 1183 626 ἐν
1216 578 1420 643 Αἰγύπτῳ

181 659 356 722 δένδρων
382 652 548 715 δακρύει
567 650 615 696 τὸ
646 649 800 710 κόμμι.
867 647 1214 712 Μεταχειρίζεται
1235 648 1279 695 δὲ
1302 650 1326 695 ὁ
1354 648 1420 695 λί-

181 727 306 778 eno<
342 722 422 769 ὑπὸ
455 720 612 767 δούλων
654 718 881 781 βασιλικῶν
918 716 991 764 καὶ
1021 719 1106 763 τῶν
1141 715 1210 764 ἐπὶ
1242 715 1421 780 τιμωρία

184 790 485 855 πεμπομένων.
553 787 770 837 Ἐπίνοσοι
789 787 832 835 δὲ
852 789 994 840 δεινῶς
1015 788 1052 832 οἱ
1073 785 1211 846 τόποι,
1237 786 1310 832 καὶ
1331 792 1419 838 τοῖς

184 861 260 921 μὲν
278 857 567 923 παραπλέουσι
583 855 788 917 λοιμικοὶ,
811 858 896 908 τοῖς
917 855 960 901 δὲ
987 854 1276 917 έργαζομένοις
1306 853 1419 899 πάν-

120 951 160 983 10
180 948 274 977 τοτε
293 927 557 983 θανατώδεις,
572 924 639 972 ’ἔτι
663 924 751 989 (δὲ)
779 924 850 971 καὶ
872 923 939 971 διὰ
960 921 1036 980 τὴν
1057 922 1214 970 ἔνδειαν
1233 924 1307 980 τῆς
1323 939 1424 987 τρο-

184 997 991 1126 vngofvlgffizusszfflgffijvzzmfflpm
1021 1066 1094 1110 τοῦ
1127 1061 1285 1123 κόσμου
1305 1060 1426 1124 μέγι-

181 1154 277 1183 στον
295 1172 308 1193 ,
328 1135 565 1182 Ξποὸλέπον
587 1136 644 1187 εἷς
662 1132 868 1188 ἀνατολὴν
881 1168 894 1190 ,
917 1135 940 1179 ὁ
954 1130 1206 1193 καλούμενος
1222 1131 1425 1194 Σύαγρος,

181 1206 242 1269 ἐφ’
265 1199 312 1253 οὗ
337 1205 531 1270 φρούριόν
562 1206 652 1250 ἐστι
675 1206 749 1260 τῆς
777 1202 919 1266 χώρας
951 1203 1023 1249 καὶ
1056 1201 1185 1262 λιμὴν
1220 1201 1291 1247 καὶ
1319 1202 1425 1246 ἀπο-

121 1297 162 1328 1⁶
182 1274 288 1332 θήκη
312 1279 383 1321 τοῦ
404 1273 683 1335 συναγομένου
706 1271 892 1319 λι6άνου·
911 1270 984 1318 καὶ
1002 1272 1114 1318 κατὰ
1136 1275 1277 1317 τοῦτον
1301 1271 1343 1316 ἐν
1367 1271 1427 1332 τῷ

181 1344 355 1407 πελάγει
372 1348 519 1401 νῆσος,
543 1343 623 1389 ἀνὰ
643 1341 768 1403 μέσον
791 1342 936 1388 τούτου
956 1340 1114 1387 καὶτοῦ
1136 1338 1267 1402 πέραν
1291 1342 1428 1402 ἀκρω-

181 1414 325 1476 τηρίου
343 1417 425 1459 τῶν
444 1414 485 1459 Ἀ
493 1413 696 1475 ρωμέτων
712 1446 727 1471 ‚
750 1413 810 1474 τῷ
830 1411 1011 1474 Συάγρῳ
1031 1409 1296 1472 συνορίζουσα
1319 1409 1427 1469 μᾶλ-

182 1486 278 1544 λον,
298 1488 325 1540 ἡ
345 1482 893 1545 Διοσκορίδουκαλουμένη,
918 1481 1096 1543 μεγίστη
1117 1480 1193 1541 μὲν
1213 1481 1364 1542 ἔρημος
1382 1476 1426 1524 δὲ

182 1618 296 1674 long.
334 1621 448 1673 Gr.)
471 1627 512 1660 et
534 1617 623 1673 jam
650 1625 879 1659 memorata
905 1616 1029 1658 nobis
1059 1619 1225 1668 Suggen
1250 1613 1422 1667 Saglear,

183 1681 339 1723 Shaher
367 1695 404 1723 s.
438 1679 738 1736 &hecht-(14⁰
765 1677 832 1730 43¹
866 1677 948 1721 30''
968 1678 1060 1729 lat.;
1097 1680 1173 1732 49⁰
1211 1676 1280 1727 40¹
1312 1676 1424 1731 long.

183 1745 261 1786 Gr.
280 1745 312 1798 ),
338 1751 463 1799 oeput
493 1743 674 1798 regionis
706 1741 965 1796 cognominis
988 1742 1006 1795 (
1021 1739 1123 1782 Vid.
1156 1739 1311 1781 Hainoe
1342 1738 1371 1779 1.
1396 1737 1424 1779 l.

182 1807 262 1857 IX,
278 1820 322 1861 p.
345 1809 423 1860 ¹49
453 1819 564 1861 sqq.;
582 1803 790 1847 Wellsted
820 1802 990 1844 Travels
1005 1811 1049 1848 to
1064 1801 1131 1842 the
1143 1800 1243 1855 city,
1264 1808 1345 1842 etc.
1367 1800 1425 1850 11,

184 1882 229 1924 p.
255 1868 357 1917 15o;
384 1869 517 1909 Ritter
541 1869 639 1917 XII,
670 1881 714 1922 p.
737 1865 817 1907 635
849 1879 942 1920 sqq.
962 1864 995 1921 ).
1024 1864 1258 1918 Utramque
1280 1861 1427 1903 urbem

186 1937 406 1980 memorat,
424 1928 495 1970 sed
509 1929 613 1970 male
625 1929 666 1969 in
682 1926 983 1969 mediterranea
993 1923 1172 1967 retrudit
1186 1923 1429 1966 Ptolemaeus

183 1992 264 2043 VI,
282 2005 325 2047 7,
349 2005 393 2047 p.
413 1994 490 2041 411
518 2004 529 2033 ι
556 1991 751 2032 Μάκκαλα
762 1991 861 2040 ,81ος
887 1990 957 2030 13⁰
980 1986 1072 2039 45¹5
1092 1987 1230 2042 Σάχλη
1251 1988 1325 2028 8αο
1344 1984 1427 2036 40',

191 2054 264 2096 130
296 2052 380 2096 20¹.
413 2052 537 2095 Haud
560 2054 671 2094 enim
694 2052 856 2094 diversa
884 2066 972 2093 esse
990 2052 1164 2092 nomina
1190 2048 1361 2090 Schechr
1389 2056 1431 2090 et

186 2115 327 2171 Σάχλη
342 2147 354 2165 ,
379 2123 490 2156 recte
511 2113 626 2156 haud
647 2114 775 2156 dubie
792 2122 931 2155 censet
953 2114 1017 2154 vir
1029 2113 1181 2155 barum
1201 2125 1342 2153 rerum
1361 2124 1431 2166 pe-

186 2178 408 2219 ritissimus
436 2175 666 2218 Fresnelius
698 2176 872 2231 (Ioum.
902 2175 1046 2217 Asiae.
1077 2176 1137 2226 X,
1167 2188 1212 2229 p.
1243 2186 1337 2227 191.
1363 2172 1428 2214 Cf.

187 2240 336 2291 Ritter.
356 2240 454 2288 XII,
474 2253 518 2294 p.
551 2239 632 2292 309
648 2239 680 2290 ).
701 2237 818 2279 Idem
842 2252 940 2278 vero
958 2252 1110 2278 nomen
1128 2235 1268 2286 Jiabes
1295 2236 1339 2276 iu
1361 2234 1434 2275 Σα-

187 2301 335 2358 χαλίτῃ
352 2301 502 2357 κόλπῳ.
524 2300 634 2342 Hinc
654 2300 779 2354 igitur
800 2300 1006 2354 colligitur
1027 2298 1131 2340 nibil
1150 2311 1238 2340 esse
1259 2310 1336 2338 cur
1358 2298 1430 2338 Sa·

188 2363 356 2406 chalites
382 2364 498 2403 sinus
526 2377 550 2403 a
578 2363 745 2415 regione
778 2362 837 2401 cis
862 2365 961 2418 Cap.
987 2360 1147 2403 Fartak
1168 2361 1247 2402 sita
1276 2357 1433 2400 alienus

187 2426 404 2477 habeatur,
424 2434 465 2467 et
479 2425 687 2467 immerito
706 2425 918 2466 Marinum
933 2438 956 2466 a
971 2423 1191 2466 Ptolemaeo
1209 2423 1430 2478 increpari.

189 2489 382 2531 Ceterum
404 2502 535 2544 quum
554 2488 765 2530 Sachalitae
788 2489 957 2529 nomine
984 2487 1107 2529 etiam
1132 2500 1180 2527 ea
1201 2499 1296 2541 quae
1320 2492 1434 2527 trans

193 2554 277 2608 Cap
296 2550 458 2593 Fartak
473 2558 587 2600 sunt,
612 2549 898 2605 designentur,
919 2557 1031 2606 patet
1045 2563 1199 2591 nomen
1220 2545 1333 2590 istud
1348 2562 1434 2591 non

193 2613 246 2655 ab
271 2614 367 2655 urbe
388 2613 538 2655 Cliechr
563 2613 649 2654 sive
679 2612 821 2669 Σάχλα
845 2611 1120 2668 repetendum
1141 2625 1253 2662 esse,
1284 2610 1358 2652 sed
1381 2611 1435 2653 ab

192 2675 350 2728 regione
365 2677 626 2730 cognomine.
643 2677 668 2717 J
670 2690 737 2717 am
758 2690 856 2717 vero
873 2675 1023 2717 Chechr
1038 2674 1102 2715 vel
1124 2673 1284 2716 chachr
1299 2675 1435 2721 omnis

192 2745 364 2778 vocatur
381 2746 534 2778 tractus
557 2744 787 2789 montosus,
806 2738 878 2792 qui
895 2736 992 2779 inde
1005 2751 1031 2779 a
1042 2735 1218 2779 Makalla
1233 2734 1320 2778 sere
1333 2736 1437 2777 urbe

192 2799 371 2855 pertinet
389 2813 522 2853 usque
542 2799 767 2850 adsinum,
790 2800 833 2841 in
856 2814 939 2855 qua
957 2797 1258 2841 Karia-Maria
1294 2798 1437 2840 insulae

192 2861 280 2902 sitae
308 2869 421 2901 sunt.
453 2862 550 2901 Harc
568 2862 694 2914 igitur
722 2870 783 2902 est
801 2861 1021 2903 Sachalites
1046 2862 1174 2916 regio,
1197 2861 1240 2902 in
1263 2875 1438 2917 eamque

194 2921 400 2980 quadrant
421 2936 514 2978 quae
539 2921 705 2963 duobus
736 2923 822 2963 istis
839 2923 991 2978 Peripli
1020 2923 1120 2963 locis
1149 2922 1202 2963 de
1236 2922 1438 2965 Sachalite

193 2986 291 3028 sinu
311 2985 522 3040 leguntur.
542 2985 647 3025 Nam
668 2984 839 3026 Moscha
856 2984 957 3025 urbs
978 2983 1201 3039 respondet
1223 2983 1326 3026 hod.
1348 2988 1436 3027 Da-

184 3044 268 3102 sar
285 3045 350 3088 vel
367 3045 507 3100 Zasar
534 3045 655 3097 urbi,
679 3059 804 3101 quam
827 3045 1022 3088 Isztachri
1044 3059 1087 3101 p.
1122 3045 1169 3086 13
1194 3045 1351 3086 clunem-
1369 3061 1437 3087 vo·

195 3116 276 3158 eat,
311 3108 604 3163 cognominem
640 3108 815 3162 regioni.
847 3109 1004 3150 Contra
1040 3121 1138 3148 vero
1166 3106 1198 3148 si
1235 3108 1437 3162 Syagrum

196 3172 533 3226 promontorium
567 3169 625 3211 ibi
660 3183 806 3226 ponas,
840 3169 911 3211 ubi
949 3168 1193 3212 Ptolemaeus
1214 3170 1368 3226 posuit,
1398 3178 1440 3211 et

196 3233 297 3275 hinc
308 3233 511 3274 orientem
527 3231 921 3283 versussoebaliten
943 3231 1222 3284 collocaveris,
1241 3231 1344 3274 nihil
1363 3231 1438 3273 bo-

197 3293 343 3354 dierna
361 3294 514 3338 Arabia
537 3294 789 3353 suppeditat,
810 3294 926 3353 quod
953 3293 1204 3352 explicanda:
1224 3293 1323 3337 huic
1348 3307 1440 3335 sen-

198 3358 339 3400 tentiae
369 3358 568 3400 inservire
604 3358 747 3414 possit.
776 3359 923 3414 Itaque
957 3357 1074 3400 salsas
1104 3370 1192 3399 esse
1229 3355 1438 3399 Ptolemaei
1465 3365 1470 3371 ·

85 3467 88 3469 ,
198 3422 379 3462 rationes
405 3420 709 3464 contendimus.
757 3421 775 3476 ΙΙ
809 3444 869 3453 -
919 3434 958 3463 1.
1002 3419 1118 3461 λι6α
1132 3419 1436 3476 νωτοφόρος]

179 3525 181 3529 ,
203 3502 222 3519 ι
247 3484 296 3524 In
313 3485 497 3539 margine
514 3482 646 3525 codex
664 3482 921 3540 λιὸανοφόρος
940 3483 1069 3540 χώρα.
1089 3482 1247 3526 Habuit
1265 3481 1437 3524 diversi·

66 3560 71 3569 ·
200 3551 326 3585 tatem
355 3546 569 3601 sciipturae
603 3545 878 3603 λιὸανοφόρου.
914 3566 932 3584 ι
964 3547 1303 3588 Bmuaanxus.
1334 3546 1434 3586 Mox

189 3607 387 3648 occurrit
409 3607 824 3665 δένδρα-λιὸανοφόρα,
861 3607 976 3665 quod
994 3610 1128 3651 rarius
1162 3608 1360 3658 occurrit,
1394 3615 1437 3650 et

198 3666 247 3710 h.
267 3665 296 3710 Ι.
323 3666 526 3709 librorum
554 3670 653 3710 vitio
686 3669 826 3712 deberi
855 3670 1034 3722 videtur,
1063 3685 1193 3728 quum
1213 3670 1310 3712 alias
1324 3670 1437 3713 Peri·

200 3726 296 3785 plus
312 3728 493 3785 praebeat
507 3729 828 3787 λιδανωτοφόρος.
847 3734 927 3787 11—
946 3747 982 3774 1.
1007 3733 1119 3789 ἀέρα
1138 3732 1317 3789 παχὺν]
1331 3734 1437 3787 Quae

201 3788 256 3832 de
272 3803 366 3832 aere
397 3791 611 3846 thurilegis
639 3791 821 3845 letifero,
847 3795 1287 3851 pra-ternavigantibus
1315 3795 1439 3851 pesti·

204 3851 292 3895 sero
311 3851 521 3908 leguntur,
541 3852 687 3895 sabulae
714 3864 811 3897 sunt
829 3870 930 3911 quas
952 3858 1108 3899 Arabes
1129 3858 1263 3900 thuris
1286 3869 1440 3899 merea·

205 3922 314 3956 tores
330 3915 556 3971 peregrinis
580 3915 819 3959 narrabant.
840 3918 966 3961 Aliud
996 3918 1083 3974 ejus
1111 3922 1271 3975 generis
1301 3932 1440 3961 narra-

203 3976 480 4019 tiuncularum
506 3978 715 4034 specimen
733 3978 858 4021 babes
887 3980 993 4022 insm
1019 3984 1042 4034 S
1074 3983 1142 4023 32.
1175 3985 1439 4038 Quamquam

205 4036 327 4079 latere
346 4053 463 4095 posse
477 4040 599 4082 etiam
617 4041 700 4082 veri
714 4040 867 4099 aliquid
891 4057 974 4084 non
998 4045 1299 4098 pernegaveris.
1322 4043 1443 4086 Certe

938 204 1217 253 ANONYm
1251 202 1561 266 (sumam,
1594 206 1680 255 11‘1·
1713 207 1984 268 rem-ua)

2567 210 2640 267 (ιο,
2654 207 2732 268 ιτ.)
2746 238 2756 248 .

1487 319 1583 355 tana
1601 327 1677 356 nec
1690 312 1809 358 facile
1823 316 1964 371 pervia
1976 346 1989 367 ,
2006 329 2143 357 aerem
2169 328 2351 356 cmssum
2371 313 2527 356 babens
2542 322 2583 356 et
2596 313 2755 370 nebugq¹

1487 379 1639 432 losum,
1661 390 1786 438 atque
1803 382 1902 423 tlms
1915 397 1967 424 ex
1984 382 2205 425 arboribus
2226 384 2487 439 proveniens-
2548 380 2757 426 Arimi-w?

1489 447 1566 490 ine
1584 448 1796 493 tharisen-:n
1816 463 1903 493 non
1920 449 2151 494 admodum
2169 465 2327 507 magnae
2349 465 2485 507 neque
2507 450 2596 492 altae
2611 459 2726 502 sunt,
2737 461 2759 499 λ

1488 517 1587 559 thus
1606 532 1704 560 vero
1724 518 1967 575 producunt
1981 521 2026 563 iu
2042 522 2197 563 cortice
2217 529 2477 572 concretum,
2494 521 2601 563 sicut
2616 519 2730 577 apud
2753 509 2770 543 f
2793 520 2808 542 “

1490 599 1567 627 nos
1588 599 1757 643 quoque
1776 587 1817 629 in
1843 588 2017 646 :Egypto
2031 588 2199 631 arbores
2214 588 2406 646 qua-dam
2425 589 2584 644 gummi
2602 588 2734 645 lacry-
2788 573 2808 630 {⁴

1491 661 1622 697 mant.
1644 655 1861 711 Colligitur
1874 656 1973 699 thus
1995 670 2121 699 manu
2138 670 2352 699 servorum
2374 657 2584 711 regiorum
2606 664 2732 713 atque
2803 693 2808 706 ,

1490 736 1636 765 eorum
1647 723 1721 780 qui
1734 737 1869 781 poenae
1881 739 2005 767 eausa
2016 724 2113 767 illuc
2125 727 2363 767 mittuntur.
2424 725 2531 766 Nam
2546 723 2636 766 tom
2645 723 2735 767 hae
2796 743 2808 770 1·

1490 804 1618 846 quam
1643 792 1823 834 maxime
1849 798 1950 834 sunt
1984 791 2225 845 insalubria,
2249 792 2356 834 adeo
2388 800 2433 834 ut
2468 791 2734 848 praeternavi-
2787 766 2808 847 ,i

1492 858 1684 913 gantibus
1702 868 1859 916 pestem
1878 858 2027 901 atres-m
2049 870 2225 915 queant,
2247 874 2419 917 prorsus
2438 868 2575 901 autem
2602 857 2737 902 letalia
2779 842 2808 904 ⁴=

1493 927 1576 969 siut
1593 926 1797 983 operariis
1810 926 1887 967 illis
1902 958 1913 976 ,
1936 928 2009 982 qui
2025 935 2221 983 praeterea
2234 929 2356 970 etiam
2380 928 2435 970 ob
2452 929 2583 969 victus
2599 941 2735 983 penu·
2775 912 2808 1000 q

1493 996 1599 1037 riam
1622 994 1738 1036 facile
1756 1002 1949 1050 pereunt.

1552 1064 1622 1105 3ο.
1649 1065 1722 1105 Est
1744 1077 1843 1104 vero
1867 1062 2054 1104 adhunc
2077 1064 2217 1105 sinum
2237 1066 2567 1119 promontorium
2589 1063 2736 1106 mundi

1497 1135 1743 1183 maximum,
1760 1131 1813 1174 ad
1828 1120 2031 1173 orientem
2051 1141 2255 1188 spectans,
2275 1135 2452 1189 Syagros
2469 1134 2735 1191 appellatum,
2779 1119 2786 1128 ⁶

1497 1204 1541 1243 in
1560 1216 1646 1258 quo
1668 1203 1847 1255 regionis
1869 1210 1930 1243 est
1950 1201 2163 1243 castellum
2185 1210 2226 1243 et
2249 1211 2395 1257 portus
2415 1203 2634 1259 thui-isque
2657 1202 2739 1244 col-

1498 1271 1591 1314 lecti
1605 1271 1916 1326 repositorium.
1975 1271 2041 1311 Ex
2059 1269 2234 1311 adverso
2250 1269 2339 1325 ejus
2358 1272 2399 1311 in
2415 1270 2497 1312 alto
2515 1270 2649 1313 insula
2661 1279 2737 1322 est,
2787 1306 2806 1317 ⁷,

1499 1338 1636 1381 media
1666 1339 1774 1380 inter
1794 1338 1874 1379 hoc
1899 1345 2024 1393 atque
2046 1338 2247 1395 opposita!
2269 1338 2519 1381 continentis
2541 1352 2741 1396 promon—
2804 1342 2808 1380 ζ

1498 1408 1655 1449 torium
1681 1411 1929 1449 Aromatum
1956 1405 2191 1462 interjecta,
2212 1408 2367 1463 Syagro
2388 1416 2524 1450 tamen
2552 1408 2738 1465 propior,

1499 1476 1756 1518 Dioscoridis
1788 1475 1925 1526 dicta,
1963 1474 2215 1532 amplissima
2251 1476 2449 1532 quidem,
2480 1476 2553 1519 sed
2582 1476 2742 1519 deserta

1497 1611 1695 1654 nonnulla
1727 1611 1816 1652 loca
1846 1613 1977 1651 Omma
2007 1610 2201 1663 regionis,
2230 1610 2458 1664 praesertim
2488 1611 2530 1652 in
2561 1610 2741 1652 Oasibus
2802 1615 2808 1637 ¹

1496 1673 1671 1724 deserti,
1695 1671 1800 1714 adeo
1823 1671 1927 1713 male
1951 1685 2050 1712 sana
2079 1670 2254 1721 offendi,
2286 1679 2332 1712 ut
2364 1670 2427 1712 vel
2460 1671 2617 1714 Arabe·
2649 1682 2743 1728 post
2796 1687 2799 1689 ·

1496 1749 1727 1791 paucorum
1762 1733 1927 1775 dierum
1963 1734 2334 1775 commorationem
2369 1733 2473 1775 febri
2510 1734 2741 1778 vehementi

1496 1798 1790 1853 corripiantur,
1809 1795 1933 1837 tradit
1946 1795 2235 1838 Wellstcdius.
2254 1797 2359 1837 Cum
2377 1804 2516 1838 nostra
2532 1797 2743 1841 thurifcrae

1496 1859 1656 1900 arboris
1676 1858 1953 1914 descriptione
1967 1858 2110 1899 confer
2127 1859 2405 1913 Tlicophrast.
2435 1860 2488 1900 Η.
2511 1859 2572 1901 ΡΙ.
2590 1861 2667 1911 IX,
2690 1864 2741 1912 ἀς

1497 1921 1678 1963 Plinium
1699 1922 1798 1972 ΧΠ,
1821 1920 2230 1970 30-33;Sa1masium
2248 1923 2418 1962 Exercc.
2441 1921 2547 1963 Plin.
2569 1936 2612 1978 p.
2642 1923 2740 1975 355,
2806 1928 2808 1930 ’

1498 1992 1539 2025 et
1560 1997 1652 2040 quae
1670 1984 1872 2038 congessit
1899 1985 2032 2024 Ritter
2046 1985 2145 2033 XII,
2164 1998 2206 2039 p.
2241 1984 2441 2038 356-372.
2462 1986 2576 2026 Inter
2606 1999 2746 2029 recen·

1500 2048 1626 2089 tiores
1640 2061 1765 2088 nemo
1779 2044 1917 2087 adhuc
1937 2046 1979 2087 in
2001 2045 2155 2087 Arabia
2174 2046 2308 2088 thuris
2329 2047 2522 2088 arborem
2538 2049 2622 2090 suis
2643 2062 2741 2092 ocu·

1501 2108 1550 2150 lis
1569 2123 1788 2165 usurpasse
1814 2107 1992 2150 videtur.
2023 2107 2262 2150 Secundum
2284 2108 2582 2151 Wellstedium
2609 2125 2744 2168 neque

1500 2173 1543 2213 in
1576 2174 1707 2214 Oman
1730 2171 1920 2226 regione,
1956 2184 2091 2226 neque
2120 2171 2163 2212 in
2198 2185 2247 2212 ea
2280 2170 2443 2213 Arabia!
2465 2180 2581 2228 parte
2599 2187 2692 2229 quae
2719 2189 2745 2217 a

1501 2234 1691 2276 Makalla
1723 2246 1915 2275 oceasum
1937 2246 2079 2274 versus
2099 2241 2178 2283 est,
2215 2246 2391 2288 usquam
2417 2233 2514 2276 thus
2534 2237 2743 2291 provenit.

1501 2295 1629 2350 Quod
1652 2296 1686 2336 si
1707 2294 1761 2336 ad
1782 2294 1993 2337 Ptolemaei
2011 2308 2144 2336 aevum
2166 2293 2322 2336 referre
2345 2294 2455 2346 lieet,
2476 2295 2541 2338 vel
2556 2297 2655 2341 binc
2670 2312 2744 2356 pa·

1502 2366 1606 2399 teret
1627 2370 1844 2413 perperam
1867 2355 1920 2397 ad
1950 2355 2054 2397 ostia
2078 2356 2194 2397 sinus
2219 2357 2372 2398 Persici
2400 2355 2631 2400 Sachalit-
2659 2366 2745 2402 tra-

1502 2428 1616 2461 ctum
1640 2419 1859 2461 removeri.
1876 2420 1927 2460 In
1957 2418 2127 2473 regione
2159 2427 2297 2460 autem
2317 2418 2563 2462 intermedia
2586 2434 2670 2463 non
2691 2421 2746 2465 ad

1502 2497 1619 2524 oram
1643 2482 1892 2524 maritimam
1920 2481 2046 2522 arbor
2077 2481 2276 2532 nascitur,
2301 2479 2372 2522 sed
2396 2482 2561 2523 nonnisi
2584 2483 2626 2524 in
2658 2497 2746 2526 me-

1502 2544 1726 2588 diterranei
1743 2551 1896 2588 tractus
1914 2543 2124 2586 montibus
2141 2542 2348 2586 altissimis
2367 2544 2587 2600 provenire
2609 2545 2747 2602 perbi-
2798 2551 2808 2595 j

1501 2609 1637 2651 betur.
1663 2610 1680 2664 ΙΙ
1712 2633 1771 2641 -
1795 2622 1861 2650 11.
1884 2606 2281 2663 ἀπολλυμένοις]
2307 2605 2572 2662 ἀπολλύμενοι
2596 2607 2743 2652 codex.
2788 2615 2808 2667 ,j

1557 2675 1670 2726 §3⁰2
1695 2670 1724 2714 l.
1752 2684 1819 2713 12.
1856 2670 2059 2725 τούτου]
2090 2671 2205 2711 τοῦτο
2238 2667 2352 2719 cod.;
2380 2682 2462 2710 em.
2500 2668 2742 2724 Salmasius,
2797 2689 2808 2705 ³

1500 2731 1780 2789 supplendum
1802 2731 1909 2773 soret
1929 2735 1998 2773 τοῦ
2017 2732 2179 2782 κόλπου,
2200 2729 2315 2786 quod
2338 2744 2470 2785 quum
2492 2731 2631 2787 paullo
2653 2731 2744 2775 lon-
2800 2728 2808 2757 ³

1501 2795 1592 2850 gius
1612 2810 1662 2837 ex
1694 2802 1854 2836 antece.
1878 2792 2148 2849 repetendum
2177 2793 2245 2844 sit,
2281 2800 2322 2834 et
2350 2793 2504 2835 mirum
2537 2794 2662 2837 etiam
2684 2796 2746 2839 vi-
2798 2802 2801 2811 ⁴

1501 2856 1592 2900 deri
1613 2857 1761 2899 debeat
1780 2854 1880 2898 illud
1906 2859 1975 2898 τοῦ
2004 2856 2153 2911 κόσμου
2172 2868 2182 2896 t
2203 2863 2330 2906 rectc,
2363 2863 2483 2911 puto,
2502 2857 2745 2915 Mannertus

1502 2921 1579 2971 VI,
1605 2933 1622 2961 1
1641 2933 1686 2976 p.
1715 2931 1793 2962 120
1810 2917 1887 2973 legi
1910 2917 1994 2959 vult
2015 2929 2024 2957 ε
2044 2916 2181 2958 τούτου
2195 2916 2236 2959 δὲ
2258 2921 2326 2959 τοῦ
2356 2917 2504 2960 κόλπου
2524 2917 2605 2961 les-tl
2619 2917 2745 2976 ἂκρωο

1502 2981 1636 3038 τήριον
1658 2981 1857 3038 μέγιστον.
1871 2980 1959 3036 ΙΙ-
1978 2980 2043 3022 13.
2065 2979 2133 3028 εἰς
2154 2977 2423 3038 ἀνατολὴν]
2442 2982 2504 3023 Ita
2521 2995 2587 3024 res
2604 2981 2743 3026 habet.
2780 2982 2783 2983 ⁷

1507 3046 1691 3098 11-14.
1716 3042 1783 3100 ἐφ’
1807 3039 1860 3084 οὗ
1882 3042 2145 3098 φρούριον]
2170 3044 2233 3084 Ex
2265 3042 2493 3085 viatoribus
2528 3057 2653 3087 nemo
2672 3043 2745 3087 ad·

1503 3106 1586 3148 huc
1607 3107 1650 3147 in
1669 3113 1853 3147 montem
1879 3102 2107 3155 adscendit,
2129 3112 2332 3160 quantum
2350 3104 2495 3147 sciam.
2518 3105 2671 3148 Haines
2690 3105 2746 3148 de

1503 3183 1607 3211 nave
1630 3182 1703 3209 sua
1723 3176 1989 3224 prospectans
2012 3170 2053 3208 in
2078 3167 2229 3209 vertice
2251 3166 2353 3208 vidit
2373 3167 2511 3209 locum
2542 3167 2743 3210 virentem

1503 3230 1783 3285 arborumque
1801 3244 1955 3271 corona
1974 3230 2172 3271 cinctum.
2200 3231 2372 3272 Exstare
2395 3229 2452 3271 ibi
2473 3229 2615 3273 ruinas
2637 3228 2743 3273 sere·

1503 3291 1618 3335 bant.
1646 3293 1832 3335 Omnino
1852 3306 1971 3334 mons
1990 3293 2064 3334 iste
2084 3291 2230 3334 sabulis
2254 3290 2367 3349 apud
2389 3292 2547 3336 Arabes
2567 3292 2742 3337 celeber.

1503 3355 1676 3397 Portum
1699 3368 1886 3411 quoque,
1918 3356 1990 3410 qui
2024 3369 2134 3411 pone
2156 3355 2492 3411 promontorium
2523 3370 2611 3398 esse
2632 3354 2766 3401 dioc-¹.

1505 3415 1627 3458 batur
1658 3425 1698 3458 et
1740 3427 1978 3473 sequentem
2014 3417 2145 3459 litoris
2181 3424 2359 3460 tractum
2399 3418 2572 3460 serutari
2609 3418 2744 3462 naut·-

1504 3479 1647 3534 Anglis
1684 3494 1767 3521 non
1800 3479 1929 3522 licuit.
1957 3482 1973 3535 ll
2005 3504 2062 3511 —
2084 3493 2149 3534 17.
2173 3479 2387 3536 Συάγρῳ
2414 3479 2745 3535 συνορίζουσε

1508 3540 1699 3598 μᾶλλον
1717 3543 1731 3598 ]
1752 3544 1887 3584 Immo
1910 3542 2060 3585 Africae
2085 3543 2376 3600 promontorio
2405 3541 2538 3584 insula
2565 3549 2627 3584 αἱ
2647 3554 2744 3599 pro·

1506 3605 1613 3660 pior.
1636 3605 1881 3647 Distantiam
1898 3620 1921 3646 a
1938 3606 2093 3662 Syagro
2113 3613 2254 3647 monte
2271 3605 2369 3646 satis
2389 3612 2501 3647 recte
2522 3602 2648 3647 tradit
2664 3602 2766 3647 pti-2.

1507 3668 1601 3709 nius
1619 3670 1694 3719 VI,
1719 3669 1787 3710 32.
1806 3667 1872 3710 Cf.
1893 3682 2018 3725 supra
2036 3676 2125 3710 not.
2149 3670 2256 3723 529.
2280 3668 2297 3722 ΙΙ
2316 3665 2748 3724 -Διοσκορίδουι

1507 3730 1565 3771 sic
1582 3730 1823 3772 Ptolcmzrus
1844 3730 1923 3780 VI,
1941 3744 1983 3786 7.
2003 3731 2121 3779 vm,
2145 3742 2192 3784 17
2210 3728 2511 3786 (Διοσκουρῑὸου
2530 3740 2617 3770 var.
2629 3726 2759 3785 lect.)-

1508 3800 1548 3832 et
1587 3793 1742 3834 Plinius
1774 3795 1850 3843 VI,
1885 3793 1956 3835 32.
1988 3792 2216 3848 Διοσκορίὸα
2247 3790 2394 3843 codex,
2428 3789 2544 3847 quod
2578 3790 2612 3832 si
2638 3785 2759 3846 tuet'ij¹

1510 3854 1622 3906 velis,
1653 3855 1751 3896 nihil
1769 3856 1967 3911 refragor.
2002 3854 2268 3910 Διοσκορῖδους
2292 3856 2433 3896 Cosm.
2456 3851 2551 3895 lnd.
2573 3865 2617 3908 p.
2648 3850 2747 3907 1782>

1510 3918 1647 3959 Insula
1662 3917 1777 3964 Indis
1796 3918 2055 3974 frequentata
2082 3931 2195 3959 nunc
2222 3921 2437 3966 Socotom,·
2455 3917 2647 3958 Graecum
2669 3917 2757 3956 ποκ’
2802 3965 2808 3968 -

1511 3994 1605 4021 men
1624 3990 1763 4022 ortum
1785 3996 1836 4022 ex
1860 3980 1937 4023 diu
1966 3978 2161 4037 (insula)
2189 3979 2397 4028 Sokotom,
2425 3978 2510 4020 sive
2531 3977 2631 4032 ling.
2647 3986 2741 4018 nn-
2778 3968 2808 4044 δὲ

1510 4044 1623 4086 sciit.
1640 4043 1772 4101 ‹le-ipa
1787 4043 2007 4094 Sukatara,
2031 4043 2059 4085 i.
2077 4057 2115 4085 e.
2137 4041 2267 4084 insula
2287 4041 2507 4083 fortunata.
2521 4041 2641 4083 Fam·
2654 4033 2747 4092 ejus
