2782 4348
121 203 206 243 132
516 219 565 264 0

0 302 104 344 Phot.
118 297 277 356 μᾶλλον
298 296 456 358 γίνεται
470 331 485 357 ,
509 296 623 343 δοκεῖ
643 296 682 341 δ’
702 286 787 342 οἷον
804 291 1042 353 ἡδύσματος
1058 290 1087 348 ἢ
1100 293 1350 356 παρεμπλο·

114 367 191 421 κῆς
208 364 323 419 τάξιν
345 364 473 428 ἔχειν.
503 363 636 415 'Euam
656 362 699 409 δὲ
711 361 865 409 ’ἱκανὸν
885 360 1032 423 χρόνον
1050 361 1136 414 τοῖς
1157 360 1259 409 ποσὶ
1275 361 1348 408 δε-

116 433 300 496 ψήσωσι,
332 434 543 484 πλινθίδας
580 429 847 520 παραμήκεις
880 428 1184 483 διαπλάσαντες
1225 430 1352 477 πάλιν

115 505 172 557 εἰς
191 503 262 550 τὸν
283 502 400 559 ἥλιον
421 502 620 548 τιθέασιν.
663 500 729 546 Ων
749 497 949 562 ξηρασίαν
981 497 1215 557 λαόουσόν,
1235 498 1354 547 καθί·

71 586 92 617 ι
115 589 259 624 σαντες
273 573 522 633 εὐωχοῦνται
537 567 700 623 πάντες,
716 567 764 611 οὗ
782 564 886 628 πρὸς
900 564 1050 629 μέτρον
1059 565 1132 614 καὶ
1149 566 1350 630 σταθμὸν,

115 640 224 687 ἀλλὰ
242 640 344 700 πρὸς
365 639 439 694 τὴν
455 636 628 683 ἑκάστου
653 634 849 698 βούλησιν
864 634 937 682 καὶ
952 634 1094 700 χάριν.

177 725 234 757 ³⁵.
270 707 372 754 Ὅτι
393 705 495 768 πρὸς
507 703 600 757 τοὺς
619 703 842 769 αἰφνιδίους
861 706 1094 767 χειμῶνας,
1110 705 1151 753 οἳ
1166 706 1242 764 τὴν
1262 707 1347 754 ἀπὸ

115 781 196 824 τῶν
220 775 372 839 ἰχθύων
394 773 542 828 αὖτοὺς
564 772 695 837 θήραν
718 775 1013 837 ἀφαιροῦνται,
1031 775 1187 822 τοιόνδε
1209 795 1249 822 τι
1269 795 1354 837 μη·

114 848 337 910 χανῶνται.
409 842 683 905 Πλανώμενοι
724 842 844 907 παρὰ
882 849 1024 889 πᾶσαν
1065 844 1142 901 τὴν
1176 844 1354 902 πλησίον

56 929 95 959 to
114 914 322 978 παραλίαν
340 914 516 976 κόγχους
530 912 753 974 συνάγουσι
771 912 986 974 (μέγιστοι
1005 911 1049 959 δὲ
1064 913 1352 976 τυγχάνουσιν,

114 985 220 1031 ὥστε
238 985 322 1037 τοῖς
344 983 403 1044 μὴ
427 985 581 1029 ἰδοῦσιν
605 982 779 1029 ἄπιστον
799 983 938 1035 αὐτοῖς
958 986 1033 1028 τοῦ
1060 982 1254 1043 μεγέθους
1273 981 1351 1040 τὴν

114 1053 345 1118 ύπερὸολὴν
365 1046 469 1100 εἶναι
486 1054 501 1114 )
516 1088 529 1112 ,
550 1045 608 1099 ὧν
631 1051 678 1097 τὸ
700 1050 822 1116 κρέας
839 1051 953 1112 ὠμὸν
975 1054 1048 1107 τῆς
1070 1051 1225 1106 ἐνδείας
1248 1053 1353 1098 ἀνα-

113 1124 327 1187 πλήρωσιν
354 1123 448 1170 κατ’
467 1124 597 1169 ἐκεῖνο
625 1126 769 1185 καιροῦ
804 1120 963 1184 ἔχουσι.
1030 1124 1118 1178 Τῆς
1140 1121 1183 1168 δὲ
1209 1121 1352 1185 χρείας

114 1196 186 1250 τῆς
214 1192 297 1239 ἀπὸ
318 1195 399 1238 τῶν
426 1189 577 1254 ἰχθύων
608 1189 669 1237 ἔτι
699 1189 855 1243 τούτοις
883 1189 1230 1254 παραμενούσης,
1258 1190 1351 1244 τοὺς

0 1335 107 1376 Diod.
117 1324 428 1389 λαμὸανόμενοι
449 1324 603 1371 σείουσι
620 1324 690 1370 τὸν
711 1324 806 1369 ὅλον
827 1324 967 1386 ὄγκον.
995 1326 1051 1372 Αἱ
1074 1323 1147 1385 μὲν
1164 1317 1234 1371 οῦν
1255 1325 1357 1388 σάρ-

119 1415 187 1449 κες
204 1394 484 1460 θρυπτόμεναι
510 1393 578 1440 διὰ
601 1393 679 1451 τὴν
702 1394 932 1457 θερμασίαν
960 1394 1281 1451 ἀποπίπτουσιν,
1313 1397 1356 1441 αἱ

117 1467 156 1513 δ’
185 1464 362 1511 ἄκανθαι
382 1462 651 1528 ῥιπτούμεναι
674 1463 775 1526 πρὸς
798 1463 868 1509 ἕνα
902 1463 1027 1511 τόπον
1067 1464 1199 1526 μέγαν
1224 1464 1356 1528 σωρὸν

119 1537 409 1591 ἀποτελοῦσιν,
428 1532 713 1596 ἀθροιζόμεναι
724 1532 868 1596 χρείας
885 1532 1020 1579 ἕνεκεν
1037 1533 1133 1597 περὶ
1151 1527 1200 1590 ἧς
1212 1533 1361 1596 μικρὸν,

118 1603 289 1666 ὕστερον
321 1605 508 1665 ἐροῦμεν.
535 1601 657 1649 Μετὰ
685 1602 883 1649 δὲταῦτα
910 1602 984 1656 τὰς
1006 1602 1081 1663 μὲν
1110 1603 1268 1666 σάρκας
1289 1603 1359 1650 ἐπί

61 1694 104 1726 20
119 1691 227 1725 τινος
264 1671 516 1733 λεωπετρίας
550 1671 862 1733 κατατιθέμενοι
907 1676 1108 1719 πατοῦσιν
1153 1674 1359 1734 ἐπιμελῶς

120 1742 182 1807 ἐφ’
203 1742 345 1789 ἱκανὸν
367 1740 515 1804 χρόνον
534 1740 606 1787 καὶ
628 1740 933 1803 καταμίσγουσι
954 1740 1024 1788 τὸν
1046 1746 1116 1788 τοῦ
1133 1741 1357 1806 παλιούρου

118 1811 295 1876 καρπόν.
318 1811 482 1859 Τούτου
502 1810 583 1874 γὰρ
606 1810 1018 1874 συναναχρωσθέντος
1041 1811 1087 1858 τὸ
1102 1819 1186 1857 πᾶν
1203 1811 1358 1872 γίνεται

118 1884 273 1944 χρῶμα
298 1882 502 1933 κολλῶδες
515 1898 526 1909 ·
553 1880 625 1926 καὶ
645 1882 755 1927 δοκεῖ
773 1886 893 1927 τοῦτο
910 1881 1097 1945 καθάπερ
1122 1881 1359 1942 ἡδύσματος

119 1952 221 2014 παρ’
251 1951 390 2003 αὐτοῖς
429 1949 539 2013 ἔχειν
570 1949 702 2004 τάξιν.
739 1950 801 1998 Τὸ
823 1950 867 1996 δὲ
889 1953 1120 1997 τελευταῖον
1141 1949 1187 1997 τὸ
1223 1953 1360 2004 καλῶς

57 2036 98 2067 25
121 2017 302 2077 πατηθὲν
326 2022 384 2073 εἰς
402 2019 616 2072 πλινθίδας
642 2019 906 2083 παραμήκεις
928 2024 1160 2079 τυποῦντες,
1178 2020 1359 2068 τιθέασιν

121 2092 177 2142 εἰς
208 2089 279 2135 τὸν
314 2089 445 2146 ἥλιον·
470 2089 519 2142 ἃς
542 2088 791 2151 συμμέτρως
826 2089 1094 2154 ξηρανθείσας
1119 2090 1361 2146 καθίσαντες

119 2163 478 2221 κατευωχοῦνται,
495 2161 541 2205 οὗ
563 2157 646 2219 μὴν
665 2158 766 2221 πρὸς
788 2160 936 2222 μέτρον
952 2159 979 2215 ἢ
1002 2158 1185 2221 σταθμὸν
1205 2160 1362 2207 ἐσθίον-

118 2247 210 2291 τες,
229 2227 337 2274 ἀλλὰ
352 2228 453 2287 πρὸς
472 2227 549 2284 τὴν
580 2226 686 2274 ἰδίαν
705 2227 882 2274 ἑκάστου
900 2226 1111 2290 βούλησιν,
1140 2227 1217 2285 τὴν
1236 2247 1359 2293 φυσι-

119 2298 197 2355 κὴν
219 2296 347 2361 ὄρεξιν
366 2297 527 2360 ἔχοντες
547 2299 621 2352 τῆς
644 2296 911 2350 ἀπολαύσεως
930 2296 1210 2361 περιγραφήν·
1234 2299 1359 2343 ἀνεκ-

56 2385 99 2416 ao
117 2368 298 2421 λείπτοις
320 2366 400 2430 γὰρ
421 2366 493 2414 καὶ
511 2364 579 2412 διὰ
605 2366 757 2419 παντὸς
781 2367 956 2428 ἑτοίμοις
977 2370 1161 2430 χρῶνται
1192 2366 1361 2428 ταμιεύ-

122 2457 268 2499 μασιν,
289 2441 344 2490 ὡς
371 2437 421 2483 ἂν
442 2440 515 2483 τοῦ
546 2437 804 2490 Ποσειδῶνος
825 2436 871 2483 τὸ
901 2440 973 2494 τῆς
1004 2435 1224 2501 Δήμητρος
1243 2437 1358 2501 ἔργον

121 2507 428 2570 μετειληφότος.

184 2595 243 2626 35.
269 2576 432 2625 Ἐνίοτε
457 2575 500 2623 δὲ
535 2578 775 2634 τηλικοῦτον
801 2577 847 2623 ἐκ
879 2580 951 2623 τοῦ
984 2575 1188 2639 πελάγους
1208 2579 1264 2629 εἷς
1284 2574 1359 2633 τὴν

121 2649 269 2710 χέρσον
305 2648 555 2693 κυλινδεῖται
588 2651 704 2708 κῦμα
736 2645 808 2692 καὶ
839 2645 914 2700 τὰς
942 2646 1090 2710 ῥαχίας
1118 2648 1181 2709 ἐφ’
1203 2645 1361 2708 ἡμέρας

61 2732 102 2763 35
121 2715 278 2769 πολλὰς
323 2716 571 2769 κατακλύζει
603 2715 775 2779 λάὸρον,
811 2713 919 2762 ὥστε
959 2714 1118 2776 μηδένα
1160 2714 1360 2761 δύνασθαι

122 2788 206 2839 τοῖς
243 2785 382 2838 τόποις
423 2786 715 2849 προςεγγίζειν.
741 2786 897 2849 Διόπερ
934 2784 1043 2831 κατὰ
1065 2783 1229 2837 τούτους
1267 2784 1361 2838 τοὺς

122 2854 289 2919 καιροὺς
317 2855 578 2909 σπανίζοντες
599 2859 752 2917 τροφῆς
767 2891 779 2912 ,
804 2854 852 2901 τὸ
877 2853 953 2916 μὲν
972 2857 1136 2917 πρῶτον
1153 2853 1245 2907 τοὺς
1263 2853 1362 2915 κόγ-

121 2943 220 2989 χους
241 2924 482 2985 συλλέγουσι
494 2959 506 2981 ,
526 2924 791 2981 τηλικούτους
808 2923 856 2969 τὸ
880 2923 1048 2986 μέγεθος
1076 2916 1134 2969 ὧν
1153 2923 1361 2985 εὑρίσκον-

123 2994 196 3043 ταί
216 3012 322 3047 τινες
354 2994 639 3056 τετραμναῖοι·
669 2993 724 3039 τὰ
749 2992 825 3054 μὲν
860 2992 940 3055 γὰρ
972 2993 1075 3049 κύτη
1101 2992 1361 3054 συντρίόουσι

59 3074 104 3107 ⁴0
123 3063 258 3117 λίθους
286 3063 516 3125 εὖμεγίθεις
554 3061 859 3124 ἐμὸάλλοντες,
894 3062 970 3118 τὴν
1008 3061 1042 3108 δ’
1073 3060 1183 3115 ἐντὸς
1224 3061 1360 3124 σάρκα

126 3132 409 3181 κατεσθίουσιν
431 3131 569 3194 ὠμὴν,
594 3134 670 3188 τῆς
706 3130 885 3191 γεύσεως
918 3129 1042 3188 οὔσης
1074 3134 1361 3195 παρεμφεροῦς

124 3210 207 3258 τοῖς
221 3202 417 3268 ὀστρέοις.
484 3198 620 3248 ’Euam
642 3201 686 3247 Bi
712 3201 781 3247 διὰ
800 3201 877 3257 τὴν
901 3199 1114 3263 συνέχειαν
1136 3203 1218 3246 τῶν
1236 3219 1361 3246 πνευ-

127 3276 269 3333 μάτων
309 3272 378 3319 ἐπὶ
414 3270 584 3318 πλείονα
620 3269 769 3334 χρόνον
801 3270 999 3329 πληθύειν
1046 3269 1255 3333 συμὸαίνῃ
1290 3269 1359 3315 τὸν

127 3342 340 3401 Ὠκεανὸν,
360 3341 432 3389 καὶ
446 3342 521 3398 τὴν
539 3341 728 3387 εἰωθυῖαν
748 3339 876 3406 θήραν
895 3343 976 3387 τῶν
1000 3339 1151 3403 ἰχθύων
1168 3337 1359 3400 ἐκκλείσῃ

65 3433 106 3463 05
125 3414 171 3458 τὸ
192 3416 264 3468 τῆς
300 3411 579 3475 περιστάσεως
616 3410 828 3469 ἀδύνατον,
851 3410 920 3457 ἐπὶ
953 3409 1046 3462 τοὺς
1073 3409 1276 3472 κόγχους,
1306 3409 1361 3460 ὡς

128 3483 304 3543 εἴρηται,
328 3480 567 3543 τρέπονται·
590 3481 626 3525 εἰ
649 3479 692 3525 δὲ
710 3484 737 3536 ἡ
761 3482 807 3526 ἐκ
825 3482 906 3526 τῶν
926 3478 1089 3542 κόγχων
1104 3477 1235 3543 τροφὴ
1254 3495 1360 3524 σπα-

125 3550 240 3607 νίζει,
262 3549 586 3612 καταφεύγουσιν
599 3548 667 3595 ἐπὶ
687 3548 756 3594 τὸν
773 3551 853 3595 τῶν
871 3550 1058 3595 ἀκανθῶν
1077 3547 1228 3611 σωρόν.
1284 3545 1363 3594 Ἐκ

138 3633 2669 3664 M
2744 3650 2747 3651 ι

128 3716 231 3751 rect.
256 3710 293 3750 Α
312 3706 419 3748 Dein
438 3720 515 3762 pro
543 3706 791 3754 κολλῶδες
817 3705 941 3747 codd.
963 3706 1159 3748 κόλλωσιν
1183 3705 1254 3757 εἰς;
1278 3703 1362 3747 col·

128 3771 213 3814 lato
230 3766 442 3819 Diodoro,
467 3781 550 3808 em.
575 3766 768 3818 Bekker.;
801 3770 972 3823 propius
995 3785 1018 3810 a
1041 3768 1231 3810 codicum
1262 3766 1362 3809 scri-

129 3842 253 3891 ptura
270 3830 427 3874 abesset
445 3844 523 3886 pro
552 3829 747 3871 κόλλωσιν
772 3829 822 3878 εἰς
850 3830 933 3885 μὲν,
961 3831 1145 3883 κόλλησις
1167 3830 1217 3879 εἰς
1235 3831 1277 3872 ἓν
1299 3827 1365 3871 vel

1091 192 1169 239 Ex
1202 159 1685 244 Aesrasacfflna

2497 199 2570 261 (υ.
2583 203 2656 264 20.)

1420 302 1611 348 Tandem
1633 305 1708 348 ubi
1729 307 1826 349 satis
1852 306 1927 349 diu
1951 306 2127 364 pedibus
2151 307 2426 363 subegerunt,
2458 308 2659 367 oblongos
2712 350 2713 353 ,
2742 348 2752 367 ¹.
2779 349 2782 351 .

1421 383 1640 430 latetuulos
1670 387 1769 431 inde
1796 388 1995 432 formatos
2024 389 2078 432 ad
2115 390 2244 433 solem
2268 390 2409 433 denuo
2426 401 2656 448 exponunt.

1422 465 1589 520 Quibus
1629 468 1855 513 siccitatem
1885 469 2070 527 adeptis,
2114 470 2420 514 discumbentes
2454 481 2662 529 quotquot

1423 557 1523 592 sunt
1547 563 1634 592 una
1667 551 1904 608 epulantur,
1939 567 2026 596 non
2057 553 2110 597 ad
2139 569 2375 598 mensuram
2399 565 2442 598 et
2477 556 2658 613 pondus,
2731 522 2782 582 ζμ

1423 629 1496 673 scd
1517 629 1573 674 ad
1589 630 1789 689 cujusque
1801 634 2020 678 arbitrium
2034 644 2075 678 et
2098 636 2365 694 voluptatem.

1480 710 1551 754 35.
1582 712 1736 756 Contra
1750 718 2012 771 tempestatas
2029 718 2280 773 repentinas,
2298 732 2390 782 quie
2400 720 2575 776 piscium
2593 736 2662 762 ve·
2750 731 2759 741 ⁴

1423 792 1638 836 nationem
1650 794 1711 836 eis
1724 794 2010 852 intercipiunt,
2030 796 2109 840 tale
2124 799 2336 855 quippiam
2354 800 2662 845 machinantur.

1423 873 1632 928 Vagsnte·
1662 888 1740 931 per
1770 882 1901 917 totam
1922 876 2083 919 viciniae
2113 876 2301 922 littoralis
2337 895 2454 924 oram
2483 884 2665 926 coactns

1428 951 1554 1008 (quae
1582 951 1640 994 ibi
1661 961 1760 995 sunt
1778 955 1986 1006 maximae,
2005 963 2055 997 ut
2075 958 2372 1012 magnitudinis
2399 976 2591 1005 excessus
2614 965 2663 1006 iis
2753 1005 2766 1016 ,,

1425 1033 1498 1088 qui
1522 1046 1607 1073 non
1626 1031 1821 1075 viderunt
1835 1033 1889 1075 sit.
1909 1033 2193 1091 incredibilis)
2208 1038 2420 1095 colligunt,
2440 1043 2664 1102 crudisque

1425 1111 1575 1153 harum
1590 1111 1785 1154 carnibus
1799 1113 1843 1154 in
1858 1112 1925 1155 illa
1935 1114 2133 1171 temporis
2143 1114 2382 1161 difficultate
2397 1120 2665 1179 indigentiam

1422 1191 1604 1247 explent.
1664 1192 1780 1245 Quin
1803 1192 1935 1234 immo
1952 1191 2056 1235 dum
2084 1191 2223 1237 adhue
2244 1197 2420 1252 piscium
2445 1199 2525 1243 illis
2547 1205 2667 1260 copia

1421 1331 1689 1388 apprehensis
1718 1331 1876 1384 caudis,
1917 1342 2047 1376 totam
2084 1344 2277 1391 quassant
2310 1337 2480 1382 molem.
2514 1341 2669 1384 Carnes

1422 1410 1550 1465 igitur
1577 1409 1714 1452 calore
1740 1410 1985 1467 permollitae
2005 1410 2228 1464 decidunt;
2246 1422 2289 1455 at
2307 1416 2435 1471 spinae
2469 1417 2512 1459 in
2536 1431 2667 1461 unum

1421 1484 1617 1542 projectae
1629 1486 1770 1529 locum
1782 1501 1975 1542 magnam
1986 1487 2172 1531 efficiunt
2185 1498 2358 1543 struem,
2368 1491 2473 1534 etad
2488 1502 2665 1547 certum,

1422 1563 1494 1618 qui
1511 1562 1635 1619 paulo
1661 1562 1834 1606 inferius
1847 1563 2025 1616 dicetur,
2057 1580 2178 1608 usum
2195 1577 2474 1612 reservantur.
2498 1572 2595 1613 Post
2624 1571 2667 1613 id

1422 1653 1568 1681 carnes
1586 1640 1630 1681 in
1649 1639 1739 1682 laevi
1758 1638 1940 1696 quadam
1962 1649 2078 1697 petra
2096 1641 2302 1698 depositas
2316 1641 2370 1684 ad
2385 1642 2547 1699 justum
2565 1653 2668 1688 tem-

1422 1729 1502 1772 pus
1529 1714 1750 1772 diligenter
1776 1716 1935 1759 calcant
1950 1732 2011 1766 ,ac
2032 1717 2180 1775 paliuri
2214 1718 2396 1761 fructum
2420 1719 2666 1765 admiscent.

1422 1794 1513 1835 Hac
1540 1783 1742 1836 infectura
1773 1802 1909 1836 totum
1930 1793 2031 1836 illud
2062 1809 2200 1837 massa
2222 1795 2425 1850 glutinosa
2443 1796 2514 1849 fit,
2542 1797 2670 1855 idque

1423 1868 1682 1912 condimenti
1697 1870 1796 1927 ipsis
1810 1870 1902 1913 loco
1923 1886 2010 1914 esse
2026 1871 2205 1914 videtur.
2265 1874 2479 1916 Postremo
2495 1873 2539 1916 id
2553 1874 2667 1931 quod

1423 1946 1558 2003 probe
1572 1946 1773 1990 calcatum
1790 1956 1869 2000 est,
1887 1949 1930 1990 in
1945 1948 2091 1991 lateres
2110 1948 2310 2005 oblongos
2329 1950 2608 2001 conformant,
2627 1961 2670 1994 et

1423 2024 1478 2066 ad
1496 2024 1625 2067 solem
1646 2033 1865 2081 exponunt
1881 2041 1893 2077 ;
1914 2025 2067 2081 quibus
2085 2025 2249 2069 modice
2267 2026 2471 2079 arefactis,
2488 2026 2670 2071 discum·

1425 2101 1571 2144 benten
1595 2101 1738 2144 hilaris
1755 2101 1879 2144 simul
1911 2102 2061 2144 animis
2086 2102 2323 2159 epulantur,
2357 2103 2670 2162 comedantque

1426 2193 1512 2220 non
1533 2177 1588 2221 ad
1609 2193 1848 2221 mensuram
1871 2188 1945 2221 aut
1966 2178 2155 2235 pondus,
2175 2178 2249 2222 sed
2266 2179 2319 2222 ad
2352 2194 2476 2224 suum
2492 2183 2670 2238 quisque

1428 2255 1666 2307 arbitrium,
1703 2263 1753 2297 ut
1798 2256 1872 2312 qui
1915 2255 2093 2297 naturali
2132 2256 2319 2312 appetitu
2347 2255 2669 2301 determinatum

1429 2330 1596 2373 fruendi
1626 2331 1803 2374 modum
1828 2330 1998 2374 habeut.
2057 2333 2122 2374 Ex
2140 2331 2218 2374 hac
2249 2333 2361 2374 enim
2380 2346 2494 2390 penu
2509 2347 2672 2391 semper

1428 2422 1571 2470 parata
1585 2414 1644 2455 eis
1657 2412 1932 2470 depromendi
1947 2414 2067 2471 copia
2079 2421 2155 2465 est,
2169 2427 2217 2456 ae
2228 2414 2262 2455 si
2278 2414 2498 2470 Neptunus
2511 2415 2671 2458 Cereris
2716 2432 2720 2436 ·

1429 2494 1614 2537 officium
1631 2496 1864 2552 participet.

1487 2578 1556 2619 35.
1575 2577 1840 2634 Quandoque
1858 2585 1997 2619 tamen
2012 2585 2097 2619 tam
2115 2577 2215 2618 vasti
2233 2577 2277 2618 in
2297 2584 2449 2620 terram
2465 2577 2610 2621 fluctus
2627 2592 2673 2620 se

1430 2667 1602 2710 volvunt
1615 2698 1627 2718 ‚
1647 2675 1689 2709 et
1706 2665 1845 2708 multis
1866 2665 2013 2708 diebus
2034 2646 2368 2707 iuas'submersas
2385 2673 2527 2709 tenent
2547 2665 2668 2718 adeo,

1430 2765 1477 2798 ut
1499 2770 1623 2797 nemo
1642 2755 1738 2797 illuc
1765 2755 2100 2811 appropinquare
2120 2754 2242 2795 ausit.
2302 2751 2404 2795 Ideo
2439 2768 2570 2811 quum
2597 2770 2670 2812 pe—

1429 2845 1551 2887 nuria
1580 2844 1712 2885 victus
1735 2843 1901 2883 interim
1923 2841 2136 2891 laborent,
2162 2841 2298 2897 primo
2326 2840 2505 2883 conchas
2528 2841 2670 2898 legunt

1430 2937 1553 2972 tantae
1581 2927 1903 2984 magnitudinis,
1928 2934 1976 2968 ut
2000 2925 2207 2968 nonnullae
2233 2935 2430 2982 quattuor
2459 2927 2669 2971 minarum

1429 3016 1572 3074 pondo
1586 3018 1863 3059 inveniantur.
1876 3015 2034 3057 Crustis
2049 3014 2160 3056 enim
2170 3013 2388 3069 grandium
2404 3012 2556 3069 injectu
2571 3013 2672 3071 lapi·

1430 3105 1533 3146 dum
1549 3104 1753 3154 contusis,
1774 3114 1917 3143 carnes
1939 3100 2017 3142 sub
2036 3099 2100 3141 his
2118 3098 2267 3141 crudas
2288 3099 2504 3150 devorant,
2524 3113 2670 3155 sapore

1431 3194 1577 3237 ostreis
1594 3191 1753 3235 affines.
1780 3191 1821 3233 Si
1857 3190 1983 3244 igitur
2001 3187 2210 3229 continuis
2240 3194 2459 3228 ventorum
2482 3184 2671 3242 procellis

1431 3282 1589 3324 diutius
1606 3277 1790 3323 exundat
1805 3279 2010 3326 Oceanus,
2035 3284 2076 3317 et
2092 3281 2313 3330 tempestas
2333 3273 2438 3315 aeris
2455 3280 2670 3329 capturam

1430 3371 1606 3428 piscium
1622 3365 1819 3418 excludit,
1839 3366 1993 3422 primo,
2014 3371 2062 3405 ut
2075 3362 2234 3405 dictum
2257 3369 2333 3413 est,
2353 3359 2407 3403 ad
2429 3359 2607 3402 conchas
2627 3374 2672 3402 se

1432 3462 1695 3500 convertunt.
1725 3451 1886 3507 Quodsi
1905 3451 2028 3493 etiam
2051 3464 2102 3491 ex
2123 3436 2320 3491 his'cibus
2338 3445 2477 3489 deficit
2491 3477 2502 3497 ,
2518 3444 2571 3488 ad
2591 3446 2674 3502 spi·

1432 3556 1581 3586 narum
1601 3553 1768 3583 acervos
1785 3536 2046 3593 confugiunt.
2066 3533 2171 3577 Inde
2185 3547 2286 3590 quas
2300 3539 2486 3575 recentes
2503 3538 2545 3573 et
2559 3529 2671 3571 succi

1428 3704 1579 3758 χρῆμα.
1603 3702 1620 3755 ΙΙ
1639 3724 1695 3732 -
1714 3713 1728 3740 ι
1741 3731 1750 3740 .
1762 3697 1847 3739 οἷον
1865 3696 2081 3752 ἡδύσματος
2094 3695 2109 3751 ]
2121 3691 2240 3735 οἷονεί
2251 3690 2455 3747 δύσμικτος
2468 3690 2501 3731 Β
2521 3696 2563 3731 et
2581 3702 2673 3730 cor-

1429 3773 1531 3807 rect.
1549 3767 1601 3806 Λ.
1625 3783 1641 3799 ι
1654 3763 1747 3804 Fuit
1765 3762 1933 3803 sortasse
1951 3757 2071 3800 οἱονεὶ
2085 3757 2285 3812 δέσματος,
2314 3770 2331 3793 n
2357 3751 2556 3795 Bekkerus
2569 3782 2581 3801 ,
2598 3764 2674 3807 pa·

1432 3841 1525 3870 rum
1542 3826 1725 3868 feliciter.
1747 3826 1762 3878 Η
1780 3849 1836 3856 —-
1851 3825 1892 3865 3.
1906 3819 2206 3875 διαπλάσαντες]
2224 3815 2451 3869 ποιήσαντες
2463 3815 2496 3856 Β
2507 3821 2549 3856 et
2558 3826 2668 3855 corr.

131 3895 317 3949 κόλλησις
338 3892 422 3950 μὲν.
441 3893 543 3935 Mox
559 3906 637 3948 pro
652 3892 697 3933 τὶ)
716 3894 791 3934 πᾶν
811 3891 912 3933 πολὺ
926 3891 1021 3933 cod.
1043 3895 1076 3935 C
1095 3906 1104 3933 :
1126 3893 1171 3934 τὸ
1186 3889 1371 3947 παμπολῖι
1434 3892 1487 3932 Α.
1509 3888 1573 3931 Cf.
1589 3903 1680 3944 qum
1694 3887 1841 3929 similia
1853 3885 1906 3927 de
1920 3882 2241 3940 Ichthyophagis
2254 3885 2395 3922 narrat
2411 3877 2612 3920 Arrianus
2626 3875 2675 3916 iu

133 3957 259 4015 Apud
277 3956 455 3999 Diodor.
477 3954 599 4010 vulgo
617 3954 765 4010 legitur
785 3954 933 4010 γίνεται
961 3959 1136 4010 χρῶμζα
1154 3955 1370 4003 κολλῶδες,

134 4025 174 4063 in
202 4036 286 4078 quo
317 4022 448 4063 miror
467 4033 552 4062 non
577 4016 798 4061 offendisse
833 4016 1026 4059 editores.
1062 4019 1159 4073 ch.
1191 4018 1376 4074 suspicor

1435 3951 1627 3993 Historiae
1649 3949 1801 3991 Indicae
1819 3962 1910 4005 cap.
1928 3960 1998 4002 29.

1496 4015 1603 4067 535,
1628 4012 1655 4054 1.
1688 4026 1752 4054 11.
1778 4010 2000 4063 ἰδοῦσιν]
2026 4011 2056 4051 Λ
2076 4023 2087 4059 ;
2109 4006 2217 4048 ἰδῶσι
2251 4006 2310 4057 C;
2343 4001 2482 4046 εἰδόσιν
2506 4001 2556 4043 Β,
