2756 4354
1108 215 1111 217 .
1176 166 1516 227 PRAEFA'rio.
1841 183 1844 186 ⁴
2539 210 2598 242 Π,

75 288 331 364 praestitit
345 289 372 338 J
376 302 591 338 oANNEs
610 285 932 373 HUDspNUS,
953 284 999 335 G
1004 281 1328 355 eographioe
1338 283 1541 336 veteris
1553 283 1847 356 scriptores
1854 302 2067 356 graecos
2085 290 2323 359 minores
2340 305 2604 364 quattuor

75 381 464 439 voluminibus
492 378 847 453 complexus,
885 376 1119 432 Oxoniae
1143 377 1456 453 1698-1712
1477 378 1575 451 (1).
1595 383 1650 432 Is
1675 399 1855 454 quum
1879 379 2158 435 librorum
2189 385 2603 446 rarissimorum

78 497 338 535 acervum
362 477 494 531 satis
519 475 775 550 amplum
804 475 1110 549 collegerit,
1134 474 1284 528 bene
1314 475 1588 529 meruisse
1611 475 1681 529 de
1707 476 2003 550 republica
2025 477 2313 533 literarum
2336 481 2460 553 jure
2481 504 2606 541 cen-

75 587 241 630 setur.
267 555 624 647 Quamquam
650 590 718 625 eo
750 571 986 626 nomine
1020 569 1142 624 laus
1178 569 1413 624 editoris
1444 570 1774 624 continetur
1815 582 2041 624 tantum
2083 591 2199 627 non
2233 576 2437 629 omnis,
2470 580 2605 632 Nam

75 671 337 728 ordinem
366 690 554 724 rerum
593 681 820 724 secutus
859 681 943 723 est
973 668 1116 723 adeo
1152 668 1397 738 nullum,
1430 680 1511 738 ut,
1542 669 1731 722 mixtis
1759 672 2104 744 separandiS,
2135 674 2415 751 longeque
2448 678 2610 750 disje-

71 769 178 824 ctis
201 788 324 843 quae
344 767 511 841 jungi
534 765 842 835 debebant,
869 777 1055 820 totum
1077 786 1222 841 opus
1249 767 1497 841 speciem
1528 765 1775 840 praebeat
1817 766 2108 841 farraginis
2145 770 2283 825 hinc
2328 773 2462 828 inde
2493 794 2611 828 cor-

73 850 305 921 rasaead
325 863 618 940 implenda
639 863 933 918 volumina
961 883 1083 938 quae
1105 863 1424 938 bibliopola
1444 863 1788 939 postulabat.
1814 864 2041 920 Notulis
2077 886 2230 932 vero,
2272 888 2411 941 quas
2436 871 2610 942 majo-

71 984 195 1019 rem
218 975 436 1040 partem
455 981 484 1016 e
501 962 758 1016 Salmasii
781 961 941 1016 libris
974 974 1262 1037 excerptas
1278 1004 1291 1031 ,
1319 963 1531 1037 partim
1555 962 1626 1016 de
1652 982 1756 1016 suo
1789 961 2031 1035 subjecit
2054 963 2366 1018 Hudsonus
2384 1007 2397 1034 ,
2419 967 2610 1020 nescio

73 1081 215 1117 num
235 1061 496 1116 affectare
529 1079 742 1114 munus
766 1060 1093 1134 interpretis
1117 1079 1187 1112 an
1215 1058 1443 1113 eludere
1473 1059 1734 1127 voluerit,
1756 1059 1959 1134 saepius
1977 1079 2234 1133 quaerens
2250 1061 2343 1115 ille
2368 1065 2614 1137 suscepti

72 1159 286 1214 laboris
315 1158 565 1213 taedium.
592 1161 703 1211 Nec
743 1157 991 1210 multum
1017 1156 1194 1210 literis
1217 1155 1559 1230 profuerunt
1596 1156 1820 1210 insertae
1848 1156 2130 1212 Dodwelli
2159 1157 2229 1211 de
2259 1159 2613 1232 singulorum

73 1268 373 1311 auctorum
407 1266 563 1308 aetate
594 1255 932 1328 scriptisque
957 1253 1381 1308 dissertationes
1396 1295 1410 1323 ,
1436 1273 1576 1328 quas
1599 1254 1791 1307 sanior
1813 1254 2058 1329 quisque
2089 1274 2223 1308 cum
2248 1256 2611 1331 Bernhardyo

74 1352 224 1407 dicet
250 1375 275 1401 <c
290 1350 526 1405 mirifice
540 1369 832 1425 perversas
856 1362 910 1404 et
934 1350 1117 1405 aridas
1133 1351 1408 1427 vanisque
1430 1351 1793 1405 acuminibus
1818 1351 2123 1406 dissertas.»
2149 1354 2411 1407 Ceterum
2436 1374 2610 1429 quum

72 1446 366 1517 incendiO,
395 1459 459 1501 ut
481 1447 673 1512 fertur,
703 1446 908 1501 theatri
934 1446 1307 1502 Sheldoniani
1351 1446 1532 1519 major
1563 1467 1692 1522 pars
1731 1449 2139 1524 exemplarium
2168 1451 2447 1524 periisset,
2477 1451 2615 1506 hinc

72 1545 320 1620 pretium
354 1544 564 1598 factum
592 1556 676 1598 est
703 1544 953 1619 reliquiS,
980 1544 1121 1619 adero
1150 1557 1213 1599 ut
1245 1564 1378 1598 mox
1403 1545 1637 1599 nonnisi
1666 1546 2065 1600 numatissimo
2095 1548 2302 1622 cuique
2328 1549 2613 1623 integrum

0 1629 6 1673 s
75 1662 219 1717 opus
252 1655 398 1698 esset.
421 1642 690 1717 parabile.
718 1643 809 1696 Sic
846 1642 1070 1717 elegans
1104 1642 1226 1716 ejus
1253 1643 1541 1717 exemplar
1580 1663 1609 1697 e
1643 1642 1804 1698 libris
1840 1645 2075 1699 Firmini
2108 1645 2282 1699 Didot
2316 1646 2502 1701 soluto
2527 1648 2614 1701 bis

75 1737 230 1792 mille
257 1737 581 1791 francorum
607 1739 791 1813 pretio
822 1738 952 1792 felix
987 1737 1222 1813 quidam
1257 1738 1590 1816 redemptor
1631 1739 1885 1794 abstulit.
1931 1745 1992 1794 In
2034 1754 2187 1795 tanta
2228 1742 2397 1816 igitur
2428 1745 2615 1818 operis

2 1896 5 1905 ι
74 1835 434 1890 Hudsoniani
477 1836 704 1890 raritate
737 1848 792 1890 et
833 1836 1079 1904 caritate,
1119 1856 1190 1890 ne
1229 1835 1415 1890 dicam
1448 1838 1830 1911 perversitate,
1873 1838 2020 1892 nihil
2053 1840 2264 1893 mirum
2307 1853 2391 1894 est
2420 1853 2615 1916 postea

0 1938 8 1944 ⁴
75 1932 398 2008 complures
428 1934 707 1988 exstitisse
734 1935 887 1988 viros
917 1934 1117 1989 doctos
1154 1934 1254 2008 qui
1285 1934 1356 1988 ad
1389 1954 1605 1988 novum
1643 1935 1962 2010 parandum
2006 1937 2458 2012 geographorum
2491 1960 2616 2013 syn-

77 2043 259 2105 tagma
283 2032 726 2105 accingerentur.
753 2032 996 2101 PrimUS,
1024 2032 1084 2084 ni
1103 2031 1281 2100 fallor,
1311 2034 1618 2086 PENZELms
1647 2053 1855 2108 corpus
1880 2035 2333 2110 geographorum
2359 2037 2614 2112 quinque

77 2130 248 2183 tomis
298 2129 715 2184 absolvendum
747 2130 1012 2204 promisit
1037 2129 1136 2203 (2).
1182 2131 1352 2203 Spem
1379 2131 1716 2184 monstravit
1741 2132 1967 2205 egitque
2014 2132 2284 2206 quietem.
2314 2134 2432 2188 Sub
2463 2133 2613 2188 idem

75 2236 299 2301 tempus
323 2227 729 2302 amplissimam
760 2226 1161 2280 collectionem
1184 2225 1544 2295 moliebatur,
1570 2210 1871 2302 operisque
1899 2229 2342 2284 delineationem
2364 2232 2613 2284 Parisino

76 2325 328 2379 virorum
361 2326 683 2398 sapientum
705 2324 943 2395 collegio
968 2323 1235 2376 submisit
1256 2326 1517 2376 BARONUS
1539 2343 1610 2375 DE
1637 2327 2040 2378 SAINTE-CROIX
2056 2326 2154 2397 (3).
2183 2327 2361 2397 Hujus
2388 2347 2614 2400 quoque

131 2473 164 2506 1.
192 2467 451 2515 Geoqraphz‘ae
473 2468 619 2504 veleris
642 2467 860 2514 scriptores
895 2467 1016 2511 qraecl
1045 2466 1235 2510 mimi-es,
1271 2474 1362 2502 cum
1389 2466 1726 2511 interpretacione
1751 2465 1903 2507 latina,
1935 2465 2292 2505 dissertationibus
2319 2469 2359 2505 et
2382 2471 2613 2507 annotatio-

77 2524 210 2562 nibus.
241 2522 322 2561 Vol.
344 2524 379 2560 I.
408 2523 584 2562 oxoniae.
603 2524 639 2559 E
666 2521 838 2559 Theatra
859 2520 1146 2558 Slzeldom'cmo.
1169 2522 1473 2559 MDCXCVIII.
1498 2523 1628 2558 insunt
1649 2532 1657 2557 :
1686 2525 1715 2558 1.
1732 2521 1926 2558 Hannonis
1948 2522 2125 2568 periplus.
2145 2527 2181 2559 2.
2199 2523 2362 2570 Scylacis
2375 2534 2453 2570 per.
2471 2530 2507 2562 3.
2524 2529 2617 2573 Aga-

76 2579 304 2619 tharchides.
327 2582 362 2616 4.
388 2578 535 2616 Arriani
555 2578 686 2626 peripl.
712 2579 820 2615 Ponti
841 2581 939 2615 Eux.
965 2583 1000 2615 5.
1026 2576 1172 2613 Arriani
1196 2577 1325 2623 peripl.
1349 2577 1464 2613 maris
1487 2576 1686 2623 Erythraei.
1707 2582 1742 2614 6.
1764 2577 1923 2614 Nearchi
1944 2578 2118 2624 paraplus
2144 2588 2189 2615 ex
2205 2578 2378 2615 Arriano.
2401 2582 2437 2617 7.
2457 2581 2615 2618 Marcia-

76 2647 148 2674 nus
173 2635 405 2674 Heracleota.
429 2640 463 2671 8.
487 2633 676 2681 Anonymi
692 2632 823 2681 peripl.
845 2633 954 2670 Ponti
983 2631 1121 2669 Euxini
1143 2630 1156 2678 (
1173 2630 1252 2677 ejus
1269 2640 1352 2678 pars
1371 2630 1487 2667 altera
1506 2631 1641 2677 legitur
1653 2631 1692 2667 in
1712 2630 1903 2669 volumine
1922 2632 2033 2669 tertio
2058 2633 2150 2680 111).
2169 2655 2218 2664 -
2232 2635 2426 2671 vomitum
2446 2637 2494 2682 ΙΙ,
2512 2637 2611 2683 quod

78 2692 217 2740 prodiit
250 2702 310 2728 an.
341 2693 450 2735 1703,
475 2690 629 2726 insunt:
657 2693 689 2726 1.
729 2688 984 2726 Dicaearchus.
1009 2693 1043 2725 2.
1085 2686 1264 2724 Isidorus.
1311 2689 1345 2723 3.
1379 2688 1563 2734 Scy-mnus
1592 2686 1720 2724 Chius.
1747 2689 1781 2724 4.
1809 2687 2031 2725 Plutarchus
2053 2690 2109 2725 De
2144 2687 2279 2727 ssuviis.
2315 2693 2349 2726 5.
2381 2690 2618 2738 Agathemeri

78 2748 164 2786 libri
183 2750 232 2786 ΙΙ.
257 2753 293 2785 6.
319 2746 623 2784 Chrestomathia
643 2744 906 2783 Straboniana.
926 2765 974 2772 --
994 2746 1195 2782 VoLuuuOE
1219 2744 1286 2788 111,
1312 2742 1413 2779 edito
1436 2752 1496 2779 an.
1528 2746 1634 2788 1712,
1660 2742 1927 2780 continentur:
1959 2748 1989 2780 1.
2012 2746 2198 2791 Excerpta
2218 2754 2238 2782 e
2260 2745 2428 2793 Dionysii
2452 2747 2619 2794 Byzantii

78 2806 223 2855 Anaplo
239 2804 395 2852 Bospori
419 2804 582 2842 Thracii.
615 2809 649 2842 2.
672 2804 861 2851 Anonymi
883 2802 1014 2850 peripl.
1042 2803 1151 2839 Ponti
1171 2802 1182 2845 (
1196 2801 1244 2838 cf.
1265 2799 1341 2837 vol.
1364 2802 1394 2845 1,
1410 2803 1430 2838 8
1454 2799 1480 2848 ).
1510 2803 1546 2836 3.
1574 2799 1765 2847 Expositio
1787 2799 1903 2837 totius
1922 2799 2054 2836 mundi
2071 2804 2108 2837 et
2130 2800 2314 2848 gentium,
2339 2801 2466 2839 latine.
2487 2805 2521 2840 4.
2548 2805 2620 2841 Va-

79 2863 146 2900 riae
165 2862 343 2900 lectiones
355 2860 395 2898 in
408 2863 530 2899 Anon.
551 2862 807 2899 Ravennatem
823 2870 844 2897 e
856 2859 942 2898 cod.
961 2859 1161 2897 Vaticano.
1182 2862 1217 2895 5.
1239 2855 1434 2894 Ptolemaei
1450 2855 1599 2892 Arabia.
1613 2875 1661 2882 —
1681 2861 1717 2893 6.
1736 2855 1965 2893 Chorasmiae
1986 2857 2023 2893 et
2038 2857 2364 2903 Mawaralnahrae,
2386 2858 2457 2895 hoc
2473 2860 2542 2906 est,
2558 2870 2614 2897 re⁴

10 2941 21 2945 —
80 2919 235 2968 gionum
250 2923 356 2958 extra
379 2917 538 2956 fluvium
556 2921 697 2964 Oxum,
714 2916 912 2965 descriptio
928 2926 974 2955 ex
991 2916 1130 2954 tabulis
1145 2924 1268 2962 geogr.
1288 2912 1486 2951 Abulfedae
1510 2911 1690 2958 ismaelis,
1715 2911 1819 2949 arab.
1841 2913 1878 2949 et
1894 2912 1979 2958 lat.,
1999 2922 2090 2949 cura
2111 2914 2149 2950 et
2168 2913 2294 2952 studio
2312 2913 2495 2952 Johannis
2514 2917 2619 2952 Grae-

81 2977 143 3023 vii,
164 2978 223 3015 cui
240 2987 344 3024 seqq.
363 2986 515 3024 quoque
531 2975 682 3014 arabica
698 2975 898 3013 debentur.
914 2999 960 3006 —
974 2978 1010 3013 7.
1034 2971 1229 3012 Abulfedae
1244 2969 1444 3018 descriptio
1462 2968 1607 3007 Arabiae
1627 2978 1716 3005 cum
1736 2967 1876 3005 tabulis
1894 2967 2137 3015 longitudinis
2151 2970 2189 3006 et
2208 2969 2419 3009 latitudinis
2431 2970 2616 3008 locorum.

87 3057 134 3065 -
147 3037 182 3072 8.
206 3032 384 3081 EJusdem
401 3032 604 3081 descriptio
621 3033 735 3070 maris
753 3031 903 3070 Persici.
923 3053 971 3062 —
991 3034 1027 3068 9.
1041 3029 1218 3077 EJusdem
1242 3025 1442 3074 descriptio
1463 3024 1576 3062 maris
1591 3023 1724 3061 Rubri.
1743 3044 1790 3053 —
1812 3028 1868 3061 10.
1888 3023 1993 3061 Binae
2010 3023 2149 3061 tabulae
2165 3034 2302 3073 geogr„
2316 3034 2392 3062 una
2407 3026 2531 3064 Nassir
2543 3027 2616 3064 Ed-

83 3089 158 3126 dini
184 3091 322 3134 Persae,
346 3088 464 3126 altera
482 3089 582 3135 Ulug
602 3088 702 3136 Beigi
726 3088 867 3129 Tatari.
888 3108 934 3118 ·-
960 3091 1016 3125 11.
1041 3085 1228 3132 Excerpta
1246 3092 1291 3120 ex
1315 3082 1464 3130 Georgii
1486 3080 1623 3119 medici
1644 3080 1915 3128 Chrysococcae
1941 3080 2097 3128 syntaxi
2122 3083 2317 3119 Persarum
2341 3092 2407 3129 per
2424 3082 2619 3120 Ismaelem

87 3142 331 3181 Bullialdum.
352 3163 399 3170 -
428 3147 485 3181 12.
513 3143 706 3180 Ptolemaei
728 3142 858 3181 tabula
884 3141 1126 3190 longitudinis
1155 3142 1192 3178 et
1215 3139 1424 3176 latitudinis
1457 3138 1607 3176 urbium
1629 3137 1844 3184 insignium.
1865 3158 1914 3163 -
1939 3140 1997 3174 13.
2029 3136 2222 3174 Ptolemaei
2244 3137 2436 3185 catalogus
2458 3137 2619 3175 fixarum

81 3198 286 3237 stellarum.
313 3221 353 3230 -
381 3200 572 3236 Vononen
593 3201 659 3245 IV,
684 3209 745 3245 an.
771 3202 885 3245 1712,
911 3198 1064 3236 exhibet
1093 3195 1262 3243 Dionysii
1288 3194 1497 3243 Perlegesin
1516 3204 1604 3232 cum
1638 3193 1910 3231 commentario
1933 3192 2139 3238 Eustathii,
2175 3193 2408 3231 versionibus
2426 3193 2557 3230 Avieni
2583 3195 2621 3231 et

85 3254 262 3294 Prisciani
285 3255 298 3304 (
317 3255 456 3294 inserto
472 3256 587 3294 etiam
611 3256 742 3294 Avieni
767 3256 814 3294 de
833 3266 898 3293 ora
922 3255 1112 3293 maritima
1131 3252 1297 3292 carmine
1318 3252 1347 3300 ),
1373 3251 1591 3301 paraphrasi
1613 3261 1734 3299 graeca
1749 3252 1786 3288 et
1803 3249 1965 3288 scholiis.
1989 3249 2248 3296 subjiciuntur
2272 3251 2495 3297 Fragmenta
2515 3261 2620 3297 quac-

85 3311 172 3349 dam
195 3311 439 3359 geographica
459 3323 480 3350 e
502 3311 611 3350 codd.
631 3311 834 3359 exscripta.

137 3373 171 3405 2.
192 3367 279 3404 Vid.
297 3368 443 3406 Fabric.
471 3369 566 3407 Bibl.
583 3372 650 3407 Gr.
671 3370 764 3406 tom.
784 3371 850 3414 IV,
873 3379 910 3416 p.
933 3372 1001 3407 667
1024 3368 1085 3406 ed.
1107 3367 1271 3405 Harless,
1290 3367 1328 3403 et
1345 3368 1498 3404 Jenaer
1522 3365 1601 3401 [Αἰ.
1625 3364 1801 3408 Zeitunq
1821 3371 1884 3398 an.
1906 3363 2014 3406 1785,
2037 3362 2080 3397 N.
2105 3364 2193 3407 1285
2218 3359 2424 3398 Bredovius
2443 3360 2480 3398 in
2500 3361 2619 3409 Epist.

89 3421 244 3459 Parisin.
274 3433 314 3470 p.
339 3426 399 3470 34,
424 3434 473 3462 ex
490 3435 568 3473 quo
587 3424 871 3463 adornationem
892 3423 1139 3471 syntagmatis
1165 3422 1397 3461 Penzelianae
1423 3420 1632 3458 exscribam
1655 3430 1664 3456 ·.
1690 3422 1819 3457 Tomos
1843 3420 1873 3455 1.
1898 3420 2199 3455 MATHEMATlCUS
2222 3428 2230 3453 :
2255 3418 2406 3464 Aratus,
2427 3417 2619 3464 Geminus,

88 3477 307 3515 Cleomedes
324 3478 371 3516 de
393 3481 550 3527 mundo,
569 3481 690 3519 Procli
705 3481 865 3529 sphaera,
890 3480 1063 3528 Autolyci
1084 3480 1244 3528 sphaera,
1264 3477 1501 3526 Agathemeri
1520 3476 1783 3524 hypotyposes.
1809 3496 1855 3505 -—
1882 3476 2012 3512 Tomos
2037 3476 2085 3511 11.
2114 3475 2395 3511 UMVERSALlSz
2424 3473 2623 3520 Dionysius

91 3531 295 3577 >Periegeta,
317 3534 500 3581 scymnus
520 3536 660 3583 Chius,
687 3536 824 3584 Scylax
838 3565 847 3581 ‚
880 3535 1075 3574 Strabonis
1095 3535 1327 3582 Chrestom„
1352 3534 1516 3582 Menippi
1548 3531 1780 3581 Pergameni,
1822 3530 2050 3570 Artemidori
2070 3529 2217 3578 Ephesii
2241 3530 2279 3567 et
2300 3529 2441 3577 Ephori
2461 3528 2622 3567 Cumani

94 3587 314 3633 fragmenta.
339 3610 387 3619 -
410 3592 540 3628 TOMUS
569 3594 637 3631 111.
665 3594 961 3630 Pxnncntxms.
996 3594 1150 3630 vorum.
1174 3595 1204 3630 Ι.
1229 3594 1326 3630 Asia
1357 3594 1396 3630 el
1415 3591 1558 3639 Africa
1580 3604 1593 3629 .·
1613 3588 1908 3637 Agatharchides
1936 3587 1982 3625 de
2001 3586 2095 3624 mari
2112 3586 2226 3624 rubro
2236 3599 2247 3634 ;
2278 3586 2457 3625 Arrianus
2488 3584 2620 3632 Peripl.

91 3641 208 3679 maris
247 3640 386 3688 Rubri;
410 3644 586 3691 Ejusdem
614 3647 761 3695 Indica3
787 3647 981 3685 Hannonis
1003 3658 1103 3695 per.;
1136 3649 1315 3686 Marciani
1340 3659 1414 3696 per.
1444 3647 1555 3685 maris
1579 3646 1746 3692 externi;
1775 3644 1909 3683 Isidori
1942 3643 2097 3682 stathmi
2125 3642 2309 3689 Parthici;
2334 3642 2620 3680 Monumentum

93 3697 357 3735 Adulitanum.
379 3700 471 3736 Vol..
500 3704 545 3738 11.
574 3705 739 3751 Europa
765 3717 778 3742 :
799 3704 947 3741 Arriani
965 3705 1002 3741 et
1023 3705 1209 3753 Anonymi
1234 3698 1310 3753 per.
1338 3704 1448 3743 Ponti
1467 3706 1581 3749 Eux.;
1602 3701 1810 3741 Dicaearchi
1832 3702 1981 3748 fragm.;
2003 3699 2229 3737 Plutarchus
2244 3702 2300 3736 De
2327 3697 2464 3734 fluviis.
2483 3717 2533 3723 —
2548 3698 2621 3733 Το-

93 3763 168 3790 mus
187 3755 254 3790 lv.
277 3763 394 3791 sacen
420 3766 430 3791 ε
451 3756 633 3795 Eusebius
661 3761 742 3808 περὶ
758 3764 831 3797 τῶν
851 3764 1014 3797 τοπικῶν
1035 3760 1225 3809 ὀνομάτων
1242 3772 1328 3798 cum
1355 3771 1453 3798 vers.
1479 3758 1711 3806 Hieronymi.
1734 3757 1934 3805 Epiphanii
1951 3756 2118 3805 διήγησις
2133 3755 2213 3803 περὶ
2241 3759 2303 3800 τῆς
2334 3753 2462 3803 Συρίας
2478 3753 2539 3790 καὶ
2561 3756 2622 3796 τῆς

92 3809 201 3857 ἁγίοις
218 3809 370 3853 πόλεως.
401 3811 534 3849 Pliocae
559 3812 729 3861 ἔκφρασις
748 3818 820 3852 τῶν
842 3815 899 3853 ἐπ’
914 3816 1131 3865 Ἀντιοχείας
1146 3817 1316 3866 κάστρων
1333 3816 1476 3865 Συρίας,
1493 3815 1667 3859 Φοινίκης
1683 3815 1759 3852 κτλ.
1780 3812 1969 3850 Perdiccae
1988 3812 2158 3860 ἕκφρασις
2179 3811 2259 3859 περὶ
2279 3813 2352 3846 τῶν
2376 3809 2411 3846 ἐν
2426 3806 2622 3855 Ἱεροσολύ-

97 3876 177 3911 μοις
199 3869 382 3913 κυριακῶν
400 3865 576 3913 θεμάτων.
595 3869 780 3915 Anonymi
803 3870 980 3914 ἀπόδειξις
1000 3873 1079 3920 περὶ
1095 3876 1168 3910 τῶν
1185 3872 1462 3923 Ἱεροσολύμων.
1482 3894 1530 3899 --
1548 3874 1675 3910 Toxius
1700 3873 1748 3909 V.
1782 3880 1918 3908 nii-:nius
1939 3882 1948 3908 ε
1968 3873 2122 3908 Cosmas
2153 3866 2418 3915 lndopleustes.
2437 3861 2624 3902 Palladius

96 3922 152 3957 De
173 3920 454 3968 Bragmanibus.
477 3923 700 3962 constantin
721 3927 772 3962 De
793 3925 903 3964 them.
931 3929 969 3965 et
993 3927 1040 3966 de
1063 3927 1166 3967 adm.
1191 3929 1283 3977 imp.
1314 3929 1447 3968 codini
1468 3927 1668 3976 descriptio
1687 3927 1791 3964 urhis
1809 3929 1851 3965 C.
1872 3928 1912 3964 P.
1938 3925 2157 3964 Theodorus
2180 3924 2284 3961 Gaza
2308 3921 2353 3958 de
2372 3918 2513 3967 origine
2527 3921 2622 3957 Tur-

92 3984 238 4013 carum.
1748 3984 1750 3988 .

150 4034 183 4068 3.
209 4031 398 4072 Me'mot're
416 4034 565 4083 envoy&
587 4034 613 4073 ὰ
646 4036 861 4074 Messieurs
886 4035 942 4076 du
962 4039 1142 4078 Journal
1157 4039 1226 4079 des
1247 4042 1426 4090 scavans
1446 4050 1518 4079 sur
1541 4049 1620 4079 une
1650 4039 1835 4079 nouvelle
1858 4037 2011 4076 edition
2038 4019 2106 4074 des
2126 4035 2250 4083 pellls
2280 4030 2527 4080 yeoyraphes
2548 4040 2623 4067 an-

2325 4123 2363 4150 a.
