2808 4342
698 133 736 172 Ο

180 230 270 271 568

517 276 558 316 0

178 322 390 385 γινομένω
420 318 525 362 πλοῦ
544 315 618 359 οὗκ
644 313 694 358 ἄν
715 330 775 364 τις
795 309 944 374 ῥᾳδίως
973 308 1080 355 εἴποι
1107 306 1180 360 τὰς
1199 306 1359 364 αἰτίας,
1381 309 1417 354 εἶ

181 391 240 451 μὴ
267 389 346 450 ἄρα
369 388 428 448 τῷ
461 383 582 445 τάχει
603 386 674 427 τοῦ
705 378 931 443 σκάρουςῆ
960 381 1019 441 τῷ
1055 378 1198 440 βράδει
1218 379 1418 433 άναθῆναι

180 460 226 505 τὸ
248 462 439 515 πταῖσμα
458 452 695 516 βουληθείη.
763 448 1107 512 Ὦμολογημίνον
1122 447 1202 511 γὰρ
1222 450 1332 495 τοῦθ’
1355 447 1419 494 ὅτι

180 525 444 576 ἑπτακοσίους
465 524 784 587 οὗριοδρομοῦσα
807 524 902 572 ναῦς
925 518 993 566 διὰ
1017 525 1114 579 μιᾶς
1146 517 1259 563 ἀνύει
1285 518 1417 579 (τῆς)

139 614 158 642 s
181 597 363 659 ἡμέρας,
399 593 508 655 εὕροι
534 590 640 655 [δέ]
675 608 735 643 τις
758 589 807 636 ἂν
839 589 911 637 καὶ
947 586 1205 640 ἐννακοσίους
1234 586 1422 639 σταδίους

181 667 487 726 διαδραμοῦσαν
505 663 604 706 ναῦν
620 660 667 705 ἐκ
685 661 758 715 τῆς
774 662 846 705 τοῦ
863 656 1252 708 κατασκευάσαντος
1273 654 1422 718 τέχνης

181 735 229 781 τὸ
253 734 376 794 τάχος
403 729 723 793 προσλαὸοῦσαν
738 764 752 786 ,
787 728 858 775 καὶ
897 727 1040 791 ἑτέραν
1073 725 1189 787 μόλις
1211 741 1420 771 πεντακο-

182 804 290 855 σίους
313 799 588 855 διανύσασαν,
610 798 677 845 διὰ
696 797 773 854 τὴν
797 797 984 844 ἐναντίαν
1006 799 1079 852 τῆς
1099 795 1247 857 τέχνης
1270 793 1421 840 αἰτίαν.

184 873 292 918 Ἀλλ’
331 870 443 931 ὅμως
478 867 726 929 συγγνώμης
749 865 887 920 ἀξιοῦν
909 865 992 929 χρὴ
1021 864 1073 911 τὰ
1096 867 1269 910 τοιαῦτα
1292 861 1422 908 πταί-

126 956 163 986 ιο
185 960 343 1002 σματα.
411 940 475 986 Οὔ
498 937 577 1001 γὰρ
601 940 642 984 ἐν
666 935 824 999 ἠπείρῳ
857 935 1022 999 χωρίων
1041 937 1162 980 τινῶν
1186 932 1260 983 τὴν
1282 931 1424 992 διαμέ-

184 1029 329 1074 τρησιν
353 1008 621 1064 ἐποιήσαντο,
643 1008 736 1052 ἀλλ’
757 1007 800 1054 ἰν
819 1004 938 1051 ὕδατι
952 1006 1023 1052 καὶ
1043 1002 1262 1062 πελάγεσιν
1283 1003 1332 1048 δι
1354 1004 1427 1057 τῆς

185 1079 397 1137 συνηθείας
420 1077 543 1124 πλέον
572 1075 599 1132 ἢ
640 1076 679 1130 ἐξ
713 1075 855 1138 ἑτέρας
888 1074 995 1138 ’πρὸς
1026 1072 1327 1135 ἐπιτεχνήσεως
1357 1070 1426 1117 τὸν

187 1148 359 1213 ἀριθμὸν
380 1150 463 1194 τῶν
483 1146 660 1193 σταδίων
684 1146 883 1207 εὑρόντες.

247 1235 284 1264 ο.
320 1217 503 1280 Διῄρηκε
527 1215 569 1262 δὲ
592 1214 844 1266 ὀΜένιππος
866 1212 935 1260 τὸν
954 1211 1180 1275 περίπλουν
1203 1213 1284 1257 τῶν
1304 1211 1425 1274 τριῶν

126 1302 165 1332 15
186 1288 394 1351 ἠπείρων,
417 1286 554 1339 Ἀσίας
575 1304 619 1332 τε
639 1284 711 1331 καὶ
736 1283 942 1347 Εὐρώπης
964 1284 1035 1330 καὶ
1059 1281 1229 1339 Διὸύης,
1252 1280 1320 1326 τὸν
1337 1279 1428 1342 τρό-

187 1377 263 1404 πον
287 1362 445 1403 τοῦτον·
469 1357 538 1402 τὸν
561 1354 871 1411 Ἑλλήσποντον
889 1353 960 1399 καὶ
978 1351 1241 1415 Προποντίδα
1259 1350 1347 1409 ἅμα
1370 1351 1429 1412 τῷ

188 1427 364 1491 Θρᾳκίῳ
388 1426 593 1489 Βοσπόρῳ
615 1425 686 1471 καὶ
710 1423 929 1487 προσέτιγε
953 1423 1022 1468 τὸν
1057 1419 1245 1474 Εὔξεινον
1270 1420 1430 1467 Πόντον

191 1497 397 1559 ἑκατέρων
427 1498 508 1541 τῶν
538 1494 719 1555 ἠπείρων
734 1528 746 1549 ,
769 1496 842 1547 τῆς
864 1510 908 1537 τε
939 1490 1077 1542 Ἀσίας
1095 1489 1166 1535 καὶ
1188 1492 1261 1544 τῆς
1285 1487 1431 1551 Εὐρώ·

110 1595 118 1602 -
188 1585 285 1622 πης,
311 1564 471 1628 ἀφελὼν
495 1563 577 1626 ἰδίᾳ
597 1562 865 1623 περιέπλευσε
880 1596 892 1617 ,
918 1560 1113 1622 πρότερον
1133 1557 1207 1615 μὲν
1228 1557 1297 1604 τὸν
1323 1558 1432 1605 Πόν-

126 1647 168 1677 20
189 1654 283 1694 τον,
309 1633 397 1694 μετ’
438 1634 590 1678 ἐκεῖνον
624 1631 667 1677 δὲ
701 1631 769 1676 τὸν
799 1629 982 1694 Θρᾴκιον
1015 1628 1228 1691 Βόσπορον
1256 1628 1328 1673 καὶ
1357 1626 1432 1684 τὴν

194 1702 457 1768 Προποντίδα
478 1701 566 1762 ἅμα
587 1703 647 1764 τῷ
669 1700 993 1762 Ἑλλησπόντῳ,
1017 1698 1100 1744 ἀπὸ
1130 1702 1200 1745 τοῦ
1229 1699 1339 1759 ἱεροῦ
1362 1701 1433 1743 τοῦ

191 1772 446 1831 καλουμένου
480 1771 575 1823 Διὸς
610 1770 765 1831 Οὐρίου
782 1805 794 1826 ,
819 1768 921 1831 ὅπερ
958 1770 1024 1814 ἐπ’
1048 1768 1171 1813 αὐτοῦ
1196 1769 1330 1813 κεῖται
1362 1769 1433 1812 τοῦ

192 1844 394 1903 στόματος
417 1845 487 1888 τοῦ
514 1841 673 1888 Πόντου
696 1877 709 1901 ,
745 1843 814 1886 τοῦ
852 1837 1053 1900 περίπλου
1074 1836 1148 1892 τὴν
1180 1835 1313 1899 ἀρχὴν
1338 1838 1433 1881 ἑκα·

192 1914 320 1975 τέρων
353 1915 435 1958 τῶν
480 1911 664 1975 ἠπείρων
702 1909 996 1969 ποιησάμενος.
1066 1905 1188 1954 Μετὰ
1225 1908 1268 1951 δὲ
1301 1908 1434 1950 ταῦτα

130 1994 170 2024 2³³
194 1983 276 2029 ἀπὸ
298 1986 378 2028 τῶν
402 1980 657 2041 λειπομένων
683 1983 755 2035 τῆς
787 1979 993 2040 Εὐρώπης
1016 1979 1151 2039 μερῶν
1180 1975 1433 2038 ἀρξάμενος,

193 2054 385 2116 περιπλεῖ
406 2058 546 2096 πᾶσαν
571 2049 698 2103 αὐτὴν
723 2048 846 2111 μέχρι
876 2052 944 2093 τοῦ
971 2044 1220 2107 Ἡρακλείου
1250 2046 1435 2106 πορθμοῦ

194 2123 265 2168 καὶ
288 2124 368 2167 τῶν
388 2119 597 2180 Γαδείρων
622 2121 695 2173 τῆς
715 2117 857 2171 νήσου.
927 2108 1013 2161 Εἶθ’
1040 2114 1165 2165 οὕτως
1189 2117 1244 2165 εἰς
1266 2112 1338 2167 τὴν
1361 2114 1436 2156 ἀν-

195 2190 366 2252 τιπέραν
404 2187 552 2238 διαὸὰς
584 2189 661 2247 γῆν
697 2184 806 2230 κατὰ
837 2184 905 2229 τὸν
942 2181 1188 2244 Ἡράκλειον
1225 2181 1407 2243 πορθμὸν
1422 2215 1435 2240 ,

196 2259 304 2305 τοῦτ’
325 2259 433 2303 ἔστιν
455 2257 510 2307 εἷς
524 2254 597 2310 τὴς
617 2251 800 2308 Λιὸύην,
826 2251 981 2307 ταύτην
1001 2268 1045 2295 τε
1071 2249 1199 2305 αὐτὴν
1214 2251 1409 2311 περιπλεῖ
1422 2283 1434 2304 ,

133 2340 175 2370 ³0
196 2328 266 2375 καὶ
295 2326 492 2373 συνάπτει
517 2322 651 2385 ταύτῃ
683 2322 751 2367 τὸν
787 2325 859 2376 τῆς
892 2319 1028 2372 Ἄσίας
1049 2319 1277 2382 περίπλουν
1314 2317 1439 2380 μέχρι

196 2403 266 2444 τοῦ
312 2394 606 2459 προρρηθέντος
643 2390 972 2447 Ἑλλησπόντου.
1044 2390 1128 2436 Καὶ
1176 2392 1202 2444 ἡ
1250 2387 1323 2448 μὲν
1363 2387 1439 2443 ὅλη

197 2467 306 2520 τάξις
340 2470 411 2512 τοῦ
459 2463 659 2527 περίπλου
703 2465 844 2507 τοῦτον
882 2460 968 2522 ἔχει
1012 2458 1080 2504 τὸν
1112 2458 1277 2521 τρόπον,
1310 2456 1362 2503 τὰ
1397 2456 1439 2502 δὲ

197 2538 305 2583 κατὰ
332 2536 452 2598 μέρος
475 2533 568 2589 ἑξῆς
591 2531 839 2588 ἐκὸήσεται,
875 2528 1151 2593 σαφεστέρας,
1170 2530 1224 2578 ὡς
1245 2526 1440 2589 προείρη-

198 2624 291 2661 ται,
312 2604 488 2667 τυχόντα
513 2606 584 2658 τῆς
606 2600 867 2663 διορθώσεως.

137 2734 178 2764 36
432 2727 632 2763 ΠΟΝΤΟΥ
660 2723 897 2760 ΕΥΞΕῙΝΟΥ
927 2720 1214 2758 ΠΕΡΙΠΛΟΥΣ

201 2821 381 2868 ἑκατέρων
398 2824 470 2857 τῶν
496 2818 671 2867 ἠπείρων,
691 2821 764 2855 τῶν
783 2828 823 2854 τε
837 2815 939 2864 παρὰ
957 2815 1022 2859 τήν
1039 2813 1162 2855 Ἀσίαν
1179 2817 1252 2850 τῶν
1274 2824 1312 2849 τε
1340 2810 1440 2859 παρὸ.

299 2876 363 2918 τὴν
379 2874 560 2922 Εὐρώπην
578 2873 715 2910 τόπων.
737 2873 794 2909 Τὰ
814 2871 851 2908 δὲ
869 2871 966 2908 κατὰ
986 2871 1091 2918 μέρος
1108 2869 1224 2912 οὕτως
1248 2868 1339 2916 ἔχει·

223 2984 318 3019 ΤΩΝ
351 2983 417 3019 ΕΝ
448 2982 532 3018 ΤΗι
562 2981 692 3016 Amin
723 2980 897 3015 MEPnN
928 2980 1020 3013 'rot‘
1053 2979 1252 3013 ΠΟΝΤΟΥ
1284 2978 1426 3012 ΠΕΡΙ·

582 3045 585 3048 *
737 3047 913 3083 ΠΛΟΥΣ.

140 3166 182 3197 to
267 3167 302 3199 7.
345 3149 466 3198 Κατὰ
486 3148 554 3194 τὸν
586 3147 768 3211 Θρᾴκιον
795 3146 1007 3207 Βόσπορον
1040 3144 1111 3189 καὶ
1139 3143 1185 3188 τὸ
1208 3142 1342 3201 στόμα
1374 3145 1443 3186 τοῦ

205 3221 394 3274 Εὐξείνου
431 3220 587 3266 Πόντου
625 3220 666 3263 ἐν
691 3225 773 3268 τοῖς
806 3214 945 3268 δεξιοῖς
977 3218 1049 3270 τῆς
1079 3213 1214 3264 Ἀσίας
1257 3210 1445 3272 με’ρεσιν,

208 3290 313 3353 ἅπερ
346 3289 432 3335 ἐστὶ
459 3294 528 3335 τοῦ
559 3289 741 3334 Βιθυνῶν
777 3287 941 3341 ἔθνους,
977 3290 1110 3329 κεῖται
1142 3282 1294 3344 χωρίον
1318 3279 1444 3341 Ἱερὸν

208 3360 480 3419 καλούμενον,
508 3360 549 3403 ἐν
567 3350 601 3420 ᾧ
624 3357 722 3407 νεώς
742 3357 829 3401 ἔστι
848 3355 940 3406 Διὸς
965 3354 1119 3415 Οὐρίου
1142 3350 1446 3413 προσαγορευό-

210 3501 280 3533 sed
310 3493 349 3532 id
385 3493 519 3548 ipsum
546 3503 714 3545 quoque
741 3488 1007 3530 librariorum
1039 3485 1158 3541 culpa
1188 3490 1447 3538 corruptum.

215 3555 234 3609 ΙΙ
254 3577 312 3585 -
335 3568 371 3595 1.
389 3553 469 3601 τὰς
494 3551 653 3600 αἰτίας
675 3555 687 3604 ]
712 3550 858 3591 durius
876 3549 1034 3590 dictum
1057 3548 1159 3588 soret
1193 3561 1270 3602 pro
1299 3544 1365 3592 τὰς
1385 3545 1451 3594 τῆς

211 3616 416 3672 διαφωνίας
447 3614 591 3666 αἰτίας,
619 3613 733 3669 quod
761 3613 894 3668 ipsum
924 3611 1063 3667 potius
1093 3610 1153 3650 vel
1187 3607 1318 3649 simile
1349 3604 1449 3661 quid

212 3677 498 3734 reponendum
530 3685 605 3736 cst..
640 3677 657 3730 11
690 3698 748 3707 -
777 3676 819 3715 3.
860 3673 1169 3729 ὡμολογημένου
1212 3668 1326 3717 cod.;
1367 3681 1449 3709 em.

213 3740 331 3782 editt.
354 3740 442 3794 11-
458 3741 481 3787 4
516 3741 584 3789 τῆς
602 3737 742 3778 alwssc
759 3735 890 3786 malis,
910 3744 951 3776 at
966 3734 1153 3775 similiter
1169 3733 1209 3773 in
1224 3730 1374 3786 Pcripl.
1393 3743 1450 3772 m.

214 3811 296 3844 ext.
316 3804 352 3853 1,
383 3814 419 3852 1,
447 3801 582 3842 ἕνδεκα
610 3802 706 3847 τοῖς.
734 3800 839 3839 Dein
871 3797 1054 3853 supplevi
1077 3795 1117 3837 δὲ
1146 3793 1404 3851 particulam.
1430 3792 1448 3845 ΙΙ

217 3865 258 3906 5.
277 3864 451 3912 σταδίους
469 3878 552 3903 non
566 3861 740 3903 inseruit
749 3860 899 3909 Miller,
918 3868 960 3900 ut
977 3858 1253 3901 Hoffmannus
1267 3854 1451 3911 putabat,

215 3926 287 3968 sed
306 3925 435 3967 codex
461 3924 631 3980 praebet.
657 3925 673 3978 ΙΙ
706 3947 762 3955 -
781 3936 821 3976 7.
845 3921 952 3976 ἑτέρα
974 3920 1069 3962 cod.
1100 3922 1116 3974 ΙΙ
1141 3944 1197 3951 —-·
1213 3922 1252 3960 8.
1278 3916 1454 3958 ὃικνῦσα-

220 4002 289 4030 σαν
317 4003 459 4043 apogr.
481 3989 596 4038 Vat.,
613 3986 725 4027 unde
751 3984 939 4027 Huschcl
960 3983 1052 4025 fecit
1071 3982 1335 4023 δεικνὺσασαν.
1361 3980 1378 4034 ΙΙ
1400 4001 1457 4010 -
1527 3976 1750 4030 Periplum,
1774 3974 1869 4015 illuc
1893 3972 2085 4014 lectorem
2109 3970 2351 4024 relegamus.

221 4065 263 4103 9.
293 4049 518 4104 ξυγγνώμης
540 4064 607 4104 ap.
626 4050 724 4089 Vat-

1049 208 1352 255 MARCIANI
1386 149 1848 265 BERACLEENsls
1907 191 1926 245 J

332 3441 1664 3465 .——---—-—-—--—-————————-—-

2681 0 2808 78 '³3¹

1685 111 1707 123 l

2530 201 2756 285 (03—0054
2804 247 2808 250 -

1490 327 1657 356 eausam
1676 321 1748 355 aut
1762 312 1882 369 plura
1894 321 1966 355 aut
1982 314 2177 370 pauciora
2191 316 2235 358 iu
2249 318 2595 362 circumvectione
2609 318 2733 365 diuu-

1491 396 1705 430 men-arunt
1721 386 1873 439 stadia;
1894 386 2064 443 quando
2074 395 2212 430 autem
2228 390 2271 431 iu
2283 389 2486 435 directum
2503 392 2549 435 fit
2568 394 2734 448 naviga·
2776 382 2779 390 Ἀ

1492 459 1566 508 ιίο,
1580 472 1722 500 causas
1731 457 2015 515 discrepantia
2029 458 2168 501 dicere
2178 459 2291 502 haud
2306 459 2423 504 facile
2436 472 2513 516 est,
2527 464 2607 506 nisi
2624 452 2732 507 sortss
2776 464 2777 467 ’
2797 460 2808 501 ἶ

1493 526 1643 581 navigii
1654 526 1850 568 celeritati
1865 526 1927 568 vel
1939 525 2120 569 tarditati
2128 526 2289 583 lapsum
2302 529 2529 573 attribuere
2539 531 2734 576 volueris.
2805 532 2808 533 ⁷

1492 596 1543 635 In
1562 593 1750 636 confesso
1779 609 1877 636 sane
1909 602 1970 636 est
1998 609 2146 636 navem
2182 603 2306 638 vento
2334 604 2519 640 utentem
2550 599 2736 643 secundo

1493 662 1748 718 septingenta
1764 677 1851 704 uno
1865 661 1933 704 die
1947 662 2085 704 stadia
2101 663 2327 715 conficere3
2352 673 2394 707 at
2411 665 2596 708 invenias
2612 663 2738 711 et'mn

1495 743 1642 771 navem
1664 744 1757 785 quae
1789 730 1894 772 fabri
1921 738 2009 772 arte
2031 729 2229 787 majorem
2255 740 2374 774 nacta
2402 732 2659 777 velocitatem
2675 735 2738 778 vel

1495 805 1704 852 nongenta
1725 796 1857 840 stadia
1882 806 2114 854 percurrat,
2141 813 2368 856 rursusque
2397 801 2518 843 aliam
2533 832 2546 852 ,
2569 815 2662 857 que
2685 800 2772 852 deq
2800 804 2801 807 ’

1496 866 1703 907 contraria
1727 865 1890 907 artificii
1913 879 2036 908 causa
2062 867 2131 907 vix
2155 868 2378 923 quingenta
2409 869 2607 911 absolvat.
2668 872 2741 913 Ab
2760 878 2801 921 ‘'²7.

1497 943 1636 976 tamen
1668 936 1831 976 veniam
1861 933 2077 989 indulgere
2113 944 2279 991 oportet
2308 936 2549 993 hujusmodi
2577 939 2738 981 erratis.
2773 926 2793 942 '⁴

1500 1004 1597 1045 Non
1627 1003 1739 1044 enim
1772 1003 1815 1044 iu
1848 1003 2088 1044 continente
2116 1003 2206 1044 loca
2237 1002 2575 1058 dimeticbautur,
2599 1005 2672 1049 sed
2698 1008 2741 1049 iu

1497 1086 1607 1127 aqua
1640 1080 1680 1112 et
1714 1070 1912 1121 maribus,
1948 1085 1999 1111 ex
2028 1070 2327 1112 consuetudine
2356 1071 2496 1128 potius
2527 1086 2654 1128 quam
2689 1088 2738 1116 ex

1498 1140 1576 1181 alia
1601 1138 1739 1195 aliqua
1757 1146 1845 1180 arte
1873 1137 2101 1180 stadiorum
2122 1153 2344 1181 numerum
2367 1148 2643 1196 assequentes.

1555 1216 1596 1254 15.
1624 1212 1817 1254 Ceterum
1826 1211 2049 1268 Menippus
2061 1224 2113 1268 pe
2120 1210 2271 1268 riplum
2284 1211 2412 1254 trium
2423 1211 2741 1266 continentium,

1501 1295 1631 1344 Asiae,
1650 1295 1851 1349 Eumpae,
1877 1293 2027 1335 Africae
2041 1325 2052 1345 ‚
2070 1294 2183 1336 hunc
2202 1295 2243 1335 in
2267 1294 2440 1336 modum
2461 1295 2601 1339 divisit
2620 1310 2629 1338 ε
2647 1271 2789 1354 nel-,⁵⁹

1504 1377 1738 1433 loepontum
1757 1385 1798 1418 et
1817 1375 2114 1432 Propontidem
2137 1391 2220 1419 una
2241 1391 2337 1419 eum
2363 1378 2544 1420 Thracio
2561 1374 2808 1436 Bosporo

1502 1466 1543 1499 et
1563 1467 1759 1515 praeterea
1791 1460 2005 1500 Euxinum
2034 1460 2217 1500 Pontum
2242 1460 2459 1516 utriusque
2479 1461 2743 1512 continentis,
2795 1435 2798 1438 <

1504 1541 1612 1583 Asiae
1625 1550 1666 1583 et
1683 1543 1860 1598 Europae
1870 1573 1882 1593 ,
1907 1543 2126 1598 separatim
2144 1543 2510 1599 circumnavigavit
2523 1575 2535 1596 ,
2557 1552 2598 1586 et
2611 1544 2747 1602 primo
2762 1565 2767 1571 ·
2803 1539 2808 1548 ”

1504 1605 1674 1679 quidem
1693 1626 1889 1675 Pontum,
1905 1633 1998 1682 post
2018 1625 2133 1667 illum
2152 1640 2250 1667 vero
2270 1625 2495 1669 Thracium
2515 1628 2746 1684 Bosporum
2782 1550 2808 1744 ³

1505 1713 1545 1746 et
1563 1705 1864 1760 Propontidem
1886 1720 1968 1747 una
1999 1721 2096 1748 cum
2125 1706 2420 1763 Hellesponto,
2441 1721 2466 1750 a
2497 1709 2612 1750 Fauo
2635 1709 2749 1751 Jovis
2788 1750 2790 1754 ,

1505 1790 1596 1830 Urii
1617 1789 1753 1840 dicto,
1778 1789 1893 1845 quod
1914 1791 2095 1845 positum
2126 1798 2188 1831 est
2208 1789 2260 1831 ad
2279 1791 2401 1832 Ponti
2420 1791 2573 1833 ostium
2588 1821 2601 1843 ,
2627 1804 2749 1834 exor·
2780 1749 2808 1847 ἐ

1506 1870 1623 1911 dium
1642 1884 1810 1911 sumens
1827 1870 1974 1926 peripli
1992 1871 2205 1926 utriusque
2222 1872 2488 1913 continentis.
2548 1873 2646 1914 Post
2663 1871 2751 1922 haec
2795 1849 2808 1869 ι’

1510 1966 1533 1992 a
1555 1950 1723 2006 reliquis
1742 1952 1920 2006 Europae
1935 1949 2122 2006 partibus
2141 1950 2358 2006 incipiens,
2376 1951 2506 2006 ipsam
2526 1959 2654 1993 totam
2669 1952 2750 1994 cir·
2798 1966 2808 2020 ¹·

1509 2035 1769 2088 cumnavigat
1787 2047 1917 2089 usque
1935 2033 1984 2075 ad
2004 2032 2153 2075 fretum
2163 2027 2415 2075 'Herculeum
2430 2042 2472 2076 et
2483 2033 2622 2077 Gades
2640 2035 2753 2078 insu·

1508 2112 1604 2153 lam.
1667 2112 1871 2167 Deinceps
1889 2125 1965 2166 per
1985 2110 2134 2152 fretum
2155 2110 2407 2152 Herculcum
2429 2110 2482 2152 ad
2504 2119 2654 2154 terrain
2677 2125 2753 2169 op·
2801 2097 2808 2157 i

1509 2193 1685 2248 positam
1709 2189 1941 2246 trajiciens,
1962 2190 2004 2231 id
2021 2192 2140 2232 estin
2165 2191 2365 2247 Libyam,
2394 2190 2503 2233 hunc
2521 2192 2649 2248 ipsam
2672 2193 2753 2235 cir·
2802 2210 2808 2220 ³

1511 2271 1787 2325 cumnavigat,
1813 2272 1935 2326 eique
1956 2269 2171 2326 conjungit
2190 2270 2397 2326 periplum
2421 2271 2529 2314 Asiae
2553 2285 2686 2328 usque
2700 2272 2754 2316 td

1515 2352 1825 2408 Hellespontum
1843 2350 2105 2407 praedictum.
2138 2353 2199 2393 Ac
2216 2351 2407 2392 universa
2423 2349 2595 2407 quidem
2607 2352 2754 2410 peripli

1513 2433 1730 2489 dispositio
1750 2440 1789 2473 et
1805 2430 1911 2472 ordo
1927 2430 1979 2472 ad
2007 2430 2120 2472 hunc
2136 2429 2308 2472 modum
2330 2445 2373 2472 se
2394 2430 2544 2483 liabet3
2572 2434 2755 2488 particu-
2800 2425 2808 2471 1

1514 2515 1610 2556 laria
1645 2529 1743 2555 vero
1765 2514 1965 2555 continuo
1985 2510 2227 2568 procedent,
2263 2510 2502 2560 clariorem,
2530 2519 2577 2554 ut
2594 2510 2752 2575 dictum
2804 2493 2808 2515 ἓ

1513 2602 1589 2646 est,
1607 2594 1906 2636 correctionem
1933 2599 2064 2632 nacta.

1817 2717 1962 2751 Pon-rx
1998 2715 2172 2749 nnxrm
2209 2701 2455 2748 ramnus

1512 2815 1617 2858 juxta
1632 2815 1821 2856 utramque
1837 2811 2081 2846 continentem
2095 2810 2169 2844 slve
2183 2810 2259 2844 loca
2277 2813 2352 2844 tum
2378 2809 2467 2844 Asiae
2488 2812 2564 2845 tum
2587 2810 2752 2855 Europa.
2799 2802 2808 2897 Ι

1800 2865 2033 2900 Particularia
2058 2867 2179 2899 autem
2197 2864 2243 2898 ita
2263 2862 2394 2899 liabent
2409 2875 2419 2896 ι

1607 2982 1758 3015 Pomm
1794 2980 2017 3013 pannum
2046 2978 2373 3011 asu‘rtcntun
2407 2977 2659 3012 ramnus.
2761 2985 2765 2992 ⁴
2803 2911 2808 3004 l

1574 3156 1614 3195 7.
1658 3143 1782 3181 Juxta
1821 3139 2046 3180 Thracium
2090 3138 2323 3192 Bosporum
2362 3143 2403 3175 et
2443 3134 2595 3175 ostium
2634 3133 2756 3176 Ponti

1517 3209 1668 3251 Euxini
1708 3209 1749 3247 in
1788 3207 1943 3247 dextris
1980 3206 2086 3247 Asiae
2119 3202 2326 3258 partibus,
2363 3214 2457 3255 quae
2480 3198 2757 3257 Bithynorum

1517 3285 1614 3318 sunt
1633 3275 1879 3332 provinciae‚
1896 3272 2002 3327 jacet
2021 3272 2133 3312 locus
2158 3270 2328 3310 ilici-um
2346 3267 2585 3324 appellatus,
2610 3268 2653 3310 iu
2670 3282 2759 3325 quo
2788 3283 2789 3286 ’

1520 3344 1716 3401 templum
1733 3351 1790 3384 cst
1803 3343 1916 3383 Jovis
1929 3342 2019 3382 Urii
2035 3347 2333 3395 nuncupatum.
2395 3339 2435 3379 12
2448 3337 2563 3380 locus
2573 3346 2634 3380 est
2647 3337 2760 3382 unde

1577 3480 1666 3530 56,
1699 3476 1726 3517 1.
1746 3489 1815 3529 ²7·
1850 3478 1940 3515 τῶν
1976 3471 2225 3528 Γαδείρων
2257 3473 2345 3523 τῆς
2381 3469 2564 3526 νήσου]
2596 3468 2758 3514 codex:

1523 3542 1637 3597 μέχρι
1657 3544 1731 3580 τῶν
1751 3541 1818 3579 τοῦ
1841 3535 2070 3592 Ἡρακλείου
2087 3551 2128 3577 π.
2143 3534 2207 3575 καὶ
2222 3533 2413 3589 Γαδείρων
2429 3535 2497 3585 τῆς
2514 3531 2656 3586 νήσους
2673 3545 2757 3576 em.
2776 3559 2778 3561 ·

1522 3603 1764 3644 Hoffmann.
1789 3600 2005 3642 conserens
2026 3613 2067 3655 p.
2090 3613 2131 3653 7.
2156 3596 2204 3639 τὰ
2223 3597 2385 3652 Γάδειρα
2409 3594 2434 3648 ἡ
2458 3597 2574 3647 νῆσος
2595 3602 2639 3637 et
2659 3594 2761 3638 alio·

1524 3667 1633 3707 locos
1655 3663 1821 3705 similes.
1843 3662 2027 3704 Millerus
2046 3658 2216 3701 dederat
2235 3672 2244 3700 :
2268 3659 2382 3715 μίχρι
2407 3661 2483 3699 τῶν
2506 3654 2779 3712 [Ἧρακλίους

1523 3727 1676 3779 στηλῶν
1694 3724 1781 3778 ἦτοι
1800 3726 1813 3781 ]
1833 3727 1900 3766 τοῦ
1926 3721 2015 3778 Ἤρ.
2036 3737 2076 3764 π.
2095 3720 2183 3762 κτλ.
2213 3721 2230 3774 ΙΙ
2249 3744 2304 3752 -
2319 3732 2389 3774 29.
2411 3717 2553 3772 ταύτην
2571 3716 2611 3768 δὲ,
2629 3717 2761 3760 codex

1522 3798 1561 3831 et
1584 3789 1702 3830 editt.
1725 3790 1741 3841 11
1765 3812 1820 3819 -
1843 3788 1912 3829 3ο.
1932 3784 2084 3842 ταύτῃ
2106 3786 2115 3840 Ι
2140 3782 2280 3836 ταύτην
2296 3781 2410 3833 cod.;
2433 3795 2515 3844 cm.
2528 3779 2646 3822 editt.
2672 3781 2689 3835 ΙΙ
2705 3800 2782 3814 --v

1526 3854 1587 3892 De
1606 3851 1774 3904 singulis
1794 3850 1911 3891 Ponti
1936 3848 2034 3889 locis
2049 3860 2141 3902 quae
2156 3846 2224 3901 ap.
2241 3845 2496 3887 Marcianum
2508 3855 2764 3887 commemo·

1525 3922 1685 3962 rantur,
1723 3927 1852 3968 quum
1891 3910 2017 3952 fusius
2049 3909 2206 3950 dictum
2238 3908 2291 3949 sit
2326 3907 2368 3948 in
2400 3913 2486 3948 not.
2518 3903 2571 3946 nd
2599 3903 2762 3947 Arriani

1585 4041 1665 4090 57,
1692 4038 1717 4078 ΙΔ
1743 4037 1810 4077 35.
1829 4035 2024 4076 Πόντου
2059 4030 2290 4080 mett-‘00
2315 4029 2402 4072 κτλ.
2424 4030 2439 4086 ]
2458 4030 2580 4071 Hunc
2598 4027 2763 4093 titulum
