2808 4342
74 2075 93 2101 5

0 2339 91 2376 }10

0 2407 15 2475 ἰ,

47 2730 85 2761 15

412 249 1122 328 MAPKIANOY

236 423 738 518 ΔΗΡΑΚΛΕΩΤΟΥ
777 474 911 519 Tor
955 476 1244 523 noNTor

498 644 1031 716 EHITOMH

142 839 319 902 ΤΟΥ
359 841 534 901 ΤΗΣ
583 844 873 905 ΕΝΤΟΣ
924 845 1371 909 ΘΑΛΑΣΣΗΣ

373 1048 1140 1158 ΠΕΡΙΠΛΟΥ,

327 1267 392 1302 ΟΝ
425 1267 653 1304 ΕΓΡΑΨΕΝ
687 1269 752 1303 ΕΝ
784 1270 916 1304 ΤΡΙΣΙ
949 1271 1169 1307 ΒῙΒΛΙΟΙΣ

349 1422 679 1468 ΜΕΝΙΠΠΟΣ
715 1424 1143 1471 ΠΕΡΓΑΜΗΝΟΣ.

615 1578 868 1596 -0000-

615 1709 678 1745 ΥΠ
684 1709 872 1746 ΟΘΕΣΙΣ.

117 1842 369 1936 1’1]“οἰδε,ἔνεσ·ι.·ιν
390 1843 427 1880 ἐν
445 1845 498 1891 τῷ
514 1843 608 1893 πρώ
620 1857 680 1892 τῳ
699 1849 762 1889 τῆς
781 1844 980 1894 Ἐπιτομῆς
998 1846 1143 1895 βιὸλίῳ·

156 1910 330 1948 ροοιμιον.

1791 256 2339 339 MARCIANI

1589 486 2126 538 HERACLEENsls
2171 494 2260 540 Ex
2300 495 2535 546 ΡοΝΤο

1825 625 2282 739 ΕΡιΤΟΜΕ

1765 854 2346 960 PERIPLI

1708 1068 1956 1132 MARIS
2015 1060 2374 1156 INTERNI‚

1643 1278 1784 1320 QUEM
1820 1281 1999 1317 TRIBUS
2036 1284 2201 1321 LIBRIS
2240 1288 2459 1326 SCRIPSIT

1668 1437 1976 1486 MENIPPUS
2009 1441 2440 1494 PERGAMENUS.

1860 1717 1960 1751 ARG
1970 1719 2228 1754 UMENTUM.

1429 1853 1512 1886 Haec
1526 1851 1656 1886 insunt
1672 1853 1855 1896 Epitomes
1874 1856 1966 1890 libro
1980 1858 2099 1900 primo
2111 1871 2122 1891 :

1428 1906 1660 1940 Prooemtum.

119 1953 307 1992 Πόντου
334 1953 558 1996 Εὐξείνου
579 1954 814 2003 ἑκατέρων
833 1959 923 1993 τῶν
944 1956 1170 2005 ἠπείρων,
1192 1960 1284 1996 τῶν
1310 1973 1356 1997 τε
1428 1960 1563 1993 Ponti
1581 1961 1907 2004 Euxinijuxta
1932 1967 2161 2009 utramqu
2179 1977 2197 2000 e
2219 1970 2538 2004 continentem
2552 1970 2655 2004 sive

166 2009 291 2056 παρὰ
309 2009 392 2053 τὴν
414 2008 572 2046 Ἀσίαν
596 2013 686 2046 τῶν
705 2022 754 2046 τε
776 2011 901 2058 παρὰ
925 2013 1005 2056 τὴν
1027 2013 1228 2062 Εὐρώπη
1250 2015 1356 2052 ντό-

166 2076 262 2101 πων
282 2063 554 2111 περίπλους.

115 2117 171 2156 Τὰ
195 2118 232 2156 δὲ
248 2120 344 2156 κατὰ
360 2117 465 2167 μέρος
482 2119 597 2161 οὕτως
621 2119 711 2167 ἔχει·

115 2175 197 2212 Τῶν
217 2173 253 2211 ἐν
271 2177 316 2222 τῇ
332 2173 435 2222 Ἀσίᾳ
452 2177 568 2221 μερῶν
590 2177 656 2210 τοῦ
674 2174 815 2212 Πόντου
833 2175 1042 2223 περίπλους.

213 2227 378 2271 Βιθυνίας
397 2227 589 2276 περίπλους
609 2228 681 2265 ἀπὸ
699 2233 763 2265 τοῦ
784 2230 897 2278 Ἱεροῦ
919 2231 1001 2274 Διὸς
1025 2231 1175 2280 Οὐρίου.

212 2283 469 2331 Παφλαγονίας
484 2282 692 2331 περίπλους.

211 2338 362 2377 Πόντων
382 2342 453 2376 τῶν
470 2338 535 2376 δύο
555 2338 764 2386 περίπλους.

494 2393 514 2413 *A*
540 2393 561 2414 ’ἡ
588 2393 608 2413 'k
634 2392 654 2414 ’ᾗ
678 2393 698 2414 ᾗ
724 2394 744 2414 ἡ
770 2393 790 2414 *
812 2394 831 2414 ἡ
858 2393 877 2414 'k
904 2394 923 2414 Ἀ·
947 2396 967 2416 *k

113 2452 196 2489 Τῶν
213 2449 248 2486 ἐν
272 2451 316 2497 τῇ
336 2448 495 2497 Εὐρώπῃ
514 2452 632 2497 μερῶν
652 2453 716 2486 τοῦ
737 2448 880 2487 Πόντου
896 2450 1103 2498 περίπλους.

493 2504 510 2524 ἡ
539 2503 559 2523 'k
585 2503 605 2524 *
632 2503 651 2523 *
675 2504 696 2525 ’λ’
722 2504 742 2525 Ἀ·
768 2506 787 2526 ⁴*
814 2505 835 2525 Ἀ*
862 2504 881 2524 'k
906 2505 924 2525 *k
950 2504 968 2524 Ἀ

111 2561 203 2598 Τοῦ
224 2558 431 2608 Θρᾳκίου
452 2557 699 2606 Βοσπόρου
726 2560 806 2595 καὶ
826 2563 903 2604 τῆς
926 2560 1249 2608 Προποντίδος
1272 2563 1347 2599 καὶ

158 2618 245 2652 τοῦ
269 2613 624 2658 Ἑλλησπόντου
646 2615 884 2663 ἑκατέρων
912 2619 1004 2652 τῶν
1031 2616 1239 2664 ἠπείρων
1264 2630 1346 2654 πε-

158 2670 370 2719 ρίπλους.

110 2725 166 2764 Τὰ
189 2726 226 2763 δὲ
249 2727 345 2763 κατὰ
363 2726 467 2774 μέρος
487 2725 602 2768 οὕτως
622 2725 712 2773 ἔχει·

1460 2015 1607 2056 Juxta
1635 2016 1734 2048 loca
1767 2018 1865 2049 tum
1895 2017 2012 2051 Asiae
2045 2021 2146 2053 tum
2187 2021 2385 2065 Europoe
2416 2024 2659 2067 periplus.

1424 2128 1676 2164 Particuc'aria
1697 2132 1818 2162 autem
1835 2131 1890 2163 ita
1903 2130 2039 2165 habent
2053 2143 2066 2164 .-

1423 2181 1678 2215 Asiaticarum
1693 2182 1857 2223 partium
1883 2183 2059 2226 periplus.

1509 2235 1697 2277 Bithynice
1707 2236 1876 2277 periplus
1891 2236 1976 2269 inde
1992 2247 2015 2270 α
2032 2239 2133 2271 Fano
2151 2239 2248 2272 Iovis
2271 2241 2358 2275 Uriz'.

1508 2288 1773 2332 Paphlaqoniae
1797 2289 1969 2331 periplus.

1507 2343 1708 2375 Pomorum
1725 2342 1881 2375 duorum
1895 2343 2059 2385 periplus

1838 2399 1854 2416 7(
1881 2399 1898 2416 k
1924 2399 1940 2417 ἡ
1965 2399 1982 2417 *
2007 2399 2025 2416 *
2051 2399 2069 2418 k
2094 2400 2111 2418 ἰ(
2138 2400 2154 2418 t
2180 2401 2197 2419 k
2222 2400 2240 2419 *

1419 2450 1683 2492 Europoearum
1700 2448 1864 2492 partium
1878 2451 2050 2493 perimus-

1836 2506 1853 2524 *
1879 2506 1894 2524 i«
1922 2506 1939 2525 κ
1963 2505 1978 2524 i<
2005 2507 2020 2525 i«
2046 2506 2063 2523 ἡ
2092 2508 2109 2526 ἡ
2134 2507 2151 2526 ἡ
2176 2506 2192 2525 Α
2217 2507 2234 2525 *

1418 2557 1612 2600 Bospori
1645 2557 1841 2591 Thracii
1869 2560 1911 2592 et
1947 2559 2254 2602 Propontidis
2284 2563 2328 2594 et
2350 2563 2661 2607 Hellesponti-

1451 2612 1595 2653 juxta
1626 2613 1877 2655 utramque
1906 2613 2226 2648 continentem
2249 2615 2482 2658 periplus.

1419 2726 1676 2760 Particularia
1695 2729 1816 2760 autem
1834 2726 1886 2760 ita
1911 2727 2046 2760 habent
2062 2738 2074 2760 :

160 2908 349 2949 Titulum
372 2907 466 2947 libri
490 2907 818 2962 qualemcunque
840 2907 1069 2948 efformavi.
1093 2909 1346 2949 Hoeschelius

107 2979 312 3013 servatum
328 2969 476 3025 peripli
499 2969 774 3023 fragmentum
800 2969 1007 3024 inscripsit
1038 2983 1047 3010 ε
1066 2970 1262 3025 Τεμάχιον
1282 2974 1348 3023 τῆς

107 3033 289 3088 ἐπιτομῆς
300 3036 375 3072 τῶν
395 3030 447 3071 ια’
463 3031 622 3086 βιὸλίων
642 3030 912 3086 Ἀρτεμιδώρου
922 3034 990 3072 τοῦ
1010 3030 1201 3087 Ἐφεσίου.
1220 3034 1347 3086 Quod

104 3095 259 3137 incauti
277 3095 532 3149 repetierunt
548 3093 774 3134 Hudsonus
795 3102 837 3134 et
853 3093 1053 3135 Millerus.
1078 3096 1133 3136 V.
1159 3095 1347 3149 Prolego-

104 3173 240 3199 mena.
265 3157 506 3210 Argumenti
524 3157 655 3210 capita
676 3157 841 3196 nonnisi
864 3164 1071 3211 postrema
1086 3165 1282 3211 quattuor
1303 3159 1345 3199 in

102 3219 247 3261 codice
274 3226 520 3272 supersunt,
550 3216 667 3271 cujus
695 3219 844 3272 pagina
881 3220 933 3271 49
961 3218 1106 3272 incipit
1134 3218 1268 3259 verbis
1295 3219 1345 3260 πὸ

104 3281 278 3322 Κάννων.
310 3282 414 3331 Quae
439 3279 502 3319 his
522 3281 715 3333 praemisi,
741 3281 797 3320 ita
815 3288 911 3320 sunt
932 3279 1133 3335 suppleta,
1150 3288 1196 3321 ut
1211 3282 1345 3335 prima

102 3343 236 3398 capita
255 3355 346 3395 quae
372 3339 424 3380 ad
444 3343 623 3380 Pontum
645 3342 855 3382 Euxinum
884 3342 1114 3396 pertinent,
1132 3357 1182 3383 ex
1199 3342 1341 3393 titulis,

103 3404 176 3459 qui
203 3404 246 3443 in
269 3403 357 3457 ipso
393 3400 551 3456 periplo
581 3401 716 3442 adhuc
737 3402 943 3455 leguntur,
972 3417 1088 3443 more
1109 3405 1343 3445 Marcianeo

104 3474 347 3522 repeterem,
359 3463 559 3517 reliquam
566 3471 702 3503 autem
717 3464 862 3518 peripli
877 3464 1191 3506 adornationem
1198 3481 1343 3507 secun-

104 3524 208 3570 dum
226 3540 274 3567 ea
285 3525 593 3575 adumbrarem,
612 3539 702 3579 quae
716 3526 758 3565 in
778 3527 980 3580 prooemio
996 3535 1141 3567 auctor
1156 3530 1339 3583 exponit.

103 3588 290 3629 Arbitrio
308 3603 401 3630 meo
423 3587 528 3628 nihil
545 3587 720 3628 debetur
734 3595 882 3642 praeter
896 3586 1204 3630 distinctionem
1219 3590 1344 3632 libro·

104 3664 215 3692 rum.
242 3653 335 3706 Ipse
367 3651 477 3691 enim
498 3657 643 3690 auctor
661 3648 852 3689 disertius
870 3648 922 3689 de
950 3650 1028 3690 hac
1058 3665 1103 3691 re
1130 3651 1232 3692 nihil
1254 3667 1343 3694 mo-

104 3714 218 3764 nuit,
242 3712 346 3755 adeo
365 3722 412 3753 ut
443 3712 618 3753 dubium
653 3712 719 3761 sit,
759 3719 900 3752 utrum
925 3725 1010 3752 uno
1033 3720 1176 3754 tenore
1207 3722 1340 3755 totum

103 3774 307 3828 periplum
323 3773 556 3823 absolverit,
582 3787 634 3813 an
652 3773 738 3827 ipse
760 3786 946 3827 quoque,
963 3773 1068 3813 sicut
1092 3774 1335 3829 Menippus,

105 3835 149 3874 in
175 3843 255 3876 tres
280 3836 406 3877 libros
427 3835 650 3876 diremerit.
686 3833 793 3875 Illud
811 3842 1028 3890 propterea
1056 3837 1184 3891 possit
1202 3838 1339 3877 existi-

106 3898 235 3947 mari',
264 3897 377 3952 quod
413 3899 537 3938 totius
570 3897 705 3952 operis
733 3895 963 3950 indiculum
986 3897 1028 3937 in
1053 3911 1185 3939 unum
1203 3898 1339 3939 locum

106 3958 340 4000 Marcianus
376 3960 557 4013 collegit,
583 3973 714 4014 quum
749 3959 792 3999 in
817 3958 1012 4014 bipartito
1056 3961 1178 4001 maris
1210 3961 1337 4001 exteri

1415 2908 1573 2964 periplo
1595 2909 1763 2962 singulis
1778 2909 1892 2949 libris
1910 2911 2127 2964 separatim
2143 2920 2383 2965 argumenta
2399 2914 2649 2967 praemittan-

1416 2980 1499 3013 tur.
1524 2971 1713 3012 Alterum
1733 2985 1830 3012 vero
1859 2970 2003 3012 suadet
2027 2974 2278 3027 comparatio
2296 2975 2504 3028 Epitomes
2529 2978 2647 3016 Arte-

1415 3033 1631 3084 midoreae,
1656 3035 1698 3074 in
1715 3048 1796 3088 qua
1817 3042 2017 3074 servatam
2038 3047 2123 3073 esse
2146 3034 2310 3087 majoris
2333 3035 2467 3088 operis
2483 3035 2648 3076 divisio·

1414 3109 1511 3135 nem
1549 3102 1721 3135 constat.
1757 3096 1888 3134 Porro
1923 3108 2052 3148 quum
2088 3094 2355 3148 aequalitatem
2389 3095 2646 3137 voluminum

1415 3158 1559 3198 sectari
1583 3164 1737 3197 veteres
1759 3156 1929 3206 soleant,
1954 3156 2041 3196 haec
2055 3155 2235 3209 neglecta
2252 3170 2420 3211 prorsus
2439 3158 2482 3197 in
2503 3166 2645 3199 nostro

1415 3218 1712 3274 scripto-foret,
1734 3218 1767 3257 si
1790 3218 1895 3257 libro
1910 3218 2034 3258 unico
2054 3225 2187 3258 totum
2211 3226 2354 3258 auctor
2375 3219 2645 3273 comprehen-

1414 3280 1559 3330 disset;
1584 3293 1680 3319 narn
1717 3278 1779 3318 vel
1808 3279 1928 3319 Ponti
1954 3287 1994 3319 et
2025 3278 2288 3334 Propontidis
2317 3288 2357 3319 et
2391 3280 2642 3335 Hellesponti

1412 3342 1614 3396 periplum
1638 3341 1796 3381 ambitu
1820 3355 2050 3395 exaequasse
2073 3355 2204 3382 unum
2222 3355 2272 3381 ex
2294 3341 2472 3392 duobus,
2498 3344 2568 3398 qui
2591 3343 2643 3384 de

1412 3404 1515 3443 mari
1534 3411 1673 3443 extero
1703 3410 1823 3451 sunt,
1860 3402 2037 3451 librum,
2065 3416 2112 3442 ex
2132 3411 2246 3458 parte
2279 3404 2493 3458 superstite
2528 3403 2642 3446 facile

1412 3465 1628 3518 colligitur.
1653 3466 1791 3516 Quare
1808 3471 1889 3504 tres
1908 3463 2034 3504 libros
2048 3463 2296 3517 distinguere
2307 3479 2432 3519 quam
2451 3466 2493 3504 in
2509 3479 2640 3507 unum

1412 3528 1550 3567 omnia
1575 3539 1795 3579 congerere
1815 3525 1955 3566 malui.
1984 3524 2144 3578 Quodsi
2170 3526 2281 3567 nulla
2314 3526 2408 3567 libri
2433 3534 2531 3567 nota
2563 3527 2640 3568 sra-

1412 3596 1578 3642 gmento
1603 3595 1745 3628 nostro
1778 3587 1942 3642 praefixa
1964 3595 2038 3636 est,
2074 3586 2116 3627 id
2152 3589 2267 3642 parvi
2298 3587 2423 3638 facio;
2456 3589 2640 3630 similiter

1409 3650 1512 3690 liber
1533 3648 1736 3690 secundus
1758 3649 1901 3704 peripli
1930 3648 2194 3703 praecedentis
2218 3650 2481 3704 inscriptione
2512 3658 2635 3692 caret.

1408 3735 1464 3742 —-
1485 3710 1613 3764 Quod
1645 3711 1786 3766 scripsi
1820 3710 2091 3765 Παφλαγονίας
2119 3710 2345 3768 περίπλους,
2380 3710 2538 3750 Πόντων
2572 3726 2638 3752 πε-

1411 3772 1565 3828 ρίπλους
1586 3780 1626 3813 et
1652 3780 1747 3823 cet„
1773 3771 1842 3813 ubi
1861 3772 2027 3827 proprie
2049 3771 2270 3813 dicendum
2292 3778 2377 3810 erat
2400 3769 2633 3825 παράπλους,

1410 3849 1529 3875 usum
1551 3842 1714 3875 secutus
1738 3847 1829 3873 sum
1851 3834 1993 3888 ipsim,
2013 3842 2057 3874 ut
2072 3832 2244 3882 videtur,
2262 3831 2458 3872 Marciani
2470 3846 2483 3882 3
2505 3844 2639 3885 quan·

1409 3911 1533 3952 quam
1564 3895 1777 3946 dubitans3
1810 3910 1905 3936 nam
1937 3909 2066 3950 quum
2094 3893 2198 3934 infra
2232 3892 2361 3933 codex
2379 3900 2488 3935 recte
2515 3894 2632 3947 παρά·

1408 3958 1524 4005 πλους
1539 3957 1601 3998 bis
1617 3956 1815 4012 praebeat,
1837 3955 1929 4010 jure
1946 3969 2101 4010 quaeras
2118 3969 2169 3996 an
2193 3968 2277 3995 non
2295 3953 2469 3995 librariis
2495 3954 2632 4009 potius

2403 4041 2457 4071 3⁴¹».
