2782 4348
99 177 196 241 με.)

105 279 377 343 Λωτοφάγους
395 275 502 322 κατὰ
527 272 764 336 Ταριχείας.
829 269 954 317 Ἔστι
977 268 1020 314 δὲ
1043 271 1068 325 ἡ
1089 272 1210 325 νῆσος
1226 269 1329 326 αὕτη

105 348 281 393 σταδίων
314 346 365 403 τ’,
394 342 547 394 πλάτος
574 340 616 386 δὲ
651 341 784 401 μικρῷ
822 339 1020 384 ἐλάττων.
1089 337 1255 399 Ἀπέχει
1288 339 1331 383 δὲ

111 417 190 462 ἀπὸ
218 419 291 471 τῆς
318 411 490 473 ἠπείρου
530 408 630 454 ὡσεὶ
665 407 812 453 στάδια
831 407 888 466 γ’.
957 405 1033 451 Ἐν
1064 406 1107 450 δὲ
1143 409 1195 466 τῇ
1218 405 1331 468 νήσῳ

99 486 260 546 γίνεται
300 480 450 536 λωτὸς,
484 477 527 523 ὃν
558 475 752 532 ἐσθίουσι,
787 475 858 520 καὶ
892 473 1047 537 ἕτερος,
1081 473 1121 527 ἐξ
1145 468 1191 520 οἷ
1224 467 1334 520 οἶνον

105 557 304 600 ποιοῦσιν.
377 548 431 594 Ὅ
474 546 516 592 δὲ
548 550 618 592 τοῦ
640 547 774 591 λωτοῦ
799 543 956 607 καρπός
978 545 1065 589 ἐστι
1093 545 1153 606 τῷ
1175 543 1334 605 μεγέθει

105 622 197 669 ὅσον
242 617 512 680 μιμαίκυλον.
581 617 757 662 Ποιοῧσι
802 613 843 659 δὲ
874 613 944 658 καὶ
982 612 1116 658 ἔλαιον
1147 612 1253 658 πολὺ
1289 615 1334 658 ἐκ

98 689 286 736 κοτίνων.
356 685 486 748 Φέρει
517 684 559 730 δὲ
588 683 746 746 καρπὸν
778 687 804 739 ἡ
835 687 956 739 νῆσος
989 681 1136 737 πολὺν,
1182 682 1335 745 πυροὺς

102 758 172 804 καὶ
203 756 357 819 κριθάς.
425 753 551 801 Ἔστι
575 753 617 799 δὲ
647 756 673 808 ἡ
709 756 829 808 νῆσος
852 751 1019 812 εὔγειος.
1090 752 1229 802 Πλοῦς
1254 751 1335 796 ἀπὸ

98 830 332 890 ’Ταριχειῶν
354 827 408 876 εἷς
426 823 501 880 τὴν
536 826 657 879 νῆσον
681 821 839 885 ἡμέρας
860 828 971 882 μιᾶς.
1039 819 1162 868 Μετὰ
1187 819 1228 865 δὲ
1262 820 1335 877 τὴν

59 903 62 906 ’
102 896 225 952 νῆσόν
266 898 351 941 ἔστι
385 892 565 957 Ἔπιχος
600 891 733 944 πόλις.
801 891 901 938 Ἀπὸ
936 890 978 936 δὲ
1016 893 1088 946 τῆς
1126 889 1250 946 νήσου
1283 893 1337 943 εἷς

102 965 284 1028 Ἔπιχον
300 967 426 1016 πλοῦς
444 962 602 1025 ἡμέρας
622 961 830 1021 ἡμισείας.
900 961 999 1007 Ἀπὸ
1024 959 1066 1006 δὲ
1091 959 1297 1022 Ἐσχίδων
1313 961 1337 984 *

110 1037 194 1097 [εἰς
246 1033 490 1094 Μακομοίδα
527 1031 554 1088 ἢ
591 1032 831 1092 Νεάπολιν]
874 1032 998 1082 πλοῦς
1041 1029 1220 1092 ἡμέρας·
1265 1029 1336 1075 καὶ

103 1107 222 1159 ν’ἧσος
253 1102 417 1148 ἔπεστιν
463 1103 527 1146 ἐπ’
570 1101 675 1160 αὐτῇ
713 1099 866 1162 ἐρήμη.
936 1098 1058 1144 Μετὰ
1097 1098 1138 1143 δὲ
1183 1098 1334 1154 ταύτην

107 1175 336 1235 Κερκινῖτις
358 1175 479 1227 νῆσος
502 1169 574 1216 καὶ
598 1171 714 1222 πόλις
729 1206 741 1230 ,
764 1169 835 1214 καὶ
859 1169 966 1214 κατὰ
991 1168 1143 1224 ταύτην
1170 1167 1330 1231 Θάψος.

104 1322 320 1363 Achullam
351 1322 498 1362 urbem
527 1322 739 1376 Βραχώδης
759 1334 896 1375 prom.
933 1327 1185 1360 memoretur
1204 1318 1343 1372 (Ptol.

104 1387 188 1435 ΙΙΙ,
229 1398 254 1424 2
273 1400 283 1434 ;
321 1383 418 1438 ἄκρα
451 1383 650 1438 Ἄμμωνος
683 1382 905 1422 Βαλιθῶνον
943 1381 1035 1437 πρὸς
1071 1380 1345 1422 θυννοσκοπίαν

103 1460 171 1500 ap.
193 1445 326 1486 Strab.
358 1459 401 1499 p.
428 1445 552 1499 834),
573 1445 693 1485 sicuti
717 1445 869 1499 Βραχέα
886 1458 1024 1499 prom.
1049 1444 1093 1484 in
1123 1444 1348 1499 Cyrenaica

100 1514 192 1547 erat
225 1505 471 1559 (Stadiasm.
495 1507 511 1560 )
536 1518 545 1546 :
581 1505 686 1546 nihil
711 1505 816 1546 adeo
853 1505 1003 1555 obstat,
1039 1506 1111 1560 qu'i
1148 1505 1345 1560 Βραχείων

105 1567 236 1608 insula
266 1575 408 1608 nostra
437 1567 637 1622 appellata
668 1568 735 1609 sit.
765 1568 884 1609 Certe
919 1568 1063 1608 critico
1085 1582 1110 1608 a
1145 1567 1347 1608 mutando

106 1629 400 1671 abstinendum
442 1645 528 1670 esse
560 1638 688 1686 patet.
730 1630 745 1684 Ι]
771 1653 829 1662 ·--
864 1629 987 1686 μετὰ
1023 1631 1347 1685 Λωτοφάγους

106 1691 228 1732 κατὰ
249 1692 521 1747 Ταριχίας]
549 1692 773 1747 καταριχίας
802 1692 916 1742 cod.;
944 1691 1009 1733 καὶ
1031 1693 1215 1749 Ταριχίας
1237 1693 1343 1733 Gail.

106 1753 158 1794 ad
181 1753 397 1795 Stadiasm.
417 1768 461 1810 p.
487 1752 598 1806 '518;
630 1754 728 1796 κατὰ
751 1755 851 1810 Ταρ.
890 1755 1118 1796 Fabricius.
1153 1756 1347 1797 Ceterum

100 1817 242 1857 locum
259 1815 470 1856 turbatum
483 1831 570 1857 esse
585 1816 714 1872 liquet
727 1833 738 1868 3
753 1817 956 1871 vulgatam
970 1818 1166 1859 intactam
1180 1817 1344 1871 reliqui,

97 1891 237 1931 quum
254 1877 335 1918 leni
355 1892 483 1919 manu
497 1879 632 1920 sanari
652 1893 738 1919 non
752 1879 897 1934 possit.
919 1879 1128 1934 Scriptum
1150 1879 1249 1920 olim
1263 1878 1348 1920 fue-

105 1940 161 1979 rit
184 1953 193 1980 :
212 1939 322 1981 Μετὰ
344 1940 385 1981 δὲ
403 1943 522 1981 ταῦτα
546 1942 563 1995 (
578 1956 656 1997 pro
675 1941 826 1996 quibus
839 1941 928 1982 aliis
950 1942 994 1981 in
1010 1942 1125 1983 libris
1139 1942 1349 1996 legebatur

105 2001 216 2042 Μετὰ
236 2002 276 2043 δὲ
295 2003 533 2058 Ταριχείας)
562 2002 645 2044 ἔστι
675 2006 804 2055 νῆσος,
829 2000 854 2059 ᾗ
878 2004 1004 2058 ὄνομα
1035 2004 1233 2059 Βραχείων
1262 2002 1349 2055 ἤτοι

106 2064 369 2120 Λωτοφάγων.
389 2067 496 2106 Nam
515 2080 646 2122 quum
665 2075 810 2107 auctor
841 2067 885 2107 in
907 2075 1065 2107 antece.
1090 2066 1243 2107 dixerit
1265 2068 1348 2107 Lo-

106 2127 304 2182 tophagos
322 2129 528 2183 pertinere
555 2143 686 2184 usque
704 2129 758 2170 ad
780 2130 933 2169 ostium
961 2128 1136 2184 Syrtidis
1160 2129 1345 2179 minoris,

103 2190 292 2243 sequitur
306 2204 391 2230 non
406 2199 500 2245 post
521 2204 590 2230 eos
610 2190 735 2231 fuisse
757 2191 996 2243 Meningem
1015 2190 1206 2241 insulam,
1225 2205 1349 2245 quam

106 2252 244 2304 potius
254 2253 505 2307 praecipuam
522 2266 668 2292 eorum
679 2251 819 2292 sedem
834 2252 1017 2292 tradunt.
1041 2253 1120 2305 Η-
1135 2253 1264 2292 σταδ.
1285 2252 1345 2307 τ’]

111 2313 384 2364 Longitudine
422 2317 548 2355 XXV
574 2314 679 2354 mill.
711 2328 927 2369 passuum,
966 2312 1189 2359 latitudine
1220 2317 1355 2355 XXII

109 2374 266 2415 Plinius
289 2377 343 2426 V,
367 2391 391 2429 7
411 2377 577 2416 rectius.
596 2377 814 2429 Agathem.
835 2378 870 2426 I,
891 2390 933 2430 p.
964 2378 1013 2423 14
1038 2388 1047 2415 t
1077 2373 1125 2415 ‘H
1145 2374 1185 2415 δὲ
1199 2375 1353 2430 Μήνιγξ

114 2439 234 2491 μῆκος
269 2438 377 2477 σταδ.
414 2437 455 2492 χ’
488 2440 503 2490 (
524 2446 708 2493 corrupt.
728 2440 760 2492 )‚
799 2437 944 2485 πλάτος
979 2438 1087 2477 σταδ.
1127 2435 1201 2492 ρπ’.
1240 2439 1255 2491 Η
1297 2462 1354 2469 -

111 2500 249 2539 σταδ.
280 2499 349 2555 γ’]
372 2500 411 2552 η’
429 2515 510 2540 sec.
532 2499 768 2550 Stadiasm.;
791 2515 818 2539 a
845 2499 991 2540 dextro
1009 2499 1140 2553 Syrtis
1158 2514 1372 2556 promam·

112 2561 216 2602 torio
227 2563 427 2619 passibus
441 2567 532 2606 MD
547 2563 648 2613 sica,
667 2563 839 2604 Plinius.
857 2564 979 2603 Nunc
994 2562 1047 2603 ad
1063 2563 1206 2616 viginti
1225 2562 1354 2603 stadia

111 2624 249 2666 distat.
267 2626 292 2678 ,Η
313 2649 369 2656 —
386 2625 455 2664 λῶ
467 2640 488 2665 τ
500 2641 520 2664 0
534 2627 576 2679 ς]
602 2627 691 2666 Prae
706 2626 851 2666 ceteris
868 2640 907 2666 v.
932 2625 1076 2680 Polyb.
1098 2625 1125 2664 l.
1148 2625 1195 2675 l.,
1220 2626 1353 2666 Hero-

108 2687 199 2728 dot.
213 2688 289 2738 IV,
309 2702 360 2742 77
378 2687 517 2742 ibique
534 2687 729 2742 interprr.
745 2690 807 2728 De
822 2687 955 2727 insula
966 2687 1034 2727 adi
1043 2687 1245 2728 Al-Bekri
1253 2689 1356 2728 Ara-

111 2749 206 2789 bem
226 2750 266 2789 in
287 2749 456 2792 Notices
483 2759 523 2790 et
548 2750 727 2791 extrczits
758 2758 862 2790 tom.
886 2751 984 2800 XII,
1009 2763 1053 2804 p.
1090 2751 1186 2797 464.
1221 2750 1352 2790 Leon.

115 2811 299 2852 African.
326 2826 370 2867 p.
393 2813 471 2861 433
489 2828 499 2863 ;
520 2813 664 2853 Barth.
681 2813 710 2853 l.
731 2812 760 2853 l.
782 2822 825 2867 p.
852 2813 950 2853 258.
976 2814 1072 2853 286.
1094 2813 1259 2852 Movers
1279 2812 1306 2852 1.
1324 2812 1352 2852 l.

113 2887 155 2929 p.
192 2875 289 2928 495.
314 2876 544 2916 Wimmer.
570 2878 766 2917 Netcestes
799 2873 997 2916 Gemaelde
1030 2888 1108 2914 von
1137 2873 1295 2927 Afrc‘ka
1316 2877 1351 2924 Ι,

114 2950 157 2990 p.
177 2939 271 2985 461.
301 2937 317 2990 Η
351 2961 407 2968 -
432 2937 770 2992 μιμαίκυλον]
805 2936 1063 2992 μιμαίηνκλον
1094 2935 1246 2986 codex;
1271 2951 1352 2977 em.

112 2998 231 3039 editt.
255 2999 271 3053 Η
296 3023 353 3030 -—
368 2999 452 3041 ἔστ
466 3015 528 3040 ι...
557 2998 641 3055 εὕγ
655 3002 787 3056 αιος]
819 3000 1017 3053 glossema
1038 2999 1162 3041 habet
1181 2999 1353 3040 Gailius.

121 3060 217 3113 11-
237 3063 546 3117 ταριχειῶν]
572 3063 788 3117 ταραχείων
806 3061 902 3103 cod.
925 3062 941 3116 ll
965 3086 1022 3092 —
1045 3061 1277 3116 ’Έπιχος]
1300 3062 1358 3102 sic

115 3122 262 3173 codex,
281 3138 378 3164 mox
394 3139 491 3165 vero
512 3124 587 3166 ἀπὸ
614 3123 823 3180 Ἐσχίδων.
841 3124 1113 3165 Probabiliter
1134 3132 1358 3178 utrumque

119 3193 375 3240 corruptum.
400 3187 637 3228 Gronovius
659 3188 702 3227 in
724 3186 889 3242 ἔσχίὸων
909 3187 1033 3228 latere
1062 3187 1223 3241 putavit
1250 3185 1357 3241 Ἐρε-

120 3245 251 3295 ὅιδῶν,
270 3247 607 3303 quandoquidem
622 3249 855 3304 Stephanus
878 3262 887 3289 ·.
915 3248 1123 3304 Ἐρεῧίδαι,
1145 3249 1255 3304 μέρος
1273 3250 1358 3288 Λω-

121 3307 315 3360 τοφάγων.
340 3309 541 3358 Φίλιστος.
560 3312 803 3351 Mannertus
822 3312 877 3361 X,
901 3325 925 3352 2
941 3325 984 3366 p.
1007 3310 1099 3361 156,
1116 3307 1373 3351 assentiente

124 3368 273 3418 Gailio,
295 3370 467 3412 eandem
500 3372 674 3413 indicari
693 3373 839 3414 urbem
859 3381 1012 3424 censet,
1034 3387 1159 3427 quam
1181 3372 1360 3414 Stadias-

124 3442 216 3468 mus
231 3432 253 3480 ς
269 3444 344 3471 102
359 3441 477 3473 vocet
491 3433 693 3489 ''Hrcetpom
708 3435 820 3475 Dicit
839 3436 952 3476 enim
968 3435 1080 3476 Stad.
1102 3444 1247 3476 auctor
1264 3436 1361 3490 Epi-

124 3504 218 3529 rum
240 3505 263 3530 a
287 3493 479 3547 Meninge
516 3495 595 3536 ins.
620 3496 760 3537 abesse
791 3496 923 3538 stadia
958 3511 1060 3548 2003
1100 3497 1225 3551 idque
1257 3497 1361 3537 bene

125 3550 302 3604 quadrat
323 3552 365 3591 in
389 3552 471 3593 diei
501 3554 707 3598 dimidiati
737 3559 1055 3611 navigationem.
1087 3560 1174 3612 Ego
1196 3573 1362 3613 quoque

124 3612 299 3652 eandem
321 3621 496 3668 utroque
512 3616 602 3657 loco
616 3618 762 3658 urbem
777 3619 895 3659 innui
916 3628 1034 3674 puto,
1051 3634 1136 3660 non
1154 3621 1210 3661 ita
1225 3629 1361 3661 tamen

125 3683 173 3714 ut
205 3673 359 3729 ἤπειρον
391 3690 542 3718 nomen
563 3678 677 3719 urbis
699 3680 765 3721 sit.
800 3682 966 3721 Etenim
1001 3681 1217 3723 Stadiasmi
1240 3683 1363 3723 verba

127 3745 264 3790 aperte
283 3745 378 3776 sunt
397 3745 606 3792 corrupta.
623 3740 762 3780 Refert
779 3750 922 3782 auctor
941 3757 964 3782 a
978 3743 1102 3796 Gergi
1122 3743 1263 3796 (Girgi
1280 3759 1361 3785 sec.

99 3803 103 3806 ”
126 3800 303 3853 Procop.
336 3801 398 3840 De
431 3799 508 3840 aed.
533 3802 609 3850 VI,
637 3804 688 3852 4;
726 3803 1018 3845 Dsclzerdschis
1038 3803 1175 3859 hod.)
1201 3805 1254 3846 ad
1275 3807 1364 3847 Me-

127 3861 282 3914 eningn
302 3861 380 3901 ins.
403 3876 488 3901 esse
515 3862 644 3903 stadia
669 3863 768 3914 1503
790 3864 940 3906 demde
960 3864 1034 3907 ἀπὸ
1053 3866 1269 3923 Μήνιγγος,
1289 3869 1359 3920 ait,

129 3921 180 3969 εἷς
202 3920 271 3972 τὴν
293 3921 499 3977 ἤπειρον
525 3924 633 3964 στάδ.
669 3923 718 3963 σ’·
742 3925 852 3973 πόλις
873 3925 964 3967 ἐστί·
990 3926 1072 3982 ἔχει
1097 3927 1138 3968 δὲ
1166 3929 1286 3970 καλὸν
1305 3930 1364 3970 λι-

126 3987 224 4040 μένα
255 3986 320 4026 καὶ
344 3986 457 4041 ὕδωρ.
487 3985 572 4027 Ἀπὸ
597 3986 636 4027 δὲ
662 3984 728 4039 τῆς
750 3987 918 4043 Γεργέως
947 3988 997 4037 εἰς
1018 3989 1199 4045 Κιδιφθὰν
1228 3993 1364 4033 στάδια

1204 169 1519 217 PERIPLUS.
1862 190 1865 192 ·
2570 192 2627 229 87

1403 279 1433 318 ἰ.
1460 293 1498 318 ε.
1518 277 1710 319 Brevium
1730 278 1794 318 vel
1821 278 2159 333 Lotophagorum
2182 282 2423 335 appellatur.
2485 288 2634 341 Longi-

1404 346 1507 386 tudo
1539 346 1681 387 insulae
1712 345 1942 387 stadiorum
1961 347 2058 398 300,
2084 347 2258 388 latitudo
2272 351 2409 403 paullo
2430 354 2586 405 minoi-3
2613 371 2637 397 a

1405 414 1641 454 continente
1649 413 1702 454 ad
1714 415 1792 455 tria
1799 413 2072 456 distatstadia.
2119 416 2180 455 Ea
2192 416 2234 455 in
2244 416 2375 457 insula
2389 419 2493 460 lotus
2506 425 2635 463 nasci-

1407 488 1489 531 tur,
1507 495 1591 535 quo
1607 490 1844 532 vescuntur,
1869 482 2027 536 aliaque
2046 480 2133 535 ejus
2147 483 2316 537 species,
2338 498 2388 523 ex
2404 499 2482 538 qua
2499 489 2640 529 vinum

1405 547 1645 588 conficiunt.
1706 550 1881 589 Fructus
1910 549 1984 590 loti
2004 549 2289 603 magnitudine
2318 551 2460 592 similis
2480 562 2539 594 est
2560 555 2642 596 fru-

1404 615 1487 655 ctui
1508 613 1658 654 arbuti.
1719 615 1867 655 Oleum
1891 630 2058 670 quoque
2079 616 2258 658 multum
2290 632 2341 659 ex
2374 619 2556 661 oleastris
2584 623 2641 663 fa-

1407 684 1538 724 ciunt.
1598 684 1730 724 Porro
1767 684 1944 724 multum
1967 675 2099 724 insula
2122 684 2200 726 fert
2223 686 2432 739 frumenti,
2462 690 2644 732 triticum

1407 751 1694 806 hordeumque
1709 767 1719 802 ;
1737 744 1871 792 solum
1887 753 1998 793 enim
2013 753 2135 794 habet
2153 756 2369 809 optimum.
2429 759 2641 813 Navigatio

1406 822 1644 863 aTarichiis
1676 821 1720 861 in
1743 821 1919 862 insulam
1945 822 2068 862 unius
2091 830 2152 862 est
2186 823 2282 865 diei.
2342 829 2439 868 Post
2466 829 2642 881 insulam

1406 892 1592 946 sequitur
1603 889 1794 932 Giclztlzis
1806 891 1921 932 urbs.
1936 892 2151 946 Navigatio
2164 893 2214 933 ab
2232 889 2362 936 insula
2377 897 2429 937 ad
2445 898 2593 939 Giclzelz
2601 900 2644 939 ιή

1407 961 1555 1002 urbem
1577 960 1659 1002 diei
1681 960 1887 1009 dimidiati
1920 970 1996 1002 est.
2057 962 2164 1002 Hinc
2189 963 2241 1004 ad
2261 964 2275 1018 [
2292 965 2536 1008 M'acomada
2558 969 2648 1010 sive

1407 1028 1643 1086 Neapolin]
1681 1029 1886 1083 navigatio
1922 1028 2019 1070 diei.
2081 1030 2221 1071 Insula
2257 1032 2350 1072 urbi
2387 1034 2542 1088 adjacet
2574 1036 2646 1076 de-

1408 1107 1536 1148 serta3
1571 1106 1665 1153 post
1687 1112 1812 1153 quam
1831 1099 2048 1140 Cercinitis
2070 1099 2203 1140 insula
2228 1109 2287 1141 est
2307 1102 2453 1144 urbem
2475 1105 2645 1146 habens.

1411 1169 1567 1209 Contra
1584 1168 1692 1208 hanc
1711 1168 1788 1209 sita
1803 1177 1864 1209 est
1881 1169 2087 1224 Thapsus.
2148 1172 2431 1213 Praetervectio
2455 1174 2506 1215 ab
2527 1190 2572 1215 ca
2595 1175 2647 1216 ad

1417 1318 1492 1374 ρπ’.
1518 1318 1648 1360 Vides
1668 1318 1824 1359 nullam
1856 1319 1920 1360 his
1942 1320 2073 1360 inesse
2099 1321 2248 1361 seriem
2274 1321 2476 1364 locorum.
2509 1327 2655 1366 Dicere

1415 1389 1560 1423 auctor
1582 1381 1759 1422 debebat
1779 1381 1852 1423 ἀπὸ
1877 1381 1917 1422 δὲ
1937 1384 2003 1434 τῆς
2023 1381 2195 1437 ἠπείρου,
2219 1384 2249 1424 si
2272 1384 2353 1425 hoc
2370 1385 2484 1426 urbis
2506 1401 2655 1428 nomen

1416 1453 1535 1485 esset.
1560 1446 1615 1485 At
1649 1442 1801 1499 ἤπειρος
1836 1444 1881 1485 h.
1909 1443 1938 1485 l.
1977 1444 2081 1485 nihil
2115 1445 2195 1485 nisi
2218 1445 2426 1487 continens
2456 1455 2578 1498 terra,
2606 1449 2657 1489 ad

1417 1520 1542 1560 quam
1562 1521 1611 1546 ex
1631 1506 1764 1547 insula
1782 1506 2043 1557 reducimur3
2066 1506 2180 1547 urbis
2200 1522 2352 1548 nomen
2373 1509 2548 1560 excidit3
2574 1525 2658 1552 esse

1417 1568 1587 1610 deberet
1621 1569 1766 1624 Γέργις,
1800 1570 1834 1609 si
1862 1578 1972 1610 recte
1999 1569 2202 1610 haberent
2233 1572 2468 1625 sequentia;
2505 1581 2546 1613 at
2568 1587 2657 1613 cor-

1417 1641 1540 1687 rupta
1560 1640 1658 1672 sunt
1678 1640 1719 1672 et
1739 1632 1849 1688 ipsa;
1875 1646 1972 1672 nam
1994 1632 2125 1687 Γέργις
2139 1633 2238 1673 urbs
2254 1631 2342 1687 jam
2361 1644 2585 1676 memorata
2599 1645 2659 1677 est

1418 1695 1462 1734 in
1495 1703 1670 1745 antece„
1696 1709 1744 1735 ac
1777 1695 1916 1750 inepte
1951 1694 2004 1735 ad
2040 1709 2130 1735 eam
2162 1710 2275 1736 nunc
2314 1704 2456 1737 auctor
2489 1696 2657 1739 rediret.

1417 1756 1544 1807 Urbs,
1570 1755 1686 1810 cujus
1706 1771 1861 1797 nomen
1883 1756 2155 1808 desideratur,
2180 1772 2227 1798 ea
2245 1766 2305 1798 est
2324 1772 2414 1812 quae
2436 1773 2502 1813 ap.
2526 1759 2660 1800 Ptole-

1419 1833 1571 1859 maeum
1594 1821 1671 1870 IV,
1695 1819 1717 1859 3
1745 1833 1788 1874 p.
1814 1820 1894 1860 263
1918 1819 2111 1860 scribitur
2130 1820 2276 1874 Γιχθίς,
2295 1820 2443 1874 Σιχθίς,
2469 1821 2583 1871 Γιθίς,
2617 1822 2658 1861 in

1416 1881 1506 1921 Tab
1538 1883 1657 1922 Peut.
1676 1880 1809 1933 Gigti,
1826 1882 1870 1921 in
1885 1882 1983 1922 Itin.
2000 1896 2044 1937 p.
2064 1885 2116 1923 60
2128 1890 2168 1922 ct
2189 1882 2267 1923 518
2290 1882 2426 1923 Gitci:
2440 1882 2542 1923 adeo
2561 1884 2660 1923 utin

1417 1942 1636 1983 Stadiasm.
1661 1942 1928 1983 scribendum
1949 1944 2002 1983 sit
2027 1956 2036 1983 :
2061 1942 2111 1991 εἰς
2126 1941 2196 1993 τὴν
2214 1942 2368 1998 ἤπειρον
2387 1945 2495 1983 στάδ.
2522 1943 2571 1983 σ’·
2591 1946 2660 1985 πό-

1418 2003 1477 2052 λις
1498 2004 1578 2046 ἐστὶ
1601 2005 1758 2060 [Γιχθίς
1773 2006 1804 2060 ]·
1831 2004 1914 2059 ἔχει
1928 2004 1969 2046 δὲ
1991 2004 2115 2046 κτλ...
2147 2004 2233 2046 Ἀπὸ
2246 2005 2287 2046 δὲ
2307 2009 2373 2057 τῆς
2390 2006 2555 2060 Γιχθέως
2571 2007 2656 2047 κτλ.

1418 2068 1614 2109 Similiter
1632 2082 1698 2123 ap.
1722 2069 1922 2108 Nostrum
1937 2068 1981 2107 in
2003 2067 2198 2121 ΕΠΙΧΟΣ]
2214 2068 2310 2108 latet
2324 2067 2528 2117 ΕΓΙΧΘιΣ,
2554 2077 2594 2108 et
2619 2070 2661 2108 in

1424 2128 1635 2184 Ἐσχίδων,
1667 2129 1880 2184 Ἔγιχθέως
1894 2129 1959 2170 vel
1978 2128 2214 2184 ἘγιχΟίδος.
2243 2131 2259 2184 Η
2282 2154 2338 2161 -
2355 2129 2472 2186 ἣμέρ
2485 2146 2508 2170 α
2521 2147 2536 2178 ς
2557 2130 2580 2181 ἣ
2597 2147 2623 2185 μ
2636 2147 2662 2170 ι-

1419 2191 1588 2246 σείας]
1633 2190 1756 2246 ἣμέρᾳ
1789 2190 1947 2245 ἡμισείᾳ
1982 2191 2077 2232 cod.
2122 2192 2137 2245 ll
2164 2215 2221 2222 —
2253 2191 2408 2239 πλοῦς
2444 2191 2657 2247 ἡμέρας]

1420 2255 1528 2294 Ante
1550 2254 1638 2294 haec
1659 2268 1812 2294 nomen
1832 2252 1947 2293 urbis
1969 2252 2167 2293 excidisse
2189 2262 2299 2294 recte
2321 2262 2463 2295 monet
2486 2254 2656 2295 Gailius.

1420 2317 1498 2357 Cui
1531 2315 1624 2356 urbi
1650 2330 1780 2370 quum
1813 2316 1948 2355 vicina
1969 2315 2092 2355 fuisse
2125 2315 2286 2356 dicatur
2309 2316 2441 2356 insula
2475 2316 2658 2367 deserta,

1420 2392 1505 2418 non
1528 2377 1605 2417 alia
1626 2391 1712 2417 esse
1745 2376 1877 2416 insula
1898 2385 2031 2430 potest
2054 2377 2132 2416 nisi
2161 2391 2208 2416 ea
2227 2391 2318 2431 quae
2339 2377 2464 2417 hodie
2492 2384 2662 2417 vocatur

1421 2439 1626 2479 Surkenis.
1651 2439 1761 2479 Huic
1779 2446 1916 2479 autem
1934 2439 2122 2493 proxime
2141 2437 2299 2492 adjacet
2320 2439 2541 2494 Μακομάδα
2563 2439 2662 2480 urbs

1422 2515 1503 2541 sec.
1535 2500 1818 2548 Ptolemaeum‚
1851 2498 2112 2541 Illacomades
2134 2513 2215 2539 sec.
2244 2499 2351 2540 Plin.
2367 2502 2424 2550 V,
2448 2501 2470 2540 3
2495 2507 2535 2539 et
2561 2500 2659 2540 Itin.

1421 2577 1464 2617 p.
1499 2564 1569 2611 43.
1613 2563 1680 2616 59.
1703 2565 1740 2603 A
1775 2562 1945 2603 Gichthi
1974 2561 2098 2601 distat
2125 2561 2265 2601 stadiis
2285 2561 2369 2602 fere
2401 2562 2660 2614 octingentis.

1422 2624 1608 2665 Eandem
1645 2623 1896 2664 Stadiasmus
1933 2626 1955 2676 ἓ
1983 2626 2060 2672 104
2092 2631 2292 2664 memorat
2328 2638 2460 2678 graeco
2495 2624 2664 2664 nomine

1423 2686 1619 2727 Νεάπολιν
1640 2701 1788 2726 vocans
1803 2702 1813 2736 ;
1831 2701 1928 2726 nam
1956 2685 2253 2734 Macom-ctdes,
2282 2696 2572 2736 wwn·=772,
2595 2695 2656 2726 est

1425 2746 1525 2789 urbs'
1536 2763 1657 2798 nova,
1668 2747 1861 2795 νεάπολις.
1876 2748 2037 2788 Nomen
2049 2747 2180 2788 hocin
2189 2746 2328 2801 Libyae
2339 2744 2501 2800 oppidis
2512 2746 2664 2800 perfre-

1425 2825 1555 2866 quens
1576 2812 1675 2864 est(
1695 2825 1735 2851 V.
1754 2812 1919 2851 Movers
1948 2810 1977 2850 l.
2001 2809 2030 2850 l.
2055 2824 2097 2865 p.
2122 2811 2253 2862 494).
2284 2806 2410 2860 Quod
2434 2822 2517 2847 non
2542 2823 2665 2864 repu-

1424 2882 1515 2914 tans
1538 2882 1691 2914 temere
1706 2873 1923 2914 Stadiasmi
1949 2880 2160 2913 auctorem
2180 2871 2385 2926 vituperat
2405 2870 2661 2911 Mannertus.

1425 2936 1620 2977 Ceterum
1631 2934 1917 2975 distantiarum
1930 2942 2038 2974 notae
2050 2934 2090 2973 in
2104 2932 2332 2974 Stadiasmo
2343 2940 2545 2987 corruptae
2555 2941 2663 2973 sunt.

1432 2999 1447 3051 Η
1470 3022 1527 3029 -
1547 2997 1734 3050 ταύτην
1774 2997 1805 3053 K
1821 3013 1837 3037 ε
1855 2997 2100 3051 ρκινῖτις]
2147 2993 2262 3046 αὐτὴν
2303 2993 2520 3044 ἀκακινίτης
2547 2994 2659 3043 cod.;

1426 3074 1507 3101 em.
1528 3062 1650 3101 Voss.
1670 3059 1816 3101 Strabo
1834 3060 1973 3110 XVII,
1992 3073 2035 3114 p.
2057 3059 2137 3107 834
2158 3071 2167 3098 ;
2186 3057 2418 3111 Παράκειται
2440 3055 2479 3095 δὲ
2501 3058 2548 3110 τῇ
2566 3055 2667 3111 ἀρχῇ

1426 3125 1494 3174 τῆς
1528 3123 1699 3178 Σύρτεως
1735 3124 1849 3174 νῆσος
1885 3120 2111 3175 παραμήκης
2143 3119 2166 3170 ἣ
2203 3119 2399 3172 Κέρκιννα,
2445 3116 2663 3171 εὐμεγέθης,

1429 3184 1575 3240 ἔχουσα
1610 3186 1817 3241 ὁμώνυμον
1847 3184 1980 3233 πόλιν,
2014 3183 2078 3223 καὶ
2111 3181 2211 3233 ἄλλη
2239 3180 2408 3220 ἐλάττων
2439 3179 2662 3232 Κερκινῖτις.

1433 3265 1449 3286 «
1477 3247 1710 3288 Verisimile
1729 3255 1789 3287 est
1806 3246 1914 3286 hanc
1931 3244 2142 3285 Strabonis
2165 3242 2471 3282 distinctionem
2491 3240 2558 3280 hic
2588 3241 2665 3280 mi-

1426 3311 1538 3351 nime
1561 3310 1664 3359 fieri,
1690 3318 1730 3349 et
1753 3308 1927 3363 Scylacis
1956 3307 2201 3348 Cerciniten]
2223 3318 2301 3359 pro
2331 3303 2533 3344 Cercinna
2552 3303 2663 3343 Stra-

1428 3372 1547 3413 bonis
1583 3369 1817 3412 habendam
1837 3383 1947 3418 esse;
1979 3368 2183 3408 minorem
2202 3380 2300 3406 vero
2333 3364 2522 3414 insulam,
2544 3378 2666 3418 quam

1429 3434 1664 3475 Cerciniten
1699 3431 1847 3473 Strabo
1873 3438 2007 3481 vocat,
2043 3428 2154 3484 apud
2182 3429 2380 3470 Nostrum
2413 3427 2582 3467 nomine
2604 3441 2669 3466 ca-

1429 3510 1534 3536 rere.
1577 3512 1592 3533 »
1639 3495 1835 3535 GA1L1Us.
1876 3493 1891 3546 Η
1925 3515 1981 3523 ——
2014 3490 2104 3532 ἀπὸ
2141 3490 2188 3531 δὲ
2218 3489 2378 3545 Θάψου
2397 3490 2413 3544 ]
2455 3490 2552 3529 Post
2584 3488 2670 3528 hzrc

1429 3558 1554 3598 verba
1572 3557 1759 3597 lacunam
1781 3555 1936 3596 notavi.
1962 3554 2206 3608 Priusquam
2228 3566 2364 3593 sermo
2383 3559 2488 3592 esset
2509 3550 2559 3590 de
2579 3550 2671 3599 sinu

1430 3621 1501 3675 qui
1518 3618 1614 3660 inde
1632 3619 1683 3659 ab
1706 3633 1755 3659 eo
1775 3626 1923 3668 tractu,
1943 3618 1986 3658 in
2006 3631 2089 3672 quo
2102 3617 2307 3670 Thapsus,
2331 3613 2470 3668 Leptis
2485 3620 2525 3651 et
2540 3610 2669 3652 Adra-

1431 3696 1520 3736 mys
1534 3682 1621 3722 sitae
1639 3688 1750 3730 sunt,
1772 3680 1998 3720 introrsum
2016 3678 2210 3726 flectitur,
2234 3677 2331 3732 ipsae
2348 3676 2423 3716 illae
2445 3674 2564 3714 urbes
2585 3686 2668 3711 ine-

1431 3744 1584 3784 morari
1607 3742 1827 3783 debebant.
1854 3743 1998 3796 Itaque
2028 3740 2239 3781 Fabricius
2269 3737 2470 3793 supplevit
2496 3747 2505 3774 :
2532 3733 2604 3773 ἀπὸ
2629 3732 2668 3772 δὲ

1433 3806 1561 3861 Θάψου
1582 3804 1633 3853 εἰς
1648 3805 1783 3846 Λέπτιν
1800 3802 1869 3854 τὴν
1897 3802 2032 3858 μικρὰν
2049 3802 2237 3851 πλοῦς...,
2257 3799 2330 3841 ἀπὸ
2348 3798 2386 3838 δὲ
2410 3798 2578 3840 Αέπτεως
2599 3796 2665 3845 τῆς

1436 3869 1568 3923 μικρᾶς
1592 3867 1642 3915 εἰς
1659 3865 1871 3922 Ἀδρύμητα
1885 3866 2018 3913 πλοῦς.
2029 3898 2037 3906 .
2048 3897 2056 3905 .
2083 3862 2243 3905 Deinde
2259 3876 2355 3901 vero
2371 3858 2500 3899 codex
2516 3856 2637 3897 habet
2657 3869 2667 3896 :

1435 3930 1508 3972 ἀπὸ
1528 3930 1568 3971 δὲ
1591 3929 1719 3985 Θάψου
1747 3931 1814 3980 τῆς
1849 3930 1981 3983 μικρᾶς
2013 3927 2079 3967 καὶ
2100 3924 2261 3979 δρονίτις
2293 3922 2372 3962 ἐστὶ
2394 3919 2557 3969 zob-:053
2583 3932 2666 3958 em.

1434 3994 1685 4034 Gronovius.
1711 3992 1900 4042 Vossius,
1923 4004 2045 4044 quem
2064 3987 2300 4029 Clausenius
2316 3992 2436 4038 atque
2459 3980 2669 4023 Fabricius
