2808 4342
123 172 221 234 (20.)-

124 273 266 331 πόλις,
292 266 478 322 Ἰωνικὴ,
513 265 732 321 Μιλησίων
768 264 955 322 ἄποικος,
978 266 1048 311 καὶ
1081 266 1226 326 μνήμη
1247 267 1354 312 ἐστὶν

124 342 250 396 αὐτῆς
287 341 327 383 ἐν
361 336 526 385 πολλοῖς
562 334 820 395 γράμμασιν.
889 333 1079 380 Ἐνθένδε
1116 337 1172 387 εἷς
1206 335 1353 395 λιμένα

124 404 420 463 Σκυθοταύρων
454 402 607 464 ἔρημον
632 403 787 448 στάδιοι
812 403 1024 449 διακόσιοι·
1063 403 1134 448 καὶ
1159 404 1266 449 ἔνθεν
1305 406 1359 457 εἷς

122 473 338 534 Λαμπάδα
375 474 446 526 τῆς
480 472 691 534 Ταυρικῆς
714 470 870 516 στάδιοι
901 470 1121 523 ἑξακόσιοι.
1193 471 1293 516 Ἀπὸ
1317 472 1360 517 δὲ

122 541 352 602 Λαμπάδος
368 541 423 592 εἷς
443 539 665 600 Συμὸόλου
683 539 834 600 λιμένα
850 574 864 599 ,
887 538 1098 602 Ταυρικὸν
1113 539 1185 584 καὶ
1204 544 1360 596 τοῦτον,

121 610 278 657 στάδιοι
311 608 439 654 εἴκοσι
479 608 550 654 καὶ
573 607 850 670 πεντακόσιοι.
919 608 1006 654 Καὶ
1042 607 1149 653 ἔνθεν
1184 609 1224 660 ἐς
1250 611 1361 671 Χερ-

125 680 293 743 ρόνησον
315 681 388 734 τῆς
417 680 628 741 Ταυρικῆς
660 676 909 734 ὀγδοήκοντα
937 676 1009 722 καὶ
1033 676 1194 724 ἑκατόν.
1264 677 1363 724 Ἀπὸ

120 748 163 794 δὲ
197 745 463 808 Χερρονήσου
496 747 535 797 ἐς
567 748 796 808 Κερκινῖτιν
832 744 992 791 στάδιοι
1024 744 1251 802 ἑξακόσιοι,
1290 745 1361 790 καὶΙ

122 885 145 934 §
164 882 233 922 68.
254 882 269 934 ΙΙ
289 893 394 920 —1.
412 884 487 920 τῶν
504 879 710 931 Μιλησίων
726 879 980 934 Anonymus.
1003 880 1019 933 ΙΙ
1034 903 1091 910 -
1106 892 1145 920 2.
1163 880 1362 935 συγγράμ-

125 958 238 999 μασιν
264 946 401 984 Α11011.
427 943 442 997 ΙΙ
469 966 526 974 -
544 945 582 984 A
612 942 869 997 Panticapaeo
903 941 955 982 ad
971 941 1250 982 Theodosiam
1283 942 1363 983 Pli-

118 1007 214 1047 nius
230 1007 306 1055 IV,
327 1009 379 1046 26
405 1005 517 1046 milia
537 1006 589 1059 87
615 1012 662 1054 ¹l,
689 1005 799 1058 (700
818 1003 979 1057 51011ἰο)
996 1035 1007 1054 ,
1025 1004 1143 1044 sicuti
1163 1005 1363 1045 Arrianus

119 1077 160 1109 et
177 1071 439 1122 Anonymus,
462 1067 609 1108 Strabo
628 1081 671 1122 p.
695 1067 773 1120 309
793 1067 959 1106 nonnisi
976 1065 1056 1107 530
1083 1065 1214 1106 stadia
1236 1081 1361 1121 expu-

119 1138 222 1170 tant.
256 1131 449 1172 Ceterum
469 1128 520 1169 de
539 1125 707 1169 urbe'v.
740 1128 873 1169 Ukert
898 1130 975 1179 III,
1008 1141 1033 1169 2
1055 1142 1097 1183 p.
1121 1131 1201 1182 474
1222 1128 1362 1183 ibique

121 1193 247 1233 citati.
280 1192 296 1245 Η
318 1215 375 1222 —-
405 1192 446 1232 3.
476 1191 516 1231 λ.
550 1190 915 1245 Σκυθοταύρων
947 1189 1009 1230 vel
1036 1188 1269 1242 Ἀθηναιῶνα
1292 1190 1361 1231 ad-

123 1254 185 1294 dit
210 1257 478 1308 Auonymus;
502 1252 612 1293 idem
634 1266 643 1294 :
667 1252 828 1294 ἐνταῦθα
852 1254 969 1308 ὅρμος
998 1252 1127 1292 ναυσὶν
1157 1252 1357 1300 ἄκλυστος.

120 1315 301 1359 Aliunde
324 1315 440 1356 locus
479 1330 565 1357 non
596 1323 738 1357 notus.
779 1313 1038 1368 Quaerendus
1067 1329 1196 1370 prope
1226 1314 1362 1355 Sadak

122 1377 332 1432 (Sagdaja
349 1381 365 1432 )
386 1377 447 1418 vel
465 1377 518 1418 ad
541 1377 706 1419 Uskiut.
727 1380 781 1419 V.
806 1377 965 1418 Dubois
979 1379 1035 1427 V,
1053 1391 1096 1432 p.
1118 1380 1215 1425 460.
1232 1376 1362 1418 Pallas

121 1442 176 1489 II,
195 1441 358 1495 p.·341.
389 1440 404 1493 ll
425 1464 481 1470 —
499 1442 540 1488 4.
562 1440 627 1479 Λα
641 1441 820 1495 μπάδα]
856 1440 900 1480 h.
919 1439 947 1480 l.
989 1437 1184 1494 Ἃλμίτιδα
1203 1438 1358 1489 codex;

122 1516 203 1543 em.
228 1502 414 1543 Vossius.
450 1501 586 1541 Hodie
618 1503 748 1542 ruinae
774 1502 827 1542 ad
858 1501 1021 1543 Malaia
1050 1501 1282 1558 Lampada.
1303 1503 1358 1542 V.

121 1563 281 1604 Dubois
303 1565 359 1614 V,
382 1577 426 1618 p.
452 1562 550 1612 453.
588 1563 775 1618 Apostol.
802 1565 966 1603 Murav.
991 1577 1034 1616 p.
1064 1577 1157 1616 117.
1191 1564 1255 1602 Ex
1285 1564 1361 1603 Ar-

122 1626 239 1666 riano
262 1632 463 1665 memorat
484 1627 754 1679 Anonymus,
775 1624 878 1664 alius
901 1638 1038 1663 nemo.
1074 1624 1090 1676 Η
1110 1647 1166 1654 -
1187 1622 1226 1664 5.
1250 1623 1363 1678 Συμ-

123 1687 212 1727 ὃόλ
228 1702 281 1727 ου
306 1687 516 1741 λιμένα]
548 1686 673 1740 Apud
702 1686 894 1727 Strabon.
930 1699 972 1739 p.
1008 1686 1087 1737 309
1115 1678 1155 1725 01
1186 1685 1357 1726 Ρ1010111.

121 1752 198 1799 ΙΙΙ,
226 1764 242 1790 1
273 1762 282 1790 :
303 1749 516 1804 Συμὸόλων
535 1748 655 1803 λιμήν
677 1756 718 1788 et
733 1762 799 1802 ap.
822 1747 1002 1788 Pliniu'm
1019 1747 1097 1796 IV,
1123 1750 1175 1787 26
1198 1747 1361 1800 Symbo-

123 1812 188 1852 Io‘n
203 1822 367 1868 portas.
387 1813 624 1866 Utrumque
646 1824 799 1850 110111οι1
826 1811 869 1850 in
900 1808 1083 1850 fontibus
1104 1809 1187 1849 suis
1210 1811 1363 1864 reperit

122 1876 383 1928 Anonymus,
399 1871 515 1927 cujus
528 1872 659 1913 codex
671 1880 866 1927 corrupte
881 1885 891 1912 ;
909 1870 1122 1911 Εὖὸοὖλου.
1133 1903 1141 1911 .
1161 1868 1249 1922 ἥτοι
1260 1871 1362 1927 Σύμ-

122 1935 262 1976 ὁουλον
271 1968 279 1976 .
295 1934 429 1976 Hodie
437 1934 684 1976 Balalslava.
698 1936 899 1974 Praeterea
913 1937 1052 1975 Anon.
1070 1933 1178 1973 inter
1192 1935 1364 1988 Lampa-

124 1997 219 2039 dem
248 2007 288 2038 et
320 1997 610 2053 Symbolorum
632 2006 800 2052 portum
831 2004 1033 2048 memorat
1063 1996 1362 2050 Criumetopon

122 2069 334 2115 promont.
363 2060 466 2116 (Cap
487 2062 530 2100 A
534 2058 701 2115 itodor),
722 2074 746 2100 a
760 2057 1081 2114 Lampade'220,
1100 2052 1362 2113 ‘ct-Symbolo-

124 2137 217 2164 rum
238 2131 362 2178 portu
377 2121 516 2162 stadiis
534 2123 630 2163 300.
650 2123 711 2162 De
724 2121 948 2176 Symbolon
959 2129 1084 2175 portu
1100 2135 1138 2160 v.
1157 2120 1284 2161 Pallas
1303 2123 1359 2171 ΙΙ,

124 2198 167 2239 p.
200 2198 291 2237 129.
323 2184 481 2224 Dubois
504 2185 580 2232 VI,
606 2198 648 2237 p.
679 2185 771 2222 115.
798 2184 894 2236 Η-
922 2187 962 2222 6.
990 2182 1357 2236 Χερρόνησον].

125 2247 188 2286 De
198 2247 300 2286 urbe
309 2245 588 2294 celeberrima,
603 2243 667 2298 cuj
674 2259 719 2283 us
728 2245 856 2283 ruinae
867 2245 908 2282 in
918 2243 1145 2297 peninsula,
1157 2243 1208 2283 ab
1216 2258 1363 2284 occasu

124 2307 335 2348 hodiernae
357 2306 597 2361 Sevastopol
608 2336 619 2356 ,
644 2320 682 2346 v.
704 2314 850 2360 praeter
869 2307 1078 2359 Anonym.
1100 2307 1122 2356 5
1149 2304 1197 2344 55
1222 2305 1361 2359 Scylax

127 2371 218 2421 §68
233 2386 243 2420 ;
261 2370 460 2423 Scymnus
481 2370 557 2408 821
579 2382 688 2422 sqq.;
710 2367 855 2407 Strabo
869 2381 911 2421 p.
933 2368 1010 2408 308
1029 2381 1119 2420 sqq.
1141 2367 1236 2406 312.
1258 2367 1359 2416 5423

125 2430 233 2470 Mela
251 2432 305 2480 II,
336 2443 352 2469 1
371 2445 382 2479 ;
404 2428 560 2470 Plinius
583 2430 658 2478 IV,
692 2432 744 2476 24
775 2437 814 2468 et
837 2431 916 2476 26;
946 2427 1189 2468 Ptolemaeus
1210 2430 1287 2477 III,
1310 2432 1359 2477 6;

125 2492 308 2545 Phlegon
342 2490 393 2530 fr.
426 2503 502 2540 20;
527 2490 730 2531 Ammian.
764 2491 903 2539 XXII,
931 2491 979 2539 83
1015 2491 1191 2543 Procop.
1225 2491 1273 2529 B.
1306 2491 1358 2530 G.

126 2555 202 2602 IV,
230 2553 250 2592 5
268 2569 278 2603 ;
304 2552 561 2594 Constantin.
583 2552 647 2592 De
668 2551 780 2592 adm.
804 2553 905 2606 imp.
925 2565 962 2591 c.
992 2550 1064 2601 533
1084 2553 1236 2604 Geogr.
1257 2553 1358 2592 Rav.

126 2618 181 2666 V,
211 2631 255 2657 11
293 2626 332 2657 et
364 2618 440 2665 IV,
481 2617 535 2666 35
560 2616 690 2656 Pallas
708 2618 764 2665 II,
790 2630 832 2670 p.
867 2617 940 2664 68;
966 2614 1125 2655 Dubois
1147 2616 1222 2664 VI,
1259 2629 1359 2668 1193

127 2674 271 2719 Clarke
288 2681 343 2728 ΙΙ,
363 2692 405 2732 p.
427 2681 506 2731 499
524 2693 535 2727 ;
557 2677 764 2718 Polsberw
780 2679 840 2716 De
860 2676 982 2717 rebus
1005 2677 1358 2728 Chersonitarum‚

126 2741 306 2781 Berolini
335 2741 462 2791 1838;
490 2741 657 2793 Georgii
688 2739 780 2779 Alt.
804 2743 946 2790 Geogr.
974 2741 1029 2788 II,
1058 2754 1099 2794 p.
1122 2740 1358 2793 387—397.

133 2804 148 2857 ΙΙ
188 2827 244 2834 --
284 2805 323 2844 8.
365 2803 689 2858 Κερκινῖτιν]
731 2804 976 2856 Anonymus
1005 2799 1128 2841 habet
1159 2801 1360 2856 Κορονῖτιν

126 2864 212 2917 ἤτοι
232 2866 470 2920 Κερκινίτην.
491 2866 599 2905 Situs
616 2865 830 2905 Cercinitis
846 2872 886 2904 et
901 2863 1066 2904 Pulchri
1083 2872 1240 2918 Ρο11115,
1263 2865 1295 2904 si
1319 2865 1361 2904 in

128 2929 293 2970 Arriani
308 2936 348 2968 et
360 2928 568 2982 Anonymi
585 2926 788 2967 distantiis
803 2927 1056 2980 acquiescaS,
1083 2927 1142 2966 uti
1162 2926 1281 2966 nobis
1304 2925 1361 2966 fa-

133 2990 326 3031 ciendum
349 2998 422 3040 est,
445 2989 548 3030 nihil
577 2988 702 3029 offert
724 2987 990 3029 difficultatis.
1013 2989 1209 3029 Sexcenta
1231 2988 1362 3030 stadia

128 3054 161 3093 si
191 3068 304 3093 oram
338 3067 476 3107 presse
507 3052 650 3106 legeris
665 3083 675 3101 ,
716 3050 852 3106 paullo
885 3050 991 3091 ultra
1026 3051 1361 3105 promontorium

129 3114 285 3167 Kozlof
298 3116 314 3168 (
328 3114 472 3170 pointe
493 3114 542 3154 de
571 3113 748 3167 Kozlof)
772 3114 1005 3167 pertinent;
1038 3113 1134 3153 hinc
1155 3112 1207 3152 ad
1232 3112 1360 3153 Καλὸν

129 3177 267 3231 λιμένα
300 3191 430 3231 quum
462 3177 717 3232 septingenta
749 3176 830 3215 sint
862 3172 1007 3225 stadia,
1046 3173 1264 3229 ponendus
1297 3175 1361 3215 ille

129 3239 303 3279 Pulcher
329 3246 475 3293 portus
496 3247 556 3278 est
574 3238 652 3279 sub
672 3238 762 3288 45⁰,
788 3235 855 3278 32'
884 3236 936 3277 ad
963 3238 1086 3277 maris
1110 3251 1316 3277 recessum
1339 3252 1362 3278 a

131 3299 303 3340 meridie
332 3300 410 3340 loci
430 3300 613 3351 Carabel,
638 3301 680 3340 in
704 3301 799 3340 sinu
824 3300 1042 3341 Cercinite.
1068 3301 1204 3353 Atque
1228 3300 1284 3339 ita
1303 3299 1361 3340 fe-

130 3363 230 3403 cisse
252 3362 295 3400 in
313 3362 468 3416 mappis
490 3362 574 3401 suis
593 3361 712 3402 video
726 3363 984 3416 Kiepertum.
1003 3364 1133 3403 Porro
1145 3376 1168 3401 a
1183 3361 1362 3402 Pulchro

131 3432 255 3479 portu
284 3437 414 3478 usque
434 3422 486 3463 ad
510 3425 765 3478 Tamyracen
793 3424 873 3466 300
902 3422 1254 3470 stadianumerat
1283 3427 1362 3465 Ar-

132 3487 272 3532 rianus
286 3516 297 3535 ‚
318 3486 496 3539 itemque
521 3487 765 3540 Anonymus
780 3516 792 3535 ,
817 3486 895 3525 nisi
919 3484 1032 3539 quod
1050 3485 1118 3525 hic
1133 3487 1362 3526 accuratius

133 3563 220 3589 rem
233 3542 391 3588 definit.
408 3548 572 3588 Etenim
588 3548 761 3588 istorum
779 3546 1004 3588 stadiorum
1022 3548 1103 3588 300
1118 3561 1242 3588 cursu
1256 3548 1362 3590 linea

133 3619 240 3650 recta
262 3608 463 3663 trajicitur
491 3610 604 3649 sinus
626 3609 869 3659 Carcinites,
892 3608 1007 3663 cujus
1026 3610 1058 3648 si
1079 3623 1194 3649 oram
1219 3609 1362 3663 legeris

134 3671 361 3713 emetienda
398 3671 532 3711 forent
564 3670 694 3711 stadia
736 3669 869 3720 225o;
906 3668 1148 3725 Tamyrace'
1168 3685 1266 3711 vero
1303 3680 1363 3713 est

136 3733 370 3789 ἀκρωτήριον
392 3732 453 3788 ἀφ’
475 3729 518 3772 οῧ
543 3732 703 3787 παρήκει
725 3732 746 3772 ὁ
767 3731 978 3786 Ἀχίλλειος
996 3733 1160 3787 δρόμος,
1182 3734 1254 3787 qui
1276 3747 1363 3774 ver·

135 3811 203 3837 sus
226 3810 414 3837 occasum
434 3795 611 3851 pertinet
637 3794 690 3835 ad
714 3794 890 3835 0110111111
912 3796 976 3835 51ιί
1005 3796 1359 3850 promontorium,

136 3858 249 3913 quod
273 3866 440 3898 vocatur
462 3857 580 3904 ἄλσος
613 3855 786 3908 Ἑκάτης.
821 3858 924 3909 Quae
945 3855 1114 3910 quidem
1139 3857 1193 3897 ita
1217 3857 1363 3897 intelli-

137 3920 269 3975 genda
301 3929 411 3970 sunt,
441 3928 489 3960 ut
521 3919 795 3960 extremitates
833 3919 918 3959 istae
946 3919 1026 3958 sint
1059 3916 1186 3973 ipsius
1222 3933 1365 3959 cursus

137 3983 306 4026 Achillei
335 3982 348 4038 (
368 3997 452 4023 non
475 3997 573 4023 vero
595 3981 878 4037 promontoria
904 3979 1071 4035 objectae
1094 3981 1363 4032 continentis,

1007 166 1303 212 PERIPLUS
1336 167 1518 213 PONTI
1553 168 1782 214 EUXlNl.

2565 187 2650 226 395

1428 275 1587 316 colonia
1601 306 1613 326 ,
1638 274 1754 330 cujus
1773 276 1974 316 memoria
1992 275 2132 314 multis
2155 275 2363 316 literarum
2383 285 2656 323 monumentis

1429 354 1671 394 celebratur.
1730 354 1835 394 Inde
1856 353 1908 395 ad
1930 362 2098 409 portum
2129 355 2493 409 Scythotaurorum
2525 360 2682 406 110501»

1433 440 1522 474 tum
1547 435 1678 476 stadia
1699 434 1893 492 ducenta.
1955 433 2064 479 Hinc
2094 432 2146 473 ad
2170 434 2379 489 Lampada
2396 438 2579 480 Taurica}
2608 442 2662 480 ci-

2079 511 2115 550 A
2147 509 2353 564 Lampade
2387 511 2439 551 ad
2482 514 2660 568 Symboli

1435 599 1602 645 portum
1632 580 1729 631 item
1761 591 1988 631 Tauricum
2021 591 2149 632 stadia
2178 593 2401 647 quingenta
2426 590 2464 635 et
2494 596 2661 649 viginti,

1435 510 1599 549 vitatem
1634 508 1763 550 stadia
1796 516 2001 548 sexcenta.

1436 679 1477 710 et
1496 670 1592 710 inde
1614 669 1666 710 a'd
1685 670 1988 711 Chersonesum
2002 672 2187 712 Tauricae
2203 682 2369 714 0011111111
2384 683 2424 715 01
2442 677 2662 730 octoginta.

1439 749 1475 788 A
1512 746 1769 786 Chersoneso
1801 747 1853 786 ad
1886 748 2122 788 Cercinitim
2154 749 2284 790 stadia
2315 759 2527 802 sexcenta,
2568 761 2607 793 et
2643 768 2665 796 a

1434 878 1550 934 quod
1579 879 1743 930 multis,
1768 888 1976 934 praeeunte
2005 880 2214 931 Κὸ111010,
2244 882 2444 938 placuit).
2477 883 2527 924 Id
2556 885 2666 925 enim

1433 950 1474 983 et
1496 941 1621 983 verba
1642 942 1852 997 Anonymi
1884 942 2060 984 suadent
2087 952 2126 983 et
2158 958 2249 998 quae
2280 944 2392 1000 apud
2424 945 2666 987 Strabonem

1432 1018 1475 1059 p.
1499 1005 1577 1046 308
1605 1017 1614 1045 t
1633 1004 1794 1059 τελευτᾷ
1808 1004 1847 1045 δὲ
1866 1004 1879 1061 (
1897 1004 1917 1045 ὃ
1939 1004 2148 1060 Ἀχίλλειος
2165 1007 2303 1061 δρόμος
2319 1006 2332 1062 )
2351 1007 2442 1062 πρὸς
2456 1007 2573 1063 ἄκραν
2588 1040 2600 1060 ,
2619 1010 2665 1061 ἣν

1434 1067 1666 1122 Ταμυράκην
1684 1067 1889 1119 καλοῦσιν,
1912 1064 2078 1123 ἔχουσαν
2102 1068 2270 1124 ὕφορμον
2289 1068 2435 1124 βλέπο
2449 1084 2533 1111 ντα
2557 1071 2668 1126 πρὸς

1432 1132 1514 1173 τὸν
1544 1131 1634 1183 ἤπε
1649 1147 1660 1171 ι
1673 1147 1693 1187 ρ
1706 1147 1726 1172 ο
1740 1146 1759 1172 ν
1777 1163 1785 1172 .
1806 1134 1899 1172 Jam
1922 1146 2018 1172 vero
2041 1131 2169 1172 01000
2188 1131 2353 1181 Pulchri
2375 1140 2520 1187 portus
2538 1147 2668 1188 usque

1432 1193 1485 1234 ad
1498 1194 1797 1234 extremitatem
1815 1208 1958 1234 cursus
1976 1192 2147 1235 Achillei
2162 1207 2304 1234 revera
2315 1201 2409 1235 sunt
2425 1193 2555 1234 stadia
2569 1195 2664 1237 300.

1432 1257 1530 1296 Haec
1560 1257 1686 1310 igitur
1707 1256 1812 1296 bene
1835 1256 1974 1296 omnia
2000 1255 2247 1310 procedunt,
2279 1256 2357 1295 nisi
2387 1254 2501 1310 quod
2533 1257 2666 1312 ipsum

1433 1320 1570 1359 sinum
1599 1319 1848 1360 Cercinitem
1872 1318 1985 1372 justo
2016 1317 2214 1372 majorem
2252 1318 2369 1372 fingit
2405 1321 2664 1374 Anonymus,
2695 1348 2698 1352 -

1433 1395 1566 1435 quum
1589 1395 1661 1422 ora
1683 1379 1770 1435 ejus
1799 1396 1822 1421 a
1841 1381 1940 1422 Calo
1959 1389 2084 1435 portu
2102 1379 2154 1420 ad
2185 1381 2439 1435 Tamyracen
2460 1381 2527 1421 vix
2565 1383 2669 1425 1500

1433 1442 1661 1483 stadiorum
1679 1441 1979 1497 longitudinem
1999 1442 2170 1491 habeat;
2201 1441 2273 1482 sed
2291 1441 2593 1484 condonandus
2608 1459 2670 1485 er-

1433 1520 1503 1546 ror
1517 1505 1568 1545 de
1585 1507 1708 1547 maris
1724 1519 1886 1546 recessu
1898 1519 2045 1560 parum
2062 1504 2334 1558 frequentato.
2354 1505 2549 1545 Similiter
2563 1515 2669 1547 errat

1432 1568 1577 1609 Strabo
1599 1583 1641 1623 p.
1663 1569 1742 1610 308
1764 1581 1772 1608 :
1795 1567 1878 1622 μεθ’
1898 1567 1943 1619 ἣν
1968 1568 1984 1621 (
2000 1567 2231 1622 Ταμυράκην
2251 1569 2268 1620 )
2292 1566 2313 1606 ὅ
2332 1566 2558 1621 Καρκινίτης
2576 1569 2667 1608 κόλ-

1433 1646 1502 1677 πος
1521 1629 1748 1686 εὐμεγέθης,
1775 1629 1925 1684 ἀνέχων
1945 1629 2037 1685 πρὸς
2053 1628 2119 1677 τὰς
2141 1629 2297 1683 ἄρκτους
2313 1629 2403 1668 ὅσον
2422 1628 2483 1669 ἐπὶ
2497 1631 2670 1680 σταδίους

1432 1692 1581 1745 χιλίους
1596 1724 1607 1741 ,
1639 1692 1676 1732 οἱ
1705 1692 1744 1732 δὲ
1765 1692 1829 1732 καὶ
1858 1691 2100 1746 τριπλασίους
2121 1691 2212 1746 φασὶ
2236 1691 2348 1746 μέχρι
2363 1693 2432 1731 τοῦ
2453 1695 2593 1746 μυχοῦ.
2612 1718 2668 1724 -

1434 1754 1592 1793 Verum
1608 1755 1817 1793 enimvero
1833 1752 2022 1802 offendit,
2041 1752 2152 1806 quod
2170 1751 2383 1791 Carcinitis
2394 1751 2508 1791 locus
2523 1766 2573 1792 ex
2591 1755 2668 1793 Ar-

1434 1815 1538 1855 riani
1554 1823 1594 1855 et
1611 1813 1819 1868 Anonymi
1832 1821 2028 1867 computo
2051 1811 2268 1867 ponendus
2286 1812 2337 1851 sit
2351 1819 2466 1852 extra
2488 1813 2668 1853 Cercini-

1434 1877 1494 1916 tin
1509 1891 1582 1916 seu
1590 1876 1822 1917 Carciniten
1835 1876 1986 1924 sinum,
1999 1883 2120 1928 atque
2131 1872 2183 1913 de
2201 1873 2282 1912 situ
2295 1873 2374 1914 loci
2386 1872 2505 1926 longe
2522 1873 2598 1914 alia
2610 1889 2670 1914 re·

1434 1937 1825 1988 ferantHerodotus,
1839 1937 1961 1987 Mela,
1976 1936 2132 1977 Plinius
2143 1943 2183 1976 et
2194 1935 2450 1976 Ptolemaeus.
2464 1936 2574 1976 Num
2585 1935 2670 1976 duo

1433 1999 1617 2055 ejusdem
1632 2001 1813 2041 nominis
1831 2000 1920 2040 loca
1938 1998 2081 2039 erant?
2103 1998 2184 2037 Vix
2204 1997 2358 2038 credas.
2378 2000 2444 2039 An
2457 1998 2669 2038 Cercinitis

1434 2077 1587 2104 nomen
1607 2063 1808 2104 Arrianus
1830 2075 2046 2117 perperam
2072 2060 2277 2100 transtulit
2299 2059 2349 2100 ad
2370 2059 2497 2100 alium
2514 2059 2665 2110 locum,

1434 2126 1500 2165 cui
1523 2125 1654 2165 simile
1677 2125 1860 2164 nomen?
1883 2123 1933 2163 Id
1964 2131 2078 2163 tanto
2102 2121 2258 2162 facilius
2283 2122 2506 2176 putaveriS,
2534 2136 2665 2176 quum

1434 2199 1573 2239 reapse
1592 2184 1678 2225 duo
1698 2184 1867 2224 nomina
1884 2183 2028 2237 afferat
2039 2186 2282 2236 Anonymus
2295 2182 2497 2236 Κορονῖτιν
2517 2190 2557 2222 et
2568 2183 2660 2237 Κερ-

1433 2248 1586 2297 κινῖτιν,
1609 2260 1787 2300 quorum
1803 2245 1882 2286 hoc
1900 2259 1950 2284 ex
1970 2244 2161 2294 Arriano,
2183 2242 2283 2283 illud
2304 2241 2468 2283 aliunde
2484 2258 2668 2298 sumpse-

1434 2310 1501 2349 rit.
1527 2309 1716 2362 Denique
1735 2306 1847 2347 credi
1863 2307 1991 2361 possit
2016 2305 2145 2345 stadia
2162 2310 2257 2355 600,
2277 2319 2367 2359 quae
2384 2313 2480 2345 sunt
2498 2319 2522 2345 a
2544 2305 2669 2346 Cher-

1433 2385 1578 2410 soneso
1601 2369 1653 2410 ad
1674 2368 1929 2418 Carciniten,
1950 2381 2033 2407 non
2050 2366 2284 2421 exputanda
2305 2381 2389 2406 esse
2400 2365 2518 2419 juxta
2535 2381 2664 2417 oram,

1433 2432 1504 2473 sed
1522 2432 1629 2472 linea
1641 2440 1750 2471 recta
1765 2431 1970 2485 pertinere
1985 2428 2037 2469 ad
2053 2432 2135 2484 Cap
2158 2428 2335 2477 Tar-kun,
2351 2427 2454 2468 adeo
2467 2437 2513 2469 ut
2531 2429 2666 2470 Cerci-

1434 2494 1528 2534 nitis
1550 2494 1602 2533 sit
1627 2491 1680 2533 ad
1702 2491 1920 2532 introitum
1944 2490 2074 2539 sinuS,
2100 2488 2218 2530 Calos
2240 2488 2365 2529 limen
2400 2503 2497 2530 vero
2527 2490 2570 2530 in
2600 2490 2664 2530 in-

1434 2557 1535 2596 timo
1551 2554 1700 2610 mycho
1715 2553 1951 2602 collocetur,
1972 2560 2094 2606 atque
2111 2551 2209 2591 hinc
2226 2558 2426 2606 putentur
2442 2550 2570 2591 stadia
2586 2551 2666 2593 300

1433 2618 1485 2658 011
1525 2619 1794 2671 Tamyracen.
1841 2618 1979 2667 Quam
2022 2613 2224 2654 rationem
2269 2613 2405 2654 Gailio
2450 2612 2667 2667 probatam

1434 2679 1634 2719 distantiae
1667 2677 1834 2732 quidem
1874 2675 2135 2725 admittunt,
2164 2673 2236 2715 sed
2267 2682 2499 2728 repugnant
2546 2675 2667 2715 verba

1435 2741 1669 2798 Anonymi,
1694 2740 1765 2794 qui
1784 2739 1835 2779 de
1859 2752 2008 2792 magno
2030 2738 2124 2777 sinu
2144 2738 2207 2778 via
2228 2735 2535 2790 compendiaria
2557 2736 2667 2790 traji-

1433 2803 1580 2844 ciendo
1599 2803 1796 2857 loquitur,
1822 2815 1955 2855 neque
1977 2799 2249 2840 conciliantur
2271 2797 2506 2838 Herodotus
2523 2806 2562 2838 ct
2580 2799 2668 2839 reli-

1434 2868 1530 2920 qui,
1563 2866 1634 2920 qui
1672 2864 1896 2906 Carcinitin
1930 2863 1974 2902 in
2022 2864 2147 2916 μυχοῦ
2182 2860 2306 2901 101010
2346 2859 2499 2899 boreali
2540 2874 2668 2915 prope

1433 2928 1657 2969 Achilleum
1672 2940 1838 2976 cursum
1855 2924 2068 2966 collocant.
2084 2923 2247 2963 Etenim
2258 2921 2493 2963 Herodotus
2501 2923 2575 2972 IV,
2593 2923 2641 2962 55
2657 2937 2663 2962 :

1440 2989 1643 3046 Ὑπάκυρις
1677 2988 1847 3043 ποταμὸς
1861 3019 1872 3038 ,
1910 2988 1950 3035 ’ὸς
1981 2986 2144 3042 ὁρμᾶται
2169 2984 2235 3040 μὲν
2273 2983 2313 3024 ἐκ
2346 2983 2485 3038 λίμνης
2500 3014 2510 3032 ,
2540 2985 2663 3037 μέσων

1433 3052 1472 3092 δὲ
1494 3057 1568 3092 τῶν
1604 3052 1782 3107 νομάδων
1815 3049 1987 3090 Σκυθέων
2021 3047 2112 3102 ῥέων
2145 3046 2293 3087 ἐκδιδοῖ
2319 3044 2414 3084 κατὰ
2449 3045 2665 3098 Καρκινῖτιν

1433 3114 1544 3155 πόλιν
1564 3146 1574 3164 ,
1608 3113 1642 3160 ἐς
1671 3109 1793 3162 δεξιὴν
1820 3110 1994 3165 ἀπέργων
2022 3108 2091 3159 τήν
2109 3123 2148 3148 τε
2183 3106 2343 3158 Ὑλαίην
2364 3106 2428 3146 καὶ
2449 3106 2514 3146 τὸν
2537 3105 2664 3161 Ἀχιλ-

1432 3176 1544 3228 λήιον
1574 3174 1808 3229 καλεύμενον
1837 3172 1996 3226 δρόμον.
2021 3169 2084 3210 Cf.
2119 3169 2228 3208 idem
2247 3169 2323 3216 IV,
2350 3183 2419 3220 99,
2455 3167 2527 3207 ubi
2563 3169 2662 3208 Cer·

1433 3238 1641 3279 cinitidem
1661 3236 1805 3276 urbem
1832 3235 1873 3273 in
1891 3232 2078 3273 confiniis
2097 3231 2214 3285 ponit
2233 3229 2476 3284 Scytharum
2497 3238 2537 3269 et
2554 3231 2661 3270 Tau-

1433 3315 1591 3342 rorum.
1630 3298 1784 3339 Plinius
1810 3297 1884 3344 IV,
1913 3298 1964 3334 26
1998 3306 2006 3333 :
2032 3296 2150 3334 Mare
2171 3291 2285 3332 subit
2319 3305 2463 3342 magno
2487 3305 2660 3340 recessa,

1432 3353 1554 3402 donec
1572 3363 1614 3400 V
1636 3358 1795 3399 milicem
1803 3372 1853 3412 p.
1878 3354 2092 3396 intervallo
2107 3353 2220 3394 absit
2234 3368 2261 3393 a
2276 3351 2522 3394 Maeotide...
2543 3352 2664 3393 Sinas

1436 3421 1654 3465 Carcinitis
1669 3419 1916 3476 appellatur.
1943 3417 2111 3459 Flumen
2130 3415 2300 3470 Pacyris
2313 3432 2328 3463 ;
2348 3413 2504 3471 oppida
2518 3417 2663 3456 Nava-

1434 3500 1549 3540 cam,
1583 3481 1795 3524 Carcine...
1821 3482 1863 3520 A
1888 3476 2136 3520 Carciniticle
2172 3476 2351 3518 Taurica
2379 3476 2527 3532 incipit
2549 3476 2561 3531 (
2582 3491 2660 3517 500.

1433 3549 1640 3601 Anonym.
1668 3546 1688 3595 §
1711 3543 1760 3583 56
1794 3556 1815 3582 a
1835 3541 1932 3582 Calo
1958 3548 2081 3595 portu
2107 3540 2283 3580 Taurica
2305 3539 2581 3580 Chersonesus
2602 3540 2662 3578 in-

1434 3611 1530 3664 cipit
1546 3611 1576 3661 ),
1598 3606 1702 3651 Mela
1719 3606 1774 3654 II,
1805 3618 1821 3643 1
1851 3617 1860 3644 ε
1891 3601 2009 3655 Quod
2038 3601 2144 3641 iuter
2163 3601 2355 3657 paludem
2376 3610 2415 3641 et
2435 3600 2570 3640 sinam
2603 3610 2662 3639 cst

1439 3671 1611 3726 Taphrcc
1704 3665 1890 3714 'anatum
1909 3664 2024 3705 sinas
2062 3663 2298 3704 Carcinites.
2336 3666 2388 3703 In
2417 3677 2460 3702 eo
2480 3662 2574 3701 urbs
2603 3670 2662 3700 est

1437 3731 1612 3778 Carcine,
1713 3743 1756 3768 vm
1775 3725 2055 3781 daoflamina,
2082 3725 2254 3767 Gerrhos
2273 3734 2309 3765 et
2336 3721 2566 3778 Hypaeyris
2583 3735 2660 3761 ano

1434 3794 1537 3834 ostio
1552 3791 1633 3845 (sst‘
1650 3834 1652 3842 .
1720 3789 1760 3829 'Ta
1778 3788 2005 3841 attingant.
2030 3811 2087 3819 -—
2107 3789 2170 3828 Ex
2189 3787 2264 3826 hac
2283 3783 2480 3825 Herodoti
2501 3790 2661 3822 senten-

1434 3857 1489 3896 tia
1515 3854 1712 3895 Carcinen
1743 3850 1890 3892 urbem
1913 3849 1965 3890 ad
1991 3850 2162 3890 fluvium
2182 3862 2303 3902 quem
2325 3845 2570 3887 Carcinitem
2591 3858 2660 3884 vo-

1436 3926 1512 3967 cat,
1540 3915 1697 3957 notavit
1719 3913 1975 3963 Ptolemaeu5‚
2000 3911 2138 3967 paullo
2165 3910 2323 3963 longius
2342 3916 2478 3948 tamen
2505 3905 2557 3947 ab
2589 3920 2660 3946 ora

1437 3985 1633 4019 removet.
1658 4000 1711 4007 -
1732 3978 2098 4030 Interpretamenta
2115 4002 2126 4022 ,
2152 3969 2300 4024 quibus
2333 3967 2531 4009 Herodoti
2556 3965 2659 4021 ejus-
