2756 4354
138 175 294 209 xcxtn
488 205 532 248 ο

136 267 297 310 Medos
314 275 490 323 urgeret
513 274 559 308 ee
574 264 766 308 Par-tlem-
789 260 888 320 (Cf.
916 270 1007 304 not.
1038 257 1110 302 ad.
1138 272 1183 317 p.
1206 272 1291 312 27¹
1318 258 1333 318 )
1355 272 1368 301 ε

141 339 402 385 Dodwcllus
424 354 533 384 suos
556 339 605 383 in
624 352 735 383 usus
762 334 999 382 historiam
1034 332 1283 377 Romanam
1306 332 1371 378 ita

137 415 399 470 constituit,
426 425 476 460 ut
506 413 743 474 ,Trajanus
775 409 992 456 Arabiam
1021 408 1285 454 universam
1311 407 1369 454 ad

135 490 367 537 Oceanum
391 506 537 551 usque
577 486 808 547 subegerit
843 486 983 544 inque
1010 484 1277 545 provincias
1304 485 1371 532 di-

136 566 375 620 stinxerit,
404 579 599 625 quarum
642 575 731 606 una
762 560 885 604 dicta
912 558 973 604 sit
994 560 1166 604 Arabia
1189 565 1359 620 prima,

136 641 507 703 quandoquidem
543 634 861 682 meridionalis
889 631 1076 680 Arabioe
1093 649 1200 696 pars
1214 635 1263 681 in
1283 634 1368 681 Pe-

133 716 295 777 riplos
323 715 375 758 16
396 730 440 775 p.
461 729 567 768 271,
593 727 617 767 7
637 713 661 765 ἡ
682 707 827 771 πρώτη
847 706 1020 772 Ἀραὸία
1040 719 1245 756 vocatur.
1268 709 1369 765 Qua

134 792 180 836 in
206 806 253 835 re
273 805 433 849 parum
451 786 630 832 curavit
645 784 910 832 Dodwellus
932 784 1079 832 verba
1112 786 1282 848 peripli
1304 786 1370 832 ita

133 864 298 909 habere
314 873 362 908 ut
384 863 441 908 de
462 861 708 923 provincia
735 859 940 907 Romana
959 862 1153 921 cogitari
1176 861 1367 908 omnino

132 948 336 1000 nequeat.
355 937 582 983 Nimirum
599 935 712 982 dicit
727 945 886 982 auctor
903 937 1123 982 Azaniam
1141 951 1200 982 ex
1213 946 1368 982 vetere

130 1017 338 1062 instituto
360 1014 613 1076 subjectam
634 1030 732 1060 esse
759 1020 818 1077 τῇ
844 1016 905 1076 βα
919 1013 1092 1077 σιλείᾳ
1110 1016 1183 1069 τ’ῆς
1201 1012 1368 1076 πρώτης

127 1090 340 1152 γινομένης
368 1091 382 1150 (
402 1089 625 1151 λεγομένης
647 1088 772 1150 conj.
800 1088 1026 1135 Dodwell.
1049 1090 1062 1149 )
1090 1087 1300 1150 Ἀραδίοις,
1323 1099 1369 1135 et

129 1166 440 1212 administrari
465 1181 492 1211 a
510 1175 708 1227 tyranno
731 1166 831 1212 sive
849 1165 1063 1227 praesecto
1093 1165 1365 1227 Illaphariti·

126 1242 196 1287 dis
226 1241 446 1301 regionis.
480 1240 655 1286 Deinde
687 1255 797 1285 vero
828 1256 968 1301 quum
1007 1240 1249 1288 Charibael
1285 1255 1367 1286 rex

124 1334 172 1378 p.
201 1322 311 1373 274,
332 1316 358 1361 5
376 1314 552 1361 crebris
574 1315 710 1360 donis
722 1325 767 1360 et
788 1314 1096 1374 legationibus
1115 1316 1364 1361 amicitiam

123 1387 204 1436 vasi·
225 1389 537 1452 αὐτοκρατόρων
572 1390 725 1435 colere
763 1388 1075 1451 perhibeatur,
1113 1389 1185 1435 his
1206 1389 1365 1436 verbis

124 1465 388 1512 Dodwellus
422 1475 600 1527 tempus
628 1465 824 1510 indicari
858 1475 1040 1524 censet,
1061 1481 1154 1525 quo
1181 1465 1274 1511 duo
1307 1466 1364 1512 si-

51 1577 58 1587 .
123 1543 216 1588 mul
253 1543 555 1604 imperatores
576 1551 743 1596 essent,
772 1541 989 1587 videlicet
1014 1540 1193 1587 Marcus
1217 1542 1363 1588 Aure·

122 1619 214 1664 lius
229 1628 273 1664 et
296 1617 465 1663 Lucius
486 1616 631 1663 Verus
655 1617 889 1678 (161-181)
904 1617 974 1678 (⁶).
1004 1616 1150 1671 Quam
1174 1617 1359 1678 quidem

123 1695 550 1758 interpretationem
602 1692 746 1740 verba
792 1708 1083 1755 nequaquam
1137 1693 1361 1753 flagitant,

123 1772 333 1833 nihilque
357 1771 546 1833 impedit
570 1771 683 1832 quin
709 1772 747 1816 οἱ
773 1770 835 1815 ἀεὶ
854 1770 1152 1832 αὐτοκράτορες
1181 1770 1362 1816 intelli-

120 1857 286 1908 gantur
329 1846 679 1908 (Vespasianus,
717 1846 851 1892 Titus
866 1881 879 1903 ,
929 1847 1220 1892 Domitianus
1240 1847 1272 1908 ).
1302 1875 1362 1881 —

123 1920 362 1983 Reliquam
414 1920 641 1968 Dodwelli
693 1921 1051 1983 disputationem
1114 1921 1360 1967 imbecillis

121 1997 248 2043 hisce
275 1996 435 2042 fulcris
468 1998 734 2042 innitentem
770 2013 862 2042 non
891 1997 1058 2043 resero.
1085 1996 1357 2042 Tortuosam

118 2072 220 2134 ejus
235 2073 580 2135 perversitatem
617 2073 714 2119 fuse
737 2073 1049 2120 demonstrare
1073 2088 1227 2135 operae
1254 2089 1360 2135 pre-

118 2149 232 2195 tium
256 2149 390 2195 duxit
410 2147 793 2195 Schwanbeckius
816 2150 849 2197 l.
873 2150 902 2195 l.
930 2166 974 2212 p.
998 2150 1227 2197 338·351.

187 2241 287 2282 ¹7¹·
314 2227 553 2271 Vincenlus
573 2226 605 2272 l.
633 2227 660 2270 l.
686 2225 748 2284 ll,
768 2242 813 2287 p.
838 2226 894 2270 52
913 2242 981 2286 sq.
999 2226 1054 2271 ad
1071 2226 1282 2271 Salmasii
1303 2226 1361 2271 de

117 2300 361 2361 scriptoris
382 2303 527 2349 nostri
547 2312 676 2347 aetate
692 2304 959 2348 sententiam
977 2302 1129 2351 rediit.
1146 2302 1358 2348 Ceterum

116 2390 228 2421 voce
254 2367 420 2438 Καῖσάρ
439 2379 466 2437 S
484 2379 542 2422 26
565 2377 807 2423 Claudium
827 2378 1024 2424 indicari
1057 2390 1222 2427 censet.
1248 2379 1359 2424 lnde

116 2450 173 2496 ab
200 2452 396 2499 infausta
426 2452 529 2499 AElii
568 2453 689 2499 Galli
730 2454 1023 2515 expeditione
1047 2470 1227 2517 semper
1264 2455 1353 2501 lto·

115 2541 274 2573 manos
296 2528 346 2573 in
370 2543 452 2573 ora
487 2527 669 2573 Arabiae
703 2529 803 2574 loca
827 2530 1032 2589 quaedam
1068 2530 1351 2590 possedisse,

115 2603 298 2648 certein
328 2602 474 2649 Leuce
501 2620 630 2650 come
653 2605 919 2665 praesidium
945 2605 1160 2651 habuisse
1188 2616 1233 2651 et
1252 2621 1354 2667 per-

115 2678 290 2739 cepisse
339 2681 581 2739 vectigalia
631 2691 775 2741 putat.
824 2680 1050 2727 Nimirum
1066 2717 1079 2742 ,
1123 2691 1356 2742 praeeunte

1161 155 1635 205 PssoLmounflA.

1437 257 1701 316 Dodwello,
1740 258 1837 305 haec
1869 262 2024 308 nescio
2057 276 2151 323 quo
2180 270 2313 323 pacto
2341 260 2501 307 elicuit
2519 263 2591 323 e§
2614 279 2634 309 ι

1433 349 1482 396 p.
1512 350 1623 392 272,
1646 333 1729 382 ubi
1745 335 1803 382 de
1830 335 2048 383 Romanis
2070 353 2128 383 ne
2155 336 2343 383 verbum
2364 336 2550 398 quidem
2574 347 2644 385 est

1431 425 1485 457 ac
1513 420 1677 473 sponte
1702 412 1978 473 intelligitur
2011 414 2276 476 praesidium
2304 424 2350 459 et
2377 408 2674 491 vectigalium²

1430 498 1667 535 exactores
1700 488 1749 535 in
1777 488 1925 536 leuce
1954 506 2113 547 come,
2146 489 2465 537 Nabataeorum
2504 501 2679 559 portu„

1431 578 1525 609 non
1563 561 1871 611 Romanorum
1898 565 2067 621 fuisse,
2090 564 2170 611 sed
2198 564 2405 610 Malichae
2431 565 2571 624 regis.
2596 562 2680 612 Ab

1432 638 1522 685 hoc
1549 654 1706 687 errore
1728 641 2026 702 proficiscens
2044 641 2295 687 Vincentus
2317 650 2474 702 postea
2500 628 2698 695 Roma-'s

1430 731 1516 762 nos
1534 716 1591 762 ad
1607 731 1827 763 oceanum
1843 732 1990 779 usque
2011 728 2277 780 potestatem
2312 716 2558 780 protulisse
2582 706 2690 765 sub¹

1430 789 1624 837 Claudio
1660 792 1775 854 imp.
1817 792 2091 855 suspicatur.
2133 792 2284 848 Quum
2329 792 2451 838 enim
2489 791 2692 841 Plinius'

1429 864 1510 923 vl,
1537 872 1594 919 πί.
1628 866 1704 926 (v.
1727 877 1823 912 not.
1860 867 1917 913 ad
1945 883 2046 930 per.
2065 885 2111 929 p.
2145 885 2232 926 ²77
2257 871 2270 927 )
2293 867 2455 930 prodat
2474 867 2689 934 Claudio,

1431 940 1714 1002 imperante,
1766 942 1891 988 Anni
1943 943 2175 1004 Plocami,
2214 946 2296 1007 qui
2348 946 2489 991 maris
2536 943 2672 993 rubri

1429 1017 1621 1076 vectigal
1662 1033 1689 1063 a
1727 1017 1836 1064 fisco
1867 1018 2149 1074 redemisset,
2188 1019 2403 1065 libertum
2440 1019 2670 1081 quendam

1430 1093 1550 1136 circa
1571 1089 1788 1136 Arabiam
1806 1092 2095 1151 navigantem
2115 1091 2414 1153 aquilonibus
2426 1094 2476 1139 in
2489 1093 2530 1139 T
2532 1109 2667 1156 apro·

1429 1164 1578 1211 banen
1597 1181 1695 1211 esse
1722 1166 1922 1212 delatum
1949 1183 1960 1211 z
1991 1167 2327 1226 navigationem
2363 1168 2495 1213 istam
2520 1169 2623 1214 vult
2642 1184 2670 1215 a

1429 1240 1600 1287 liberto
1624 1242 1706 1286 illo
1730 1257 1824 1287 non
1845 1242 1937 1287 alio
1954 1242 2152 1288 consilio
2178 1251 2432 1303 susceptam
2456 1257 2555 1288 esse
2578 1243 2669 1290 nisi

1431 1327 1478 1361 ut
1502 1316 1676 1363 tributa
1700 1317 1899 1363 Arabica
1921 1318 2184 1378 colligeret;
2201 1319 2356 1379 itaque
2384 1318 2554 1365 Oceani
2577 1334 2670 1366 orae

1431 1385 1604 1453 pa'rtem
1639 1402 1733 1437 tum
1751 1408 1891 1454 penes
1927 1393 2155 1439 Romanos
2186 1394 2352 1450 suisse3
2378 1393 2500 1439 haud
2527 1393 2669 1440 dubie

1429 1467 1572 1527 igitur
1589 1477 1698 1514 tunc
1724 1468 1859 1514 etiam
1882 1467 2204 1515 Eudaemonem
2232 1466 2448 1515 Arabiam
2463 1484 2488 1515 a
2502 1468 2670 1516 Roma-

1427 1543 1516 1598 nis,
1548 1553 1599 1588 ut
1631 1558 1819 1589 suorum
1856 1544 2169 1606 emporiorum
2207 1544 2391 1604 negotia
2420 1555 2664 1604 augerent,

1426 1634 1524 1665 esse
1539 1619 1812 1666 destructam
1834 1619 1920 1681 (⁸⁶).
1935 1647 1993 1655 -
2012 1619 2149 1667 Vides
2168 1620 2263 1666 haec
2281 1621 2436 1667 omnia
2450 1622 2499 1666 in
2520 1636 2667 1668 meras

1426 1696 1716 1756 conjecturas
1736 1707 1912 1743 retrusa
1933 1712 2032 1743 esse
2047 1732 2059 1753 ,
2085 1697 2256 1758 quibus
2271 1712 2329 1743 ex
2352 1697 2546 1743 historia
2562 1713 2669 1759 pro-

1429 1769 1713 1815 babilitatem
1745 1770 1911 1817 addere
1937 1787 2029 1816 non
2053 1772 2174 1819 licet.
2192 1771 2344 1826 Quare
2372 1786 2529 1817 vocem
2552 1773 2667 1820 Καῖ-

1426 1865 1523 1910 σαρ,
1546 1863 1647 1908 quae
1666 1848 1715 1893 in
1733 1858 1879 1893 tantas
1902 1848 2134 1907 angustias
2151 1848 2423 1909 interpretes
2439 1846 2665 1917 conjecit,
2687 1879 2689 1881 -
2726 1888 2736 1895 ..

1425 1937 1566 1982 quum
1589 1921 1645 1966 ad
1662 1921 1767 1966 AElii
1784 1920 1906 1966 Galli
1921 1921 2260 1983 expeditionem
2276 1920 2436 1967 referri
2450 1930 2665 1984 nequeat,

1427 2008 1690 2059 corruptam
1713 1991 1971 2059 (***)'potius
1991 1998 2040 2043 in
2057 1997 2180 2043 libro
2197 1997 2550 2060 corruptissimo
2567 2010 2666 2044 esse
2679 2046 2685 2060 ,⁷

1426 2089 1562 2135 quam
1605 2073 1853 2119 historicos
1886 2074 1943 2119 de
1967 2089 2017 2119 re
2048 2075 2201 2133 magni
2235 2074 2453 2120 momenti
2481 2073 2686 2128 siluisse,
2719 2087 2724 2101 ·’

1426 2149 1687 2195 maluimus.

1481 2243 1495 2269 ι
1509 2242 1583 2282 72.
1596 2228 1968 2271 Schwanbecke'us
1980 2228 2078 2287 (Rla.
2092 2229 2212 2273 Mus.
2234 2242 2251 2271 ι
2261 2227 2351 2271 850
2361 2242 2408 2287 p.
2425 2226 2514 2271 350
2525 2225 2666 2287 ηιμ),

1426 2316 1700 2362 quamquam
1725 2312 1992 2361 argumenta
2022 2300 2193 2362 quibus
2217 2300 2466 2347 Salmasius
2487 2310 2532 2346 et
2554 2298 2675 2346 vin--

1425 2386 1584 2422 centus
1607 2392 1735 2422 suam
1763 2377 2034 2422 sententiam
2054 2375 2262 2422 stabilire
2278 2385 2526 2432 tentarunt,
2552 2390 2666 2437 pon·
2718 2426 2719 2431 ¹

1426 2452 1534 2498 dere
1547 2466 1704 2497 carere
1718 2462 1839 2497 recte
1858 2451 2103 2511 intellexit,
2116 2461 2160 2496 et
2178 2451 2277 2512 ipse
2287 2460 2438 2496 tamen
2449 2449 2665 2496 Nostrum

1426 2530 1575 2575 Plinii
1599 2539 1727 2573 aetate
1750 2529 1924 2574 vixisse
1945 2539 1990 2573 et
2016 2529 2171 2590 paullo
2193 2538 2300 2574 ante
2331 2527 2531 2573 Plinium
2550 2525 2666 2572 scri·
2686 2583 2687 2586 Ἴ
2711 2559 2713 2562 -

1427 2605 1573 2665 psisse
1611 2606 1785 2650 censuit
1806 2603 1941 2664 <‘'“*)‚
1982 2605 2197 2664 quoniam
2223 2619 2275 2649 ea
2298 2619 2400 2664 quae
2422 2603 2479 2648 de
2508 2601 2666 2648 Indica
2698 2620 2711 2640 ·-

1429 2681 1721 2739 navigatione
1744 2679 1927 2726 Plinius
1962 2695 2045 2727 sua
2063 2680 2244 2725 demum
2267 2689 2395 2725 aetatc
2412 2669 2712 2750 innotuisse(

2676 2793 2708 2825 4,

163 2842 213 2890 ι’)
235 2841 411 2881 Similiter
427 2842 649 2880 Letronnius
667 2842 935 2893 αὐτοκράτορας
954 2843 1027 2881 dici
1047 2843 1271 2892 Septimium
1293 2845 1476 2882 Severum
1494 2843 1531 2881 et
1547 2842 1779 2881 caracallam
1804 2843 2001 2891 (198·210)
2027 2845 2187 2892 putavit.

165 2898 234 2948 (’')
257 2898 435 2935 Vincent.
454 2898 480 2935 l.
508 2897 534 2935 l.
555 2899 601 2945 ll,
623 2909 659 2946 p.
687 2903 758 2937 52:
781 2914 798 2931 α
821 2899 900 2937 The
927 2900 1106 2946 Romans,
1130 2898 1227 2937 l'rom
1252 2898 1315 2937 tlte
1336 2899 1428 2937 time
1454 2897 1542 2946 they
1570 2897 1650 2936 first
1666 2897 1820 2937 entered
1842 2897 1976 2936 Arabia
1998 2898 2119 2936 under
2137 2898 2240 2937 Elius
2262 2897 2408 2945 Gallus,
2435 2896 2508 2936 lud
2521 2897 2665 2948 always
2699 2893 2711 2951 J

114 2953 344 2995 maintained
364 2963 385 2991 a
405 2953 548 3003 footing
569 2964 619 2991 on
643 2953 708 2992 tlte
724 2956 827 2992 coast
842 2954 885 2992 of
896 2954 959 2992 tlte
974 2955 1051 2993 ned
1074 2958 1157 2994 Sea.
1184 2956 1288 3003 ley
1306 2955 1376 2992 liad
1401 2965 1422 2992 a
1445 2953 1610 3004 garrison
1638 2956 1678 2992 at
1700 2953 1826 2993 Leuke
1850 2956 1970 2992 Kome
1996 2954 2033 2992 in
2058 2954 2265 3002 Nabathea,
2293 2954 2422 2993 where
2439 2953 2528 3002 they
2545 2952 2663 2993 colle·
2680 2971 2684 2978 ν

108 3010 200 3052 eted
214 3011 281 3050 the
300 3012 488 3058 customs,
510 3009 630 3048 audit
649 3010 679 3048 is
700 3012 881 3059 apparent
900 3011 982 3049 tliat
1002 3012 1091 3059 they
1115 3010 1300 3050 extended
1325 3011 1423 3050 tlneir
1451 3019 1595 3059 powers
1610 3009 1725 3048 down
1752 3011 1817 3048 tlte
1831 3010 1925 3058 guls,
1956 3011 2030 3048 and
2058 3013 2098 3049 to
2118 3011 2182 3049 tlie
2205 3012 2309 3059 ports
2325 3010 2369 3049 ot
2392 3009 2456 3049 the
2473 3019 2607 3059 ocean,
2625 3009 2663 3049 in
2679 3019 2693 3043 ι’

113 3067 180 3107 the
195 3067 299 3116 reign
318 3066 363 3105 ol'
380 3065 578 3114 Claudius,
605 3077 647 3104 as
662 3066 725 3105 llic
745 3067 938 3105 freedman
965 3068 1008 3105 of
1023 3067 1166 3107 Annius
1187 3067 1385 3105 l‘lokamus
1402 3077 1482 3105 was
1502 3068 1538 3107 ln
1559 3069 1623 3107 the
1647 3070 1708 3107 act
1737 3070 1780 3107 os
1790 3069 1987 3118 collecting
2007 3069 2069 3107 tlne
2088 3069 2229 3109 tribute
2251 3069 2371 3117 there,
2391 3068 2505 3108 when
2521 3067 2569 3108 lte
2583 3077 2664 3109 was

113 3123 258 3163 carried
284 3124 354 3162 out
372 3125 412 3162 to
433 3133 510 3162 sea.
531 3123 637 3162 llwe
651 3122 724 3161 add
745 3124 785 3161 to
801 3123 875 3161 ulls
894 3123 957 3162 the
973 3124 1169 3171 discovery
1193 3123 1236 3161 os
1257 3122 1437 3170 llippalus
1452 3123 1490 3161 in
1514 3123 1579 3162 the
1597 3120 1837 3171 same'reign,
1856 3134 1915 3161 we
1938 3123 2013 3162 find
2030 3135 2051 3161 a
2069 3123 2188 3162 heller
2211 3134 2342 3162 reason
2362 3123 2419 3161 t'or
2431 3123 2497 3162 tlte
2516 3122 2664 3163 destm·
2704 3131 2705 3134 ’

115 3180 217 3219 ctlon
232 3178 275 3218 or
292 3177 397 3218 Adon
416 3179 455 3217 at
473 3178 550 3217 thls
570 3178 676 3226 time,
694 3177 785 3216 than
806 3181 845 3217 at
865 3189 938 3227 any
964 3178 1086 3217 other.
1116 3178 1219 3216 Adon
1241 3176 1313 3214 had
1337 3176 1430 3214 been
1446 3188 1518 3216 one
1537 3179 1578 3215 ol
1602 3178 1665 3216 the
1683 3181 1788 3226 great
1818 3181 1936 3217 murts
1961 3180 2018 3217 for
2041 3180 2104 3216 tlte
2129 3179 2258 3217 lndian
2292 3186 2527 3224 commarca,
2545 3177 2620 3216 and
2635 3177 2665 3217 ll
2703 3186 2709 3193 ²

114 3235 299 3276 Claudius
315 3245 359 3274 or
378 3235 444 3274 tlte
459 3234 602 3283 prefect
614 3234 655 3273 ol
666 3236 801 3284 Egypt,
822 3245 900 3274 was
918 3245 1005 3273 now
1024 3233 1196 3283 disposed
1214 3236 1252 3272 to
1271 3233 1508 3282 appropriate
1524 3234 1600 3271 this
1614 3234 1720 3273 trade
1740 3236 1779 3272 to
1805 3234 1867 3272 tlte
1889 3237 2072 3282 Romans,
2097 3235 2172 3273 tllis
2191 3245 2270 3273 was
2289 3244 2313 3272 a
2335 3232 2525 3273 sufficient
2550 3240 2663 3275 causo

115 3292 171 3330 tor
192 3291 343 3339 ruining
365 3289 485 3338 Aden,
501 3290 538 3328 ln
557 3289 667 3328 order
686 3291 727 3328 to
744 3299 920 3339 suppress
950 3289 1065 3328 rivals
1082 3299 1127 3327 or
1152 3288 1388 3336 interlopers.
1409 3286 1489 3324 The
1507 3286 1674 3337 Jealonsy
1705 3301 1748 3326 or
1767 3290 1978 3338 opposition
2006 3290 2048 3327 ot'
2075 3289 2177 3327 Adon
2203 3293 2241 3327 to
2261 3290 2325 3328 the
2352 3299 2437 3327 new
2465 3288 2663 3340 discovery
2700 3303 2702 3305 ¹

116 3347 242 3386 would
263 3345 452 3394 naturally
478 3344 600 3384 acford
618 3342 763 3394 ground
784 3345 842 3384 sor
862 3345 1012 3394 quarrel
1028 3373 1039 3394 ,
1062 3343 1136 3383 and
1158 3343 1186 3383 ll
1203 3345 1283 3390 nol,
1303 3342 1366 3382 tlie
1379 3345 1543 3382 Romana
1562 3343 1672 3391 knew
1697 3344 1782 3381 llow
1802 3348 1843 3382 to
1857 3346 2023 3392 provoke
2045 3356 2117 3383 one
2148 3346 2349 3383 ulit-never
2375 3345 2405 3384 lt
2425 3345 2545 3384 suited
2563 3343 2706 3386 their

116 3405 354 3508 1111(ἶὶἳὸῗῇῖο
379 3459 556 3497 ΚΑΙΣΑΡ
588 3458 699 3497 fuisse
732 3460 908 3498 ΕΛΙΣΑΡ
927 3458 964 3497 ln
987 3458 1229 3497 annotatione
1247 3454 1494 3502 conjecimus,
1516 3454 1581 3493 ubl
1611 3454 1824 3494 addendum
1848 3458 1930 3494 crat
1952 3456 2294 3496 Sclnwanbecltium
2317 3467 2454 3497 nomen
2469 3457 2661 3509 Χαριδαὴλ
2694 3429 2707 3503 Ἀῖ

8 3522 11 3523 ’
66 3554 70 3556 .
116 3516 244 3565 reponi
266 3515 441 3560 voluisse,
457 3513 558 3562 quod
580 3514 732 3563 quidem
757 3514 904 3563 longius
919 3525 940 3552 a
960 3514 1108 3553 traditis
1127 3513 1243 3552 literis
1258 3508 1411 3550 recedit.

162 3569 275 3621 (·’”)
295 3569 474 3608 Similiter
499 3571 683 3608 Mannert.
705 3572 736 3615 l,
755 3580 793 3619 p.
816 3575 878 3610 tat
899 3582 908 3608 :
934 3585 952 3603 a
974 3570 1078 3608 Nocli
1098 3571 1217 3607 etwas
1235 3568 1343 3606 oelter
1365 3565 1420 3605 als
1436 3565 1579 3605 Plinius
1600 3565 1646 3604 ist
1671 3566 1739 3606 der
1755 3567 1945 3606 versasser
1960 3568 2061 3607 eines
2085 3567 2253 3617 Periplus
2274 3568 2341 3610 des
2361 3569 2658 3620 enti-retronea
2697 3570 2700 3572 ⁴

112 3630 251 3675 uecta,
266 3625 339 3664 den
355 3634 442 3662 man
462 3625 698 3673 gewolmliclt
711 3626 797 3664 dem
814 3626 946 3664 Arrian
964 3624 1192 3668 znsclnreibt.
1212 3624 1303 3663 oder
1317 3622 1538 3671 wenigsteus
1552 3622 1635 3660 siml
1652 3622 1713 3661 ‹lie
1729 3624 2089 3673 sclnill'stagbticlner,
2108 3627 2345 3675 auctreinlge
2359 3624 2658 3666 Betsebeoclirel·

114 3683 280 3732 beugen,
298 3689 366 3719 aus
386 3678 506 3717 denen
519 3690 560 3717 er
576 3681 768 3729 verrertigt
786 3680 933 3726 warde.
953 3682 990 3718 in
1009 3680 1070 3718 dle
1088 3680 1216 3720 zellen
1239 3691 1285 3718 zu
1301 3681 1450 3725 setun,
1470 3677 1508 3715 ln
1529 3677 1697 3717 welcllen
1718 3679 1811 3717 noclu
1836 3680 1903 3718 «las
1921 3681 2155 3721 caesarisclie
2172 3684 2275 3721 llaus
2290 3682 2384 3721 Rom
2400 3679 2654 3720 behemclite.

114 3740 168 3780 Bt·
188 3737 255 3778 hat
273 3746 348 3775 von
363 3734 450 3774 dem
473 3735 772 3784 Erytliraeisclnen
791 3737 869 3774 und
896 3736 1089 3775 lndisclnen
1110 3739 1232 3774 meere
1250 3736 1325 3775 und
1345 3734 1417 3773 den
1430 3733 1697 3772 anstossenden
1723 3736 1865 3773 Karsten
1896 3735 1972 3773 und
1992 3736 2119 3775 llwsen
2146 3737 2207 3776 die
2225 3736 2438 3776 nemllclten
2457 3734 2659 3775 Nacliricli·

114 3796 195 3841 ten,
213 3789 360 3832 welche
377 3790 532 3838 Plinius,
551 3790 661 3829 meist
685 3791 720 3829 ln
744 3792 934 3830 meliten-er
950 3794 1074 3831 Kiirze
1094 3791 1169 3829 und
1195 3794 1264 3831 mlt
1281 3793 1426 3841 cignem
1455 3789 1746 3828 Raisonnenwnt
1769 3790 1867 3839 gil›t;
1893 3803 1933 3830 er
1957 3791 2070 3831 kannt
2097 3792 2170 3832 den
2191 3792 2443 3843 aligelsnrzten
2466 3792 2566 3841 Weg
2582 3800 2657 3830 von
2698 3835 2700 3838 y

115 3847 278 3890 Arabien
303 3846 375 3886 aus
389 3845 509 3885 liolier
528 3848 599 3886 See
624 3846 720 3885 nacli
745 3847 813 3885 der
830 3846 1025 3886 lndisclien
1048 3846 1254 3891 Balbinsel,
1279 3844 1390 3885 weiss
1411 3844 1485 3885 wle
1513 3845 1668 3892 Plinius,
1697 3846 1782 3885 dass
1811 3846 1878 3886 der
1899 3847 2013 3886 indus
2037 3849 2095 3887 bel
2118 3849 2191 3888 den
2222 3847 2482 3898 Eingebornen
2512 3844 2655 3885 sindus
2678 3878 2683 3884 .

116 3905 251 3953 heiste,
269 3901 349 3941 und
372 3899 483 3940 betde
503 3900 727 3942 bestimmen
756 3901 817 3940 die
841 3899 998 3941 bstliclie
1014 3903 1171 3942 Graenze
1192 3901 1259 3941 der
1283 3901 1378 3941 Erde
1403 3900 1522 3950 gleicli
1546 3900 1670 3939 liinter
1689 3901 1774 3940 «lem
1799 3905 1944 3953 Ganges
1963 3904 2032 3954 bey
2054 3905 2121 3943 der
2148 3903 2257 3943 Stadt
2280 3901 2348 3942 der
2373 3905 2481 3942 Serer
2504 3900 2627 3942 ‘rhina
2643 3903 2674 3940 ι’

116 3959 303 3999 einzelner
326 3965 421 4007 ganz
433 3965 554 4006 genau
569 3956 819 3996 miteinander
836 3957 1239 3996 tibereiustimmender
1257 3957 1434 4006 Angaben
1463 3956 1567 3995 nicht
1590 3965 1636 3993 zu
1656 3957 1860 4005 gcdenltcn.
1884 3960 1951 3997 liin
1977 3958 2249 3998 Scllrlllsleller
2267 3967 2313 3996 zu
2336 3948 2466 3997 Zeiten
2481 3955 2549 3995 des
2565 3955 2655 3995 Pto·

118 4015 289 4062 lemoeus,
309 4013 347 4053 in
366 4011 509 4052 welche
523 4010 696 4052 Dodwell
717 4011 789 4053 den
807 4013 1003 4053 versasser
1021 4012 1140 4052 ‹lleses
1162 4013 1330 4063 Periplus
1355 4014 1546 4054 versetzen
1564 4013 1659 4061 will,
1686 4016 1830 4053 nutsste
1848 4025 1918 4054 aus
1931 4015 2004 4054 (len
2022 4015 2233 4063 ‹lamallgen
2247 4011 2653 4054 Sclilll'ernacliriclnten
