<?xml version="1.0" encoding="UTF-8"?>
<!DOCTYPE html PUBLIC "-//W3C//DTD XHTML 1.0 Transitional//EN"
    "http://www.w3.org/TR/xhtml1/DTD/xhtml1-transitional.dtd">
<html xmlns="http://www.w3.org/1999/xhtml" xml:lang="en" lang="en">
 <head>
  <title>
</title>
<meta http-equiv="Content-Type" content="text/html;charset=utf-8" />
  <meta name='ocr-system' content='tesseract 3.04.00' />
  <meta name='ocr-capabilities' content='ocr_page ocr_carea ocr_par ocr_line ocrx_word'/>
</head>
<body>
  <div class='ocr_page' id='page_1' title='image "./geographigraeci00mueluoft_0218.png"; bbox 0 0 2782 4348; ppageno 0'>
   <div class='ocr_carea' id='block_1_1' title="bbox 507 226 561 271">
    <p class='ocr_par' dir='ltr' id='par_1_1' title="bbox 507 226 561 271">
     <span class='ocr_line' id='line_1_1' title="bbox 507 226 561 271; baseline 0 0"><span class='ocrx_word' id='word_1_1' title='bbox 507 226 561 271; x_wconf 68' lang='grc' dir='ltr'>Ο</span> 
     </span>
    </p>
   </div>
   <div class='ocr_carea' id='block_1_2' title="bbox 166 320 1401 725">
    <p class='ocr_par' dir='ltr' id='par_1_2' title="bbox 166 320 1401 594">
     <span class='ocr_line' id='line_1_2' title="bbox 232 320 1400 386; baseline -0.01 -7"><span class='ocrx_word' id='word_1_2' title='bbox 232 347 291 379; x_wconf 77' lang='lat'>7³.</span> <span class='ocrx_word' id='word_1_3' title='bbox 318 332 584 379; x_wconf 63' lang='lat' dir='ltr'>Kermat.</span> <span class='ocrx_word' id='word_1_4' title='bbox 608 326 730 377; x_wconf 78' lang='grc' dir='ltr'>Μετὰ</span> <span class='ocrx_word' id='word_1_5' title='bbox 750 325 792 373; x_wconf 74' lang='grc' dir='ltr'>δὲ</span> <span class='ocrx_word' id='word_1_6' title='bbox 813 322 1004 373; x_wconf 81' lang='grc' dir='ltr'>Σινδαὸν</span> <span class='ocrx_word' id='word_1_7' title='bbox 1021 320 1171 383; x_wconf 79' lang='grc' dir='ltr'><strong>λιμένα</strong></span> <span class='ocrx_word' id='word_1_8' title='bbox 1192 320 1400 386; x_wconf 71' lang='grc' dir='ltr'>Κερκίται</span> 
     </span>
     <span class='ocr_line' id='line_1_3' title="bbox 166 402 1401 532; baseline -0.011 -13"><span class='ocrx_word' id='word_1_9' title='bbox 166 402 292 519; x_wconf 48' lang='grc' dir='ltr'>ἔθνζος.</span> <span class='ocrx_word' id='word_1_10' title='bbox 320 470 584 532; x_wconf 81' lang='grc' dir='ltr'>[ΤΟΡΕΤΑῙ.</span> <span class='ocrx_word' id='word_1_11' title='bbox 619 462 738 512; x_wconf 74' lang='grc' dir='ltr'>Μετὰ</span> <span class='ocrx_word' id='word_1_12' title='bbox 767 462 809 508; x_wconf 68' lang='grc' dir='ltr'>δὲ</span> <span class='ocrx_word' id='word_1_13' title='bbox 842 459 1052 523; x_wconf 74' lang='grc' dir='ltr'>Κερκέτας</span> <span class='ocrx_word' id='word_1_14' title='bbox 1067 459 1246 526; x_wconf 60' lang='lat' dir='ltr'>Taphrai</span> <span class='ocrx_word' id='word_1_15' title='bbox 1264 459 1401 523; x_wconf 67' lang='grc' dir='ltr'><strong>ἔθνος]</strong></span> 
     </span>
     <span class='ocr_line' id='line_1_4' title="bbox 168 527 1043 594; baseline -0.015 -8"><span class='ocrx_word' id='word_1_16' title='bbox 168 540 240 586; x_wconf 79' lang='grc' dir='ltr'>καὶ</span> <span class='ocrx_word' id='word_1_17' title='bbox 258 540 375 590; x_wconf 80' lang='grc' dir='ltr'>πόλις</span> <span class='ocrx_word' id='word_1_18' title='bbox 398 535 591 591; x_wconf 78' lang='grc' dir='ltr'><strong>Ἑλληνὶς</strong></span> <span class='ocrx_word' id='word_1_19' title='bbox 613 530 788 594; x_wconf 77' lang='grc' dir='ltr'>Τορικὸς</span> <span class='ocrx_word' id='word_1_20' title='bbox 807 529 879 576; x_wconf 77' lang='grc' dir='ltr'>καὶ</span> <span class='ocrx_word' id='word_1_21' title='bbox 898 527 1043 589; x_wconf 80' lang='grc' dir='ltr'><strong>λιμήν.</strong></span> 
     </span>
    </p>

    <p class='ocr_par' dir='ltr' id='par_1_3' title="bbox 234 597 1273 677">
     <span class='ocr_line' id='line_1_5' title="bbox 234 597 1273 677; baseline -0.011 -22"><span class='ocrx_word' id='word_1_22' title='bbox 234 625 290 655; x_wconf 70' lang='lat'>7⁶.</span> <span class='ocrx_word' id='word_1_23' title='bbox 322 613 516 652; x_wconf 80' lang='grc' dir='ltr'><strong>ΑΧΑΙΟΙ.</strong></span> <span class='ocrx_word' id='word_1_24' title='bbox 540 601 662 649; x_wconf 74' lang='grc' dir='ltr'>Μετὰ</span> <span class='ocrx_word' id='word_1_25' title='bbox 686 599 728 646; x_wconf 81' lang='grc' dir='ltr'>δὲ</span> <span class='ocrx_word' id='word_1_26' title='bbox 750 598 933 662; x_wconf 77' lang='grc' dir='ltr'>Τορίτας</span> <span class='ocrx_word' id='word_1_27' title='bbox 954 597 1115 677; x_wconf 53' lang='grc' dir='ltr'>Ἀχαιῖὶ</span> <span class='ocrx_word' id='word_1_28' title='bbox 1145 598 1273 652; x_wconf 71' lang='grc' dir='ltr'><strong>ἔθνος.</strong></span> 
     </span>
    </p>

    <p class='ocr_par' dir='ltr' id='par_1_4' title="bbox 234 660 1323 725">
     <span class='ocr_line' id='line_1_6' title="bbox 234 660 1323 725; baseline -0.007 -9"><span class='ocrx_word' id='word_1_29' title='bbox 234 686 289 716; x_wconf 75' lang='lat'>7⁶.</span> <span class='ocrx_word' id='word_1_30' title='bbox 321 671 548 714; x_wconf 78' lang='grc' dir='ltr'><strong>ΗΝΙΟΧΟΙ.</strong></span> <span class='ocrx_word' id='word_1_31' title='bbox 572 660 693 711; x_wconf 78' lang='grc' dir='ltr'>Μετὰ</span> <span class='ocrx_word' id='word_1_32' title='bbox 716 660 759 707; x_wconf 83' lang='grc' dir='ltr'>δὲ</span> <span class='ocrx_word' id='word_1_33' title='bbox 783 660 971 724; x_wconf 78' lang='grc' dir='ltr'>Ἀχαιοὺς</span> <span class='ocrx_word' id='word_1_34' title='bbox 1009 664 1179 725; x_wconf 76' lang='grc' dir='ltr'>Ηνιοχοι</span> <span class='ocrx_word' id='word_1_35' title='bbox 1198 662 1323 719; x_wconf 70' lang='grc' dir='ltr'><strong>ἔθνος,</strong></span> 
     </span>
    </p>
   </div>
   <div class='ocr_carea' id='block_1_3' title="bbox 167 237 227 278">
    <p class='ocr_par' dir='ltr' id='par_1_5' title="bbox 167 237 227 278">
     <span class='ocr_line' id='line_1_7' title="bbox 167 237 227 278; baseline -0.017 0"><span class='ocrx_word' id='word_1_36' title='bbox 167 237 227 278; x_wconf 81' lang='grc'><strong>60</strong></span> 
     </span>
    </p>
   </div>
   <div class='ocr_carea' id='block_1_4' title="bbox 165 843 1441 4096">
    <p class='ocr_par' dir='ltr' id='par_1_6' title="bbox 165 843 1441 2533">
     <span class='ocr_line' id='line_1_8' title="bbox 166 843 1441 904; baseline -0.002 -15"><span class='ocrx_word' id='word_1_37' title='bbox 166 843 1192 902; x_wconf 68' lang='grc' dir='ltr'>πουςοοῐηρουίωιιωὴοά.ΚίεΙιΙα.ΙΙ-Σινδικδν</span> <span class='ocrx_word' id='word_1_38' title='bbox 1210 844 1405 903; x_wconf 66' lang='grc' dir='ltr'>λιμένα]</span> <span class='ocrx_word' id='word_1_39' title='bbox 1426 891 1441 904; x_wconf 59' lang='grc'><em>·</em></span> 
     </span>
     <span class='ocr_line' id='line_1_9' title="bbox 165 906 1409 965; baseline 0 -13"><span class='ocrx_word' id='word_1_40' title='bbox 165 915 255 954; x_wconf 90' lang='lat' dir='ltr'>Sec.</span> <span class='ocrx_word' id='word_1_41' title='bbox 273 910 464 953; x_wconf 89' lang='lat' dir='ltr'>Strabon.</span> <span class='ocrx_word' id='word_1_42' title='bbox 488 910 566 959; x_wconf 86' lang='lat' dir='ltr'>XI,</span> <span class='ocrx_word' id='word_1_43' title='bbox 586 922 631 965; x_wconf 90' lang='lat' dir='ltr'>p.</span> <span class='ocrx_word' id='word_1_44' title='bbox 653 911 735 963; x_wconf 88' lang='lat'>496</span> <span class='ocrx_word' id='word_1_45' title='bbox 762 907 937 957; x_wconf 74' lang='grc' dir='ltr'>Σινδικδς</span> <span class='ocrx_word' id='word_1_46' title='bbox 956 906 1077 964; x_wconf 81' lang='grc' dir='ltr'>λιμὴν</span> <span class='ocrx_word' id='word_1_47' title='bbox 1104 908 1171 950; x_wconf 74' lang='grc' dir='ltr'>καὶ</span> <span class='ocrx_word' id='word_1_48' title='bbox 1194 909 1306 958; x_wconf 75' lang='grc' dir='ltr'>πόλις</span> <span class='ocrx_word' id='word_1_49' title='bbox 1330 911 1409 953; x_wconf 85' lang='grc'>180</span> 
     </span>
     <span class='ocr_line' id='line_1_10' title="bbox 166 970 1410 1028; baseline -0.002 -13"><span class='ocrx_word' id='word_1_50' title='bbox 166 973 307 1015; x_wconf 89' lang='lat' dir='ltr'>stadiis</span> <span class='ocrx_word' id='word_1_51' title='bbox 325 987 350 1014; x_wconf 92' lang='lat' dir='ltr'>a</span> <span class='ocrx_word' id='word_1_52' title='bbox 362 970 693 1021; x_wconf 88' lang='lat' dir='ltr'>Corocondame,</span> <span class='ocrx_word' id='word_1_53' title='bbox 710 978 751 1012; x_wconf 90' lang='lat' dir='ltr'>et</span> <span class='ocrx_word' id='word_1_54' title='bbox 764 973 846 1020; x_wconf 89' lang='grc'>400</span> <span class='ocrx_word' id='word_1_55' title='bbox 857 970 1000 1012; x_wconf 80' lang='lat' dir='ltr'>stadiis</span> <span class='ocrx_word' id='word_1_56' title='bbox 1018 985 1042 1012; x_wconf 92' lang='lat' dir='ltr'>a</span> <span class='ocrx_word' id='word_1_57' title='bbox 1059 973 1161 1012; x_wconf 90' lang='lat' dir='ltr'>Bata</span> <span class='ocrx_word' id='word_1_58' title='bbox 1182 970 1336 1028; x_wconf 74' lang='lat' dir='ltr'>(Patus</span> <span class='ocrx_word' id='word_1_59' title='bbox 1350 971 1410 1013; x_wconf 90' lang='lat' dir='ltr'>lo—</span> 
     </span>
     <span class='ocr_line' id='line_1_11' title="bbox 166 1031 1409 1090; baseline -0.002 -13"><span class='ocrx_word' id='word_1_60' title='bbox 166 1051 239 1078; x_wconf 89' lang='lat' dir='ltr'>cus</span> <span class='ocrx_word' id='word_1_61' title='bbox 254 1043 427 1077; x_wconf 85' lang='lat' dir='ltr'>vocatur</span> <span class='ocrx_word' id='word_1_62' title='bbox 443 1048 511 1090; x_wconf 87' lang='lat' dir='ltr'>ap.</span> <span class='ocrx_word' id='word_1_63' title='bbox 532 1032 739 1089; x_wconf 74' lang='lat' dir='ltr'><strong>Scylacem</strong></span> <span class='ocrx_word' id='word_1_64' title='bbox 757 1031 771 1088; x_wconf 92' lang='lat'>)</span> <span class='ocrx_word' id='word_1_65' title='bbox 790 1031 930 1075; x_wconf 89' lang='lat' dir='ltr'>distat.</span> <span class='ocrx_word' id='word_1_66' title='bbox 949 1032 1015 1075; x_wconf 82' lang='lat' dir='ltr'>Cf.</span> <span class='ocrx_word' id='word_1_67' title='bbox 1030 1033 1261 1089; x_wconf 80' lang='lat' dir='ltr'><strong>Stephanus</strong></span> <span class='ocrx_word' id='word_1_68' title='bbox 1280 1047 1290 1075; x_wconf 91' lang='lat'>:</span> <span class='ocrx_word' id='word_1_69' title='bbox 1310 1034 1409 1076; x_wconf 76' lang='grc' dir='ltr'><strong>Σύν-</strong></span> 
     </span>
     <span class='ocr_line' id='line_1_12' title="bbox 166 1094 1405 1154; baseline -0.002 -14"><span class='ocrx_word' id='word_1_70' title='bbox 166 1101 269 1147; x_wconf 79' lang='grc' dir='ltr'>δικος</span> <span class='ocrx_word' id='word_1_71' title='bbox 289 1098 302 1154; x_wconf 97' lang='grc'><strong>(</strong></span> <span class='ocrx_word' id='word_1_72' title='bbox 325 1099 384 1139; x_wconf 87' lang='lat' dir='ltr'>sic</span> <span class='ocrx_word' id='word_1_73' title='bbox 402 1096 436 1153; x_wconf 92' lang='lat'>),</span> <span class='ocrx_word' id='word_1_74' title='bbox 454 1096 566 1145; x_wconf 81' lang='grc' dir='ltr'>πόλις</span> <span class='ocrx_word' id='word_1_75' title='bbox 585 1094 780 1152; x_wconf 83' lang='grc' dir='ltr'>προσεχὴς</span> <span class='ocrx_word' id='word_1_76' title='bbox 806 1098 856 1152; x_wconf 82' lang='grc' dir='ltr'>τῇ</span> <span class='ocrx_word' id='word_1_77' title='bbox 872 1096 1057 1152; x_wconf 74' lang='grc' dir='ltr'>Σκυθικῇ,</span> <span class='ocrx_word' id='word_1_78' title='bbox 1077 1095 1223 1152; x_wconf 80' lang='grc' dir='ltr'><strong>ἔχουσα</strong></span> <span class='ocrx_word' id='word_1_79' title='bbox 1251 1096 1405 1153; x_wconf 78' lang='grc' dir='ltr'><strong>λιμένα.</strong></span> 
     </span>
     <span class='ocr_line' id='line_1_13' title="bbox 168 1158 1407 1217; baseline -0.001 -14"><span class='ocrx_word' id='word_1_80' title='bbox 168 1162 296 1203; x_wconf 80' lang='grc' dir='ltr'><strong>Ἔνιοι</strong></span> <span class='ocrx_word' id='word_1_81' title='bbox 327 1160 369 1203; x_wconf 76' lang='grc' dir='ltr'>δὲ</span> <span class='ocrx_word' id='word_1_82' title='bbox 407 1160 630 1217; x_wconf 76' lang='grc' dir='ltr'><strong>Γοργίππην</strong></span> <span class='ocrx_word' id='word_1_83' title='bbox 657 1158 835 1200; x_wconf 76' lang='grc' dir='ltr'>καλοῦσι.</span> <span class='ocrx_word' id='word_1_84' title='bbox 862 1160 1074 1215; x_wconf 82' lang='lat' dir='ltr'>Anonym.</span> <span class='ocrx_word' id='word_1_85' title='bbox 1110 1159 1262 1216; x_wconf 89' lang='lat' dir='ltr'>Peripl.</span> <span class='ocrx_word' id='word_1_86' title='bbox 1290 1174 1333 1216; x_wconf 90' lang='lat' dir='ltr'>p.</span> <span class='ocrx_word' id='word_1_87' title='bbox 1355 1174 1407 1211; x_wconf 84' lang='lat'>2;</span> 
     </span>
     <span class='ocr_line' id='line_1_14' title="bbox 167 1221 1411 1282; baseline -0.002 -14"><span class='ocrx_word' id='word_1_88' title='bbox 167 1227 371 1282; x_wconf 77' lang='lat' dir='ltr'>scymnus</span> <span class='ocrx_word' id='word_1_89' title='bbox 394 1225 497 1279; x_wconf 86' lang='lat'><strong>893;</strong></span> <span class='ocrx_word' id='word_1_90' title='bbox 518 1222 763 1265; x_wconf 83' lang='lat' dir='ltr'>Ptolemaeus</span> <span class='ocrx_word' id='word_1_91' title='bbox 779 1222 838 1271; x_wconf 86' lang='lat' dir='ltr'>V,</span> <span class='ocrx_word' id='word_1_92' title='bbox 859 1236 884 1276; x_wconf 90' lang='lat'><strong>9</strong></span> <span class='ocrx_word' id='word_1_93' title='bbox 902 1221 916 1277; x_wconf 95' lang='lat'><strong>(</strong></span> <span class='ocrx_word' id='word_1_94' title='bbox 934 1222 1026 1273; x_wconf 82' lang='lat'>65⁰,</span> <span class='ocrx_word' id='word_1_95' title='bbox 1049 1221 1116 1264; x_wconf 86' lang='lat'>30&#39;</span> <span class='ocrx_word' id='word_1_96' title='bbox 1132 1222 1165 1279; x_wconf 92' lang='lat'>),</span> <span class='ocrx_word' id='word_1_97' title='bbox 1183 1224 1255 1278; x_wconf 91' lang='lat' dir='ltr'>qui</span> <span class='ocrx_word' id='word_1_98' title='bbox 1274 1238 1297 1265; x_wconf 91' lang='lat' dir='ltr'>a</span> <span class='ocrx_word' id='word_1_99' title='bbox 1319 1225 1411 1265; x_wconf 89' lang='lat' dir='ltr'>Sin-</span> 
     </span>
     <span class='ocr_line' id='line_1_15' title="bbox 167 1284 1407 1341; baseline -0.003 -10"><span class='ocrx_word' id='word_1_100' title='bbox 167 1288 264 1331; x_wconf 85' lang='lat' dir='ltr'>dico</span> <span class='ocrx_word' id='word_1_101' title='bbox 310 1287 528 1341; x_wconf 80' lang='lat' dir='ltr'>distinguit</span> <span class='ocrx_word' id='word_1_102' title='bbox 569 1284 740 1327; x_wconf 88' lang='lat' dir='ltr'>Sindam</span> <span class='ocrx_word' id='word_1_103' title='bbox 789 1285 926 1326; x_wconf 87' lang='lat' dir='ltr'>vicum</span> <span class='ocrx_word' id='word_1_104' title='bbox 966 1284 980 1340; x_wconf 98' lang='lat'>(</span> <span class='ocrx_word' id='word_1_105' title='bbox 1004 1289 1078 1326; x_wconf 78' lang='grc' dir='ltr'>66ο</span> <span class='ocrx_word' id='word_1_106' title='bbox 1101 1287 1133 1340; x_wconf 90' lang='grc'>).</span> <span class='ocrx_word' id='word_1_107' title='bbox 1174 1286 1335 1328; x_wconf 88' lang='lat' dir='ltr'>Dubois</span> <span class='ocrx_word' id='word_1_108' title='bbox 1371 1289 1407 1337; x_wconf 88' lang='lat'>1,</span> 
     </span>
     <span class='ocr_line' id='line_1_16' title="bbox 167 1346 1411 1407; baseline -0.002 -15"><span class='ocrx_word' id='word_1_109' title='bbox 167 1365 211 1407; x_wconf 88' lang='lat' dir='ltr'>p.</span> <span class='ocrx_word' id='word_1_110' title='bbox 240 1354 318 1405; x_wconf 88' lang='lat'>167</span> <span class='ocrx_word' id='word_1_111' title='bbox 354 1363 365 1391; x_wconf 77' lang='lat' dir='ltr'>t</span> <span class='ocrx_word' id='word_1_112' title='bbox 391 1369 409 1385; x_wconf 85' lang='lat'><strong>·</strong></span> <span class='ocrx_word' id='word_1_113' title='bbox 446 1351 505 1390; x_wconf 89' lang='lat' dir='ltr'>Le</span> <span class='ocrx_word' id='word_1_114' title='bbox 526 1346 647 1404; x_wconf 68' lang='grc' dir='ltr'>λιμὴν</span> <span class='ocrx_word' id='word_1_115' title='bbox 669 1347 843 1395; x_wconf 50' lang='lat' dir='ltr'>xivam&amp;</span> <span class='ocrx_word' id='word_1_116' title='bbox 878 1355 940 1388; x_wconf 62' lang='lat' dir='ltr'>est</span> <span class='ocrx_word' id='word_1_117' title='bbox 975 1347 1012 1389; x_wconf 92' lang='lat' dir='ltr'>le</span> <span class='ocrx_word' id='word_1_118' title='bbox 1034 1347 1158 1389; x_wconf 90' lang='lat' dir='ltr'>liman</span> <span class='ocrx_word' id='word_1_119' title='bbox 1183 1348 1411 1390; x_wconf 78' lang='lat' dir='ltr'>Kisiltache</span> 
     </span>
     <span class='ocr_line' id='line_1_17' title="bbox 169 1405 1410 1468; baseline -0.003 -13"><span class='ocrx_word' id='word_1_120' title='bbox 169 1405 479 1468; x_wconf 85' lang='lat' dir='ltr'>d&#39;aujourd’hui</span> <span class='ocrx_word' id='word_1_121' title='bbox 499 1425 551 1452; x_wconf 88' lang='lat' dir='ltr'>en</span> <span class='ocrx_word' id='word_1_122' title='bbox 570 1409 796 1465; x_wconf 81' lang='lat' dir='ltr'>Sindique3</span> <span class='ocrx_word' id='word_1_123' title='bbox 820 1409 857 1451; x_wconf 92' lang='lat' dir='ltr'>la</span> <span class='ocrx_word' id='word_1_124' title='bbox 885 1409 977 1450; x_wconf 79' lang='lat' dir='ltr'>ville</span> <span class='ocrx_word' id='word_1_125' title='bbox 997 1410 1096 1451; x_wconf 82' lang='lat' dir='ltr'>etait</span> <span class='ocrx_word' id='word_1_126' title='bbox 1118 1409 1222 1451; x_wconf 91' lang='lat' dir='ltr'>dans</span> <span class='ocrx_word' id='word_1_127' title='bbox 1238 1410 1274 1451; x_wconf 90' lang='lat' dir='ltr'>le</span> <span class='ocrx_word' id='word_1_128' title='bbox 1288 1411 1410 1451; x_wconf 85' lang='lat' dir='ltr'>voisi·</span> 
     </span>
     <span class='ocr_line' id='line_1_18' title="bbox 171 1471 1407 1531; baseline -0.002 -14"><span class='ocrx_word' id='word_1_129' title='bbox 171 1490 274 1531; x_wconf 86' lang='lat' dir='ltr'>nage</span> <span class='ocrx_word' id='word_1_130' title='bbox 294 1475 498 1530; x_wconf 86' lang='lat' dir='ltr'>d’Anapa,</span> <span class='ocrx_word' id='word_1_131' title='bbox 514 1488 608 1515; x_wconf 89' lang='lat' dir='ltr'>sans</span> <span class='ocrx_word' id='word_1_132' title='bbox 619 1471 746 1514; x_wconf 92' lang='lat' dir='ltr'>doute</span> <span class='ocrx_word' id='word_1_133' title='bbox 761 1486 833 1513; x_wconf 90' lang='lat' dir='ltr'>sur</span> <span class='ocrx_word' id='word_1_134' title='bbox 854 1471 891 1513; x_wconf 87' lang='lat' dir='ltr'>le</span> <span class='ocrx_word' id='word_1_135' title='bbox 916 1473 1112 1527; x_wconf 86' lang='lat' dir='ltr'>Bougour</span> <span class='ocrx_word' id='word_1_136' title='bbox 1128 1493 1144 1508; x_wconf 75' lang='grc' dir='ltr'>ι</span> <span class='ocrx_word' id='word_1_137' title='bbox 1173 1472 1238 1514; x_wconf 82' lang='lat' dir='ltr'>Cf.</span> <span class='ocrx_word' id='word_1_138' title='bbox 1261 1472 1407 1514; x_wconf 87' lang='lat' dir='ltr'>Ukert.</span> 
     </span>
     <span class='ocr_line' id='line_1_19' title="bbox 171 1533 1413 1594; baseline -0.003 -15"><span class='ocrx_word' id='word_1_139' title='bbox 171 1539 248 1589; x_wconf 90' lang='lat'>111,</span> <span class='ocrx_word' id='word_1_140' title='bbox 273 1551 315 1587; x_wconf 91' lang='grc'>2,</span> <span class='ocrx_word' id='word_1_141' title='bbox 349 1552 392 1594; x_wconf 88' lang='lat' dir='ltr'>p.</span> <span class='ocrx_word' id='word_1_142' title='bbox 428 1539 640 1591; x_wconf 80' lang='grc'>496.11-</span> <span class='ocrx_word' id='word_1_143' title='bbox 666 1534 891 1590; x_wconf 78' lang='grc' dir='ltr'>Πατοῦς]</span> <span class='ocrx_word' id='word_1_144' title='bbox 917 1535 1040 1575; x_wconf 81' lang='lat' dir='ltr'>Hunc</span> <span class='ocrx_word' id='word_1_145' title='bbox 1060 1533 1197 1575; x_wconf 90' lang='lat' dir='ltr'>locum</span> <span class='ocrx_word' id='word_1_146' title='bbox 1233 1534 1413 1576; x_wconf 89' lang='lat' dir='ltr'>eundem</span> 
     </span>
     <span class='ocr_line' id='line_1_20' title="bbox 172 1596 1411 1655; baseline -0.002 -14"><span class='ocrx_word' id='word_1_147' title='bbox 172 1614 259 1641; x_wconf 86' lang='lat' dir='ltr'>esse</span> <span class='ocrx_word' id='word_1_148' title='bbox 282 1613 378 1641; x_wconf 92' lang='lat' dir='ltr'>cum</span> <span class='ocrx_word' id='word_1_149' title='bbox 404 1613 455 1640; x_wconf 92' lang='lat' dir='ltr'>eo</span> <span class='ocrx_word' id='word_1_150' title='bbox 472 1599 544 1654; x_wconf 89' lang='lat' dir='ltr'>qui</span> <span class='ocrx_word' id='word_1_151' title='bbox 564 1601 781 1655; x_wconf 71' lang='lat' dir='ltr'>Apaturos·</span> <span class='ocrx_word' id='word_1_152' title='bbox 809 1605 982 1638; x_wconf 84' lang='lat' dir='ltr'>vocatur</span> <span class='ocrx_word' id='word_1_153' title='bbox 1004 1596 1115 1653; x_wconf 91' lang='lat' dir='ltr'>apud</span> <span class='ocrx_word' id='word_1_154' title='bbox 1133 1597 1311 1639; x_wconf 85' lang='lat' dir='ltr'>Plinium</span> <span class='ocrx_word' id='word_1_155' title='bbox 1333 1599 1411 1649; x_wconf 82' lang='lat' dir='ltr'>VI,</span> 
     </span>
     <span class='ocr_line' id='line_1_21' title="bbox 173 1659 1414 1717; baseline -0.001 -14"><span class='ocrx_word' id='word_1_156' title='bbox 173 1667 199 1703; x_wconf 84' lang='lat'><strong>6</strong></span> <span class='ocrx_word' id='word_1_157' title='bbox 221 1661 438 1703; x_wconf 80' lang='lat' dir='ltr'>contendit</span> <span class='ocrx_word' id='word_1_158' title='bbox 454 1661 708 1703; x_wconf 82' lang='lat' dir='ltr'>Gronovius.</span> <span class='ocrx_word' id='word_1_159' title='bbox 730 1663 784 1702; x_wconf 93' lang='lat' dir='ltr'>At</span> <span class='ocrx_word' id='word_1_160' title='bbox 808 1663 1017 1715; x_wconf 76' lang='lat' dir='ltr'>Apaturos</span> <span class='ocrx_word' id='word_1_161' title='bbox 1047 1659 1113 1701; x_wconf 88' lang='lat' dir='ltr'>ille</span> <span class='ocrx_word' id='word_1_162' title='bbox 1141 1659 1194 1701; x_wconf 88' lang='lat' dir='ltr'>ad</span> <span class='ocrx_word' id='word_1_163' title='bbox 1221 1660 1414 1717; x_wconf 82' lang='lat' dir='ltr'>paludem</span> 
     </span>
     <span class='ocr_line' id='line_1_22' title="bbox 173 1722 1416 1774; baseline 0 -9"><span class='ocrx_word' id='word_1_164' title='bbox 173 1722 393 1765; x_wconf 80' lang='lat' dir='ltr'>Maeotiden</span> <span class='ocrx_word' id='word_1_165' title='bbox 443 1725 546 1765; x_wconf 90' lang='lat' dir='ltr'>situs</span> <span class='ocrx_word' id='word_1_166' title='bbox 577 1732 663 1774; x_wconf 55' lang='lat' dir='ltr'>esu</span> <span class='ocrx_word' id='word_1_167' title='bbox 698 1738 774 1764; x_wconf 89' lang='lat' dir='ltr'>nos</span> <span class='ocrx_word' id='word_1_168' title='bbox 797 1737 896 1764; x_wconf 82' lang='lat' dir='ltr'>vero</span> <span class='ocrx_word' id='word_1_169' title='bbox 922 1724 964 1763; x_wconf 93' lang='lat' dir='ltr'>in</span> <span class='ocrx_word' id='word_1_170' title='bbox 988 1724 1123 1763; x_wconf 89' lang='lat' dir='ltr'>Ponto</span> <span class='ocrx_word' id='word_1_171' title='bbox 1153 1737 1264 1764; x_wconf 93' lang='lat' dir='ltr'>nunc</span> <span class='ocrx_word' id='word_1_172' title='bbox 1283 1738 1416 1765; x_wconf 86' lang='lat' dir='ltr'>versa·</span> 
     </span>
     <span class='ocr_line' id='line_1_23' title="bbox 174 1785 1412 1842; baseline -0.001 -14"><span class='ocrx_word' id='word_1_173' title='bbox 174 1801 284 1828; x_wconf 90' lang='lat' dir='ltr'>mur.</span> <span class='ocrx_word' id='word_1_174' title='bbox 306 1789 430 1828; x_wconf 83' lang='lat' dir='ltr'>Recte</span> <span class='ocrx_word' id='word_1_175' title='bbox 457 1786 545 1842; x_wconf 89' lang='lat' dir='ltr'>jam</span> <span class='ocrx_word' id='word_1_176' title='bbox 575 1787 749 1827; x_wconf 80' lang='lat' dir='ltr'>Vossius</span> <span class='ocrx_word' id='word_1_177' title='bbox 780 1786 944 1827; x_wconf 89' lang='lat' dir='ltr'>monuit</span> <span class='ocrx_word' id='word_1_178' title='bbox 965 1785 1101 1827; x_wconf 91' lang='lat' dir='ltr'>locum</span> <span class='ocrx_word' id='word_1_179' title='bbox 1130 1794 1317 1827; x_wconf 89' lang='lat' dir='ltr'>nostrum</span> <span class='ocrx_word' id='word_1_180' title='bbox 1345 1801 1412 1842; x_wconf 89' lang='lat' dir='ltr'>ap.</span> 
     </span>
     <span class='ocr_line' id='line_1_24' title="bbox 173 1847 1418 1904; baseline -0.001 -13"><span class='ocrx_word' id='word_1_181' title='bbox 173 1850 365 1891; x_wconf 81' lang='lat' dir='ltr'>Strabon.</span> <span class='ocrx_word' id='word_1_182' title='bbox 392 1849 420 1890; x_wconf 90' lang='lat' dir='ltr'>l.</span> <span class='ocrx_word' id='word_1_183' title='bbox 444 1849 472 1891; x_wconf 93' lang='grc'>1.</span> <span class='ocrx_word' id='word_1_184' title='bbox 497 1848 579 1890; x_wconf 93' lang='lat' dir='ltr'>dici</span> <span class='ocrx_word' id='word_1_185' title='bbox 601 1849 732 1899; x_wconf 80' lang='grc' dir='ltr'>Βάτα,</span> <span class='ocrx_word' id='word_1_186' title='bbox 755 1848 808 1890; x_wconf 91' lang='lat' dir='ltr'>ad</span> <span class='ocrx_word' id='word_1_187' title='bbox 837 1862 962 1904; x_wconf 87' lang='lat' dir='ltr'>quem</span> <span class='ocrx_word' id='word_1_188' title='bbox 985 1847 1214 1889; x_wconf 87' lang='lat' dir='ltr'>secundum</span> <span class='ocrx_word' id='word_1_189' title='bbox 1240 1850 1418 1890; x_wconf 89' lang='lat' dir='ltr'>Artemi·</span> 
     </span>
     <span class='ocr_line' id='line_1_25' title="bbox 173 1910 1416 1953; baseline 0 -2"><span class='ocrx_word' id='word_1_190' title='bbox 173 1910 326 1953; x_wconf 75' lang='lat' dir='ltr'>dorum</span> <span class='ocrx_word' id='word_1_191' title='bbox 342 1911 520 1953; x_wconf 78' lang='lat' dir='ltr'>confinia</span> <span class='ocrx_word' id='word_1_192' title='bbox 538 1918 636 1952; x_wconf 88' lang='lat' dir='ltr'>sunt</span> <span class='ocrx_word' id='word_1_193' title='bbox 654 1924 738 1952; x_wconf 86' lang='lat' dir='ltr'>orae</span> <span class='ocrx_word' id='word_1_194' title='bbox 757 1910 934 1952; x_wconf 65' lang='lat' dir='ltr'>Sindime</span> <span class='ocrx_word' id='word_1_195' title='bbox 959 1919 1000 1952; x_wconf 91' lang='lat' dir='ltr'>et</span> <span class='ocrx_word' id='word_1_196' title='bbox 1017 1911 1297 1952; x_wconf 86' lang='lat' dir='ltr'>Cercetarum.</span> <span class='ocrx_word' id='word_1_197' title='bbox 1320 1913 1416 1952; x_wconf 90' lang='lat' dir='ltr'>Pto-</span> 
     </span>
     <span class='ocr_line' id='line_1_26' title="bbox 174 1973 1418 2030; baseline -0.001 -15"><span class='ocrx_word' id='word_1_198' title='bbox 174 1973 342 2016; x_wconf 73' lang='lat' dir='ltr'>lemaeus</span> <span class='ocrx_word' id='word_1_199' title='bbox 380 1988 547 2030; x_wconf 85' lang='lat' dir='ltr'>quoque</span> <span class='ocrx_word' id='word_1_200' title='bbox 596 1973 700 2015; x_wconf 78' lang='grc' dir='ltr'>Βάτα</span> <span class='ocrx_word' id='word_1_201' title='bbox 749 1982 918 2029; x_wconf 88' lang='lat' dir='ltr'>portum</span> <span class='ocrx_word' id='word_1_202' title='bbox 954 1981 995 2014; x_wconf 87' lang='lat' dir='ltr'>et</span> <span class='ocrx_word' id='word_1_203' title='bbox 1040 1974 1176 2014; x_wconf 85' lang='lat' dir='ltr'>vicum</span> <span class='ocrx_word' id='word_1_204' title='bbox 1215 1981 1418 2014; x_wconf 89' lang='lat' dir='ltr'>memorat</span> 
     </span>
     <span class='ocr_line' id='line_1_27' title="bbox 177 2035 1416 2093; baseline -0.001 -16"><span class='ocrx_word' id='word_1_205' title='bbox 177 2037 284 2093; x_wconf 78' lang='lat'>(66⁰,</span> <span class='ocrx_word' id='word_1_206' title='bbox 303 2036 404 2093; x_wconf 87' lang='lat'>30&#39;).</span> <span class='ocrx_word' id='word_1_207' title='bbox 440 2035 631 2078; x_wconf 85' lang='lat' dir='ltr'>Eundem</span> <span class='ocrx_word' id='word_1_208' title='bbox 653 2044 822 2092; x_wconf 91' lang='lat' dir='ltr'>portum</span> <span class='ocrx_word' id='word_1_209' title='bbox 860 2037 1062 2078; x_wconf 91' lang='lat' dir='ltr'>Arrianus</span> <span class='ocrx_word' id='word_1_210' title='bbox 1095 2038 1160 2086; x_wconf 90' lang='grc'>18,</span> <span class='ocrx_word' id='word_1_211' title='bbox 1182 2039 1204 2086; x_wconf 91' lang='grc'>4</span> <span class='ocrx_word' id='word_1_212' title='bbox 1230 2036 1331 2092; x_wconf 76' lang='grc' dir='ltr'>ἱερὸν</span> <span class='ocrx_word' id='word_1_213' title='bbox 1355 2037 1416 2076; x_wconf 89' lang='grc' dir='ltr'>λι-</span> 
     </span>
     <span class='ocr_line' id='line_1_28' title="bbox 177 2098 1417 2154; baseline -0.001 -15"><span class='ocrx_word' id='word_1_214' title='bbox 177 2100 273 2154; x_wconf 77' lang='grc' dir='ltr'>μένα</span> <span class='ocrx_word' id='word_1_215' title='bbox 294 2100 411 2150; x_wconf 88' lang='lat' dir='ltr'>dicit,</span> <span class='ocrx_word' id='word_1_216' title='bbox 435 2114 510 2141; x_wconf 88' lang='lat' dir='ltr'>nce</span> <span class='ocrx_word' id='word_1_217' title='bbox 528 2114 613 2141; x_wconf 89' lang='lat' dir='ltr'>non</span> <span class='ocrx_word' id='word_1_218' title='bbox 639 2099 796 2141; x_wconf 80' lang='lat' dir='ltr'>Plinius</span> <span class='ocrx_word' id='word_1_219' title='bbox 814 2100 892 2148; x_wconf 88' lang='lat' dir='ltr'>VI,</span> <span class='ocrx_word' id='word_1_220' title='bbox 927 2098 949 2139; x_wconf 87' lang='lat'><strong>5</strong></span> <span class='ocrx_word' id='word_1_221' title='bbox 979 2111 990 2139; x_wconf 89' lang='lat'>:</span> <span class='ocrx_word' id='word_1_222' title='bbox 1016 2101 1069 2139; x_wconf 88' lang='lat' dir='ltr'>In</span> <span class='ocrx_word' id='word_1_223' title='bbox 1087 2113 1161 2139; x_wconf 87' lang='lat' dir='ltr'>ora</span> <span class='ocrx_word' id='word_1_224' title='bbox 1177 2099 1309 2154; x_wconf 75' lang='lat' dir='ltr'>juxta</span> <span class='ocrx_word' id='word_1_225' title='bbox 1328 2102 1417 2140; x_wconf 79' lang='lat' dir='ltr'>Cer-</span> 
     </span>
     <span class='ocr_line' id='line_1_29' title="bbox 175 2160 1418 2218; baseline 0 -16"><span class='ocrx_word' id='word_1_226' title='bbox 175 2171 287 2203; x_wconf 72' lang='lat' dir='ltr'>celas</span> <span class='ocrx_word' id='word_1_227' title='bbox 303 2164 460 2217; x_wconf 84' lang='lat' dir='ltr'>stmnen</span> <span class='ocrx_word' id='word_1_228' title='bbox 483 2165 659 2203; x_wconf 79' lang='lat' dir='ltr'>Icarusa</span> <span class='ocrx_word' id='word_1_229' title='bbox 677 2176 768 2202; x_wconf 88' lang='lat' dir='ltr'>cum</span> <span class='ocrx_word' id='word_1_230' title='bbox 797 2160 952 2218; x_wconf 80' lang='lat' dir='ltr'>oppido</span> <span class='ocrx_word' id='word_1_231' title='bbox 975 2161 1103 2202; x_wconf 81' lang='lat' dir='ltr'>Hiero</span> <span class='ocrx_word' id='word_1_232' title='bbox 1121 2170 1160 2202; x_wconf 82' lang='lat' dir='ltr'>e!</span> <span class='ocrx_word' id='word_1_233' title='bbox 1171 2160 1347 2214; x_wconf 84' lang='lat' dir='ltr'>flumine</span> <span class='ocrx_word' id='word_1_234' title='bbox 1364 2162 1418 2202; x_wconf 79' lang='lat' dir='ltr'>ab</span> 
     </span>
     <span class='ocr_line' id='line_1_30' title="bbox 175 2224 1417 2281; baseline -0.002 -15"><span class='ocrx_word' id='word_1_235' title='bbox 175 2226 376 2267; x_wconf 77' lang='lat' dir='ltr'>Heraclea</span> <span class='ocrx_word' id='word_1_236' title='bbox 397 2226 472 2266; x_wconf 84' lang='lat'>136</span> <span class='ocrx_word' id='word_1_237' title='bbox 498 2225 603 2266; x_wconf 85' lang='lat' dir='ltr'>mill.</span> <span class='ocrx_word' id='word_1_238' title='bbox 634 2224 770 2266; x_wconf 81' lang='lat' dir='ltr'>Hodie</span> <span class='ocrx_word' id='word_1_239' title='bbox 792 2232 853 2266; x_wconf 88' lang='lat' dir='ltr'>est</span> <span class='ocrx_word' id='word_1_240' title='bbox 872 2227 1027 2281; x_wconf 80' lang='lat' dir='ltr'>Anapa</span> <span class='ocrx_word' id='word_1_241' title='bbox 1046 2239 1127 2265; x_wconf 88' lang='lat' dir='ltr'>sec.</span> <span class='ocrx_word' id='word_1_242' title='bbox 1151 2226 1417 2265; x_wconf 89' lang='lat' dir='ltr'>Mannertum</span> 
     </span>
     <span class='ocr_line' id='line_1_31' title="bbox 175 2286 1415 2345; baseline -0.002 -15"><span class='ocrx_word' id='word_1_243' title='bbox 175 2297 215 2330; x_wconf 89' lang='lat' dir='ltr'>et</span> <span class='ocrx_word' id='word_1_244' title='bbox 237 2288 458 2345; x_wconf 82' lang='lat' dir='ltr'>Klaproth.</span> <span class='ocrx_word' id='word_1_245' title='bbox 488 2289 530 2329; x_wconf 92' lang='lat' dir='ltr'>in</span> <span class='ocrx_word' id='word_1_246' title='bbox 557 2290 697 2329; x_wconf 86' lang='lat' dir='ltr'>Nouv.</span> <span class='ocrx_word' id='word_1_247' title='bbox 727 2286 904 2328; x_wconf 83' lang='lat' dir='ltr'>Journal</span> <span class='ocrx_word' id='word_1_248' title='bbox 923 2290 1002 2328; x_wconf 86' lang='lat' dir='ltr'>As.</span> <span class='ocrx_word' id='word_1_249' title='bbox 1028 2295 1131 2328; x_wconf 91' lang='lat' dir='ltr'>tom.</span> <span class='ocrx_word' id='word_1_250' title='bbox 1167 2288 1203 2338; x_wconf 91' lang='lat'>1,</span> <span class='ocrx_word' id='word_1_251' title='bbox 1238 2300 1282 2341; x_wconf 95' lang='lat' dir='ltr'>p.</span> <span class='ocrx_word' id='word_1_252' title='bbox 1309 2287 1415 2338; x_wconf 86' lang='lat'>305;</span> 
     </span>
     <span class='ocr_line' id='line_1_32' title="bbox 175 2349 1419 2407; baseline -0.001 -15"><span class='ocrx_word' id='word_1_253' title='bbox 175 2351 434 2407; x_wconf 72' lang='lat' dir='ltr'>Sougoudjak</span> <span class='ocrx_word' id='word_1_254' title='bbox 470 2365 552 2392; x_wconf 88' lang='lat' dir='ltr'>sec.</span> <span class='ocrx_word' id='word_1_255' title='bbox 588 2350 795 2401; x_wconf 85' lang='lat' dir='ltr'>Gailium;</span> <span class='ocrx_word' id='word_1_256' title='bbox 828 2349 1094 2391; x_wconf 77' lang='lat' dir='ltr'>Gelindschih</span> <span class='ocrx_word' id='word_1_257' title='bbox 1113 2364 1195 2391; x_wconf 89' lang='lat' dir='ltr'>sec.</span> <span class='ocrx_word' id='word_1_258' title='bbox 1223 2349 1419 2391; x_wconf 89' lang='lat' dir='ltr'>Tailbout</span> 
     </span>
     <span class='ocr_line' id='line_1_33' title="bbox 178 2412 1415 2469; baseline 0 -15"><span class='ocrx_word' id='word_1_259' title='bbox 178 2413 380 2454; x_wconf 74' lang='lat' dir='ltr'>Poreulem</span> <span class='ocrx_word' id='word_1_260' title='bbox 414 2412 464 2454; x_wconf 85' lang='lat' dir='ltr'>de</span> <span class='ocrx_word' id='word_1_261' title='bbox 497 2413 538 2453; x_wconf 85' lang='lat' dir='ltr'>la</span> <span class='ocrx_word' id='word_1_262' title='bbox 569 2427 654 2454; x_wconf 85' lang='lat' dir='ltr'>mer</span> <span class='ocrx_word' id='word_1_263' title='bbox 677 2413 820 2455; x_wconf 81' lang='lat' dir='ltr'>Noire.</span> <span class='ocrx_word' id='word_1_264' title='bbox 851 2427 894 2469; x_wconf 89' lang='lat' dir='ltr'>p.</span> <span class='ocrx_word' id='word_1_265' title='bbox 933 2412 982 2462; x_wconf 88' lang='lat'>54</span> <span class='ocrx_word' id='word_1_266' title='bbox 999 2428 1010 2463; x_wconf 91' lang='lat'>;</span> <span class='ocrx_word' id='word_1_267' title='bbox 1041 2427 1171 2469; x_wconf 89' lang='lat' dir='ltr'>prope</span> <span class='ocrx_word' id='word_1_268' title='bbox 1204 2420 1415 2469; x_wconf 90' lang='lat' dir='ltr'>promont.</span> 
     </span>
     <span class='ocr_line' id='line_1_34' title="bbox 179 2476 1175 2533; baseline 0 -16"><span class='ocrx_word' id='word_1_269' title='bbox 179 2480 369 2533; x_wconf 69' lang='lat' dir='ltr'>lwssup.</span> <span class='ocrx_word' id='word_1_270' title='bbox 390 2490 471 2517; x_wconf 83' lang='lat' dir='ltr'>sec.</span> <span class='ocrx_word' id='word_1_271' title='bbox 490 2476 794 2532; x_wconf 87' lang='lat' dir='ltr'>Lapieum.Alii</span> <span class='ocrx_word' id='word_1_272' title='bbox 819 2476 952 2517; x_wconf 88' lang='lat' dir='ltr'>aliter.</span> <span class='ocrx_word' id='word_1_273' title='bbox 1172 2520 1175 2525; x_wconf 66' lang='grc'><strong>,</strong></span> 
     </span>
    </p>

    <p class='ocr_par' dir='ltr' id='par_1_7' title="bbox 178 2537 1429 3784">
     <span class='ocr_line' id='line_1_35' title="bbox 233 2537 1422 2595; baseline 0 -16"><span class='ocrx_word' id='word_1_274' title='bbox 233 2542 256 2592; x_wconf 72' lang='grc'>5</span> <span class='ocrx_word' id='word_1_275' title='bbox 280 2540 348 2593; x_wconf 78' lang='lat'>73.</span> <span class='ocrx_word' id='word_1_276' title='bbox 384 2539 620 2594; x_wconf 75' lang='grc' dir='ltr'>Κερκέται</span> <span class='ocrx_word' id='word_1_277' title='bbox 649 2540 664 2595; x_wconf 89' lang='grc'>]</span> <span class='ocrx_word' id='word_1_278' title='bbox 693 2540 881 2579; x_wconf 83' lang='lat' dir='ltr'>Cercetas</span> <span class='ocrx_word' id='word_1_279' title='bbox 913 2539 925 2594; x_wconf 96' lang='lat'>(</span> <span class='ocrx_word' id='word_1_280' title='bbox 950 2537 1257 2580; x_wconf 65' lang='lat' dir='ltr'>Tscherhesses?</span> <span class='ocrx_word' id='word_1_281' title='bbox 1277 2538 1291 2595; x_wconf 95' lang='lat'>)</span> <span class='ocrx_word' id='word_1_282' title='bbox 1315 2539 1422 2579; x_wconf 90' lang='lat' dir='ltr'>inter</span> 
     </span>
     <span class='ocr_line' id='line_1_36' title="bbox 178 2600 1421 2657; baseline 0.001 -16"><span class='ocrx_word' id='word_1_283' title='bbox 178 2601 327 2642; x_wconf 88' lang='lat' dir='ltr'>Sindos</span> <span class='ocrx_word' id='word_1_284' title='bbox 353 2611 391 2642; x_wconf 89' lang='lat' dir='ltr'>ct</span> <span class='ocrx_word' id='word_1_285' title='bbox 418 2602 589 2643; x_wconf 67' lang='lat' dir='ltr'>Achaeos</span> <span class='ocrx_word' id='word_1_286' title='bbox 622 2601 720 2643; x_wconf 88' lang='lat' dir='ltr'>inde</span> <span class='ocrx_word' id='word_1_287' title='bbox 756 2616 779 2642; x_wconf 90' lang='lat' dir='ltr'>a</span> <span class='ocrx_word' id='word_1_288' title='bbox 805 2603 915 2642; x_wconf 85' lang='lat' dir='ltr'>Batis</span> <span class='ocrx_word' id='word_1_289' title='bbox 934 2615 1049 2643; x_wconf 88' lang='lat' dir='ltr'>oram</span> <span class='ocrx_word' id='word_1_290' title='bbox 1078 2615 1152 2657; x_wconf 88' lang='lat' dir='ltr'>pcr</span> <span class='ocrx_word' id='word_1_291' title='bbox 1188 2602 1270 2642; x_wconf 91' lang='grc'>850</span> <span class='ocrx_word' id='word_1_292' title='bbox 1291 2600 1421 2642; x_wconf 86' lang='lat' dir='ltr'>stadia</span> 
     </span>
     <span class='ocr_line' id='line_1_37' title="bbox 181 2662 1422 2718; baseline 0.002 -15"><span class='ocrx_word' id='word_1_293' title='bbox 181 2671 319 2703; x_wconf 80' lang='lat' dir='ltr'>tencre</span> <span class='ocrx_word' id='word_1_294' title='bbox 334 2695 344 2712; x_wconf 94' lang='lat'>,</span> <span class='ocrx_word' id='word_1_295' title='bbox 370 2662 521 2703; x_wconf 77' lang='lat' dir='ltr'>deinde</span> <span class='ocrx_word' id='word_1_296' title='bbox 544 2664 716 2705; x_wconf 79' lang='lat' dir='ltr'>Achaeos</span> <span class='ocrx_word' id='word_1_297' title='bbox 742 2678 816 2718; x_wconf 89' lang='lat' dir='ltr'>per</span> <span class='ocrx_word' id='word_1_298' title='bbox 830 2663 935 2704; x_wconf 89' lang='lat' dir='ltr'>stad.</span> <span class='ocrx_word' id='word_1_299' title='bbox 959 2665 1054 2713; x_wconf 87' lang='grc'>500,</span> <span class='ocrx_word' id='word_1_300' title='bbox 1077 2672 1164 2703; x_wconf 89' lang='lat' dir='ltr'>tum</span> <span class='ocrx_word' id='word_1_301' title='bbox 1186 2664 1422 2705; x_wconf 83' lang='lat' dir='ltr'>Heniochos</span> 
     </span>
     <span class='ocr_line' id='line_1_38' title="bbox 179 2724 1423 2781; baseline 0.001 -15"><span class='ocrx_word' id='word_1_302' title='bbox 179 2739 255 2781; x_wconf 89' lang='lat' dir='ltr'>per</span> <span class='ocrx_word' id='word_1_303' title='bbox 272 2725 378 2766; x_wconf 79' lang='lat' dir='ltr'>stad.</span> <span class='ocrx_word' id='word_1_304' title='bbox 406 2739 533 2774; x_wconf 90' lang='grc'>1000,</span> <span class='ocrx_word' id='word_1_305' title='bbox 564 2734 652 2766; x_wconf 92' lang='lat' dir='ltr'>tum</span> <span class='ocrx_word' id='word_1_306' title='bbox 676 2740 698 2766; x_wconf 89' lang='lat' dir='ltr'>a</span> <span class='ocrx_word' id='word_1_307' title='bbox 718 2726 911 2780; x_wconf 75' lang='lat' dir='ltr'>Pityunte</span> <span class='ocrx_word' id='word_1_308' title='bbox 930 2726 981 2767; x_wconf 90' lang='lat' dir='ltr'>ad</span> <span class='ocrx_word' id='word_1_309' title='bbox 1004 2724 1316 2766; x_wconf 87' lang='lat' dir='ltr'>Dioscuriadcm</span> <span class='ocrx_word' id='word_1_310' title='bbox 1336 2741 1423 2767; x_wconf 80' lang='lat' dir='ltr'>csse</span> 
     </span>
     <span class='ocr_line' id='line_1_39' title="bbox 180 2787 1421 2844; baseline 0.001 -16"><span class='ocrx_word' id='word_1_311' title='bbox 180 2788 310 2830; x_wconf 84' lang='lat' dir='ltr'>stadia</span> <span class='ocrx_word' id='word_1_312' title='bbox 348 2790 428 2829; x_wconf 71' lang='lat'>360</span> <span class='ocrx_word' id='word_1_313' title='bbox 460 2796 631 2829; x_wconf 83' lang='lat' dir='ltr'>testatur</span> <span class='ocrx_word' id='word_1_314' title='bbox 667 2788 955 2831; x_wconf 80' lang='lat' dir='ltr'>Artemidorus</span> <span class='ocrx_word' id='word_1_315' title='bbox 985 2787 1095 2844; x_wconf 91' lang='lat' dir='ltr'>apud</span> <span class='ocrx_word' id='word_1_316' title='bbox 1118 2787 1309 2829; x_wconf 87' lang='lat' dir='ltr'>Strabon.</span> <span class='ocrx_word' id='word_1_317' title='bbox 1335 2790 1421 2840; x_wconf 90' lang='lat' dir='ltr'>XI,</span> 
     </span>
     <span class='ocr_line' id='line_1_40' title="bbox 180 2850 1427 2907; baseline 0.001 -16"><span class='ocrx_word' id='word_1_318' title='bbox 180 2865 224 2907; x_wconf 88' lang='lat' dir='ltr'>p.</span> <span class='ocrx_word' id='word_1_319' title='bbox 250 2854 346 2905; x_wconf 89' lang='grc'>496.</span> <span class='ocrx_word' id='word_1_320' title='bbox 387 2853 476 2891; x_wconf 91' lang='lat' dir='ltr'>Sec.</span> <span class='ocrx_word' id='word_1_321' title='bbox 504 2850 763 2891; x_wconf 80' lang='lat' dir='ltr'>Hellanicum</span> <span class='ocrx_word' id='word_1_322' title='bbox 788 2850 871 2906; x_wconf 83' lang='lat' dir='ltr'>(sr.</span> <span class='ocrx_word' id='word_1_323' title='bbox 899 2865 976 2906; x_wconf 90' lang='grc'>109</span> <span class='ocrx_word' id='word_1_324' title='bbox 996 2865 1039 2907; x_wconf 87' lang='lat' dir='ltr'>p.</span> <span class='ocrx_word' id='word_1_325' title='bbox 1069 2851 1119 2904; x_wconf 87' lang='lat'>59</span> <span class='ocrx_word' id='word_1_326' title='bbox 1141 2852 1156 2903; x_wconf 97' lang='lat'><em>)</em></span> <span class='ocrx_word' id='word_1_327' title='bbox 1183 2864 1304 2906; x_wconf 86' lang='lat' dir='ltr'>supra</span> <span class='ocrx_word' id='word_1_328' title='bbox 1329 2852 1427 2892; x_wconf 87' lang='lat' dir='ltr'>Cer-</span> 
     </span>
     <span class='ocr_line' id='line_1_41' title="bbox 181 2912 1425 2969; baseline -0.002 -14"><span class='ocrx_word' id='word_1_329' title='bbox 181 2921 327 2955; x_wconf 72' lang='lat' dir='ltr'>cetams</span> <span class='ocrx_word' id='word_1_330' title='bbox 346 2915 363 2966; x_wconf 91' lang='lat'>(</span> <span class='ocrx_word' id='word_1_331' title='bbox 379 2913 460 2953; x_wconf 79' lang='grc' dir='ltr'>ἅνω</span> <span class='ocrx_word' id='word_1_332' title='bbox 489 2912 726 2967; x_wconf 50' lang='lat' dir='ltr'>nep-astatum</span> <span class='ocrx_word' id='word_1_333' title='bbox 751 2913 783 2969; x_wconf 86' lang='lat'>),</span> <span class='ocrx_word' id='word_1_334' title='bbox 812 2914 840 2953; x_wconf 92' lang='lat' dir='ltr'>i.</span> <span class='ocrx_word' id='word_1_335' title='bbox 863 2927 901 2953; x_wconf 90' lang='lat' dir='ltr'>e.</span> <span class='ocrx_word' id='word_1_336' title='bbox 927 2927 949 2953; x_wconf 93' lang='lat' dir='ltr'>a</span> <span class='ocrx_word' id='word_1_337' title='bbox 972 2913 1251 2968; x_wconf 76' lang='lat' dir='ltr'>septentrione</span> <span class='ocrx_word' id='word_1_338' title='bbox 1279 2913 1425 2953; x_wconf 91' lang='lat' dir='ltr'>Cerce-</span> 
     </span>
     <span class='ocr_line' id='line_1_42' title="bbox 182 2975 1426 3030; baseline 0.001 -13"><span class='ocrx_word' id='word_1_339' title='bbox 182 2984 319 3018; x_wconf 86' lang='lat' dir='ltr'>tarum</span> <span class='ocrx_word' id='word_1_340' title='bbox 332 3008 344 3026; x_wconf 95' lang='lat'>,</span> <span class='ocrx_word' id='word_1_341' title='bbox 362 2975 551 3017; x_wconf 89' lang='lat' dir='ltr'>habitant</span> <span class='ocrx_word' id='word_1_342' title='bbox 568 2975 728 3016; x_wconf 80' lang='lat' dir='ltr'>Moschi</span> <span class='ocrx_word' id='word_1_343' title='bbox 745 2984 786 3016; x_wconf 91' lang='lat' dir='ltr'>et</span> <span class='ocrx_word' id='word_1_344' title='bbox 802 2975 1048 3016; x_wconf 82' lang='lat' dir='ltr'>Charimatae</span> <span class='ocrx_word' id='word_1_345' title='bbox 1074 2975 1086 3029; x_wconf 93' lang='lat'>(</span> <span class='ocrx_word' id='word_1_346' title='bbox 1108 2989 1285 3030; x_wconf 84' lang='lat' dir='ltr'>quornm</span> <span class='ocrx_word' id='word_1_347' title='bbox 1317 2976 1426 3018; x_wconf 86' lang='lat' dir='ltr'>nulla</span> 
     </span>
     <span class='ocr_line' id='line_1_43' title="bbox 181 3036 1424 3095; baseline -0.001 -15"><span class='ocrx_word' id='word_1_348' title='bbox 181 3038 226 3080; x_wconf 85' lang='lat' dir='ltr'>in</span> <span class='ocrx_word' id='word_1_349' title='bbox 253 3038 417 3095; x_wconf 88' lang='lat' dir='ltr'>Periplo</span> <span class='ocrx_word' id='word_1_350' title='bbox 453 3045 596 3079; x_wconf 87' lang='lat' dir='ltr'>nostro</span> <span class='ocrx_word' id='word_1_351' title='bbox 627 3038 785 3078; x_wconf 87' lang='lat' dir='ltr'>mentio</span> <span class='ocrx_word' id='word_1_352' title='bbox 812 3038 850 3093; x_wconf 92' lang='lat'>);</span> <span class='ocrx_word' id='word_1_353' title='bbox 884 3036 989 3078; x_wconf 79' lang='lat' dir='ltr'>infra</span> <span class='ocrx_word' id='word_1_354' title='bbox 1011 3052 1081 3078; x_wconf 82' lang='lat' dir='ltr'>eos</span> <span class='ocrx_word' id='word_1_355' title='bbox 1106 3038 1191 3077; x_wconf 75' lang='lat' dir='ltr'>sive</span> <span class='ocrx_word' id='word_1_356' title='bbox 1211 3037 1424 3079; x_wconf 80' lang='lat' dir='ltr'>meridiem</span> 
     </span>
     <span class='ocr_line' id='line_1_44' title="bbox 183 3098 1422 3155; baseline -0.001 -15"><span class='ocrx_word' id='word_1_357' title='bbox 183 3114 347 3151; x_wconf 76' lang='lat' dir='ltr'>versus,</span> <span class='ocrx_word' id='word_1_358' title='bbox 364 3100 568 3143; x_wconf 78' lang='lat' dir='ltr'>Heniochi</span> <span class='ocrx_word' id='word_1_359' title='bbox 585 3108 626 3141; x_wconf 89' lang='lat' dir='ltr'>et</span> <span class='ocrx_word' id='word_1_360' title='bbox 648 3101 797 3143; x_wconf 80' lang='lat' dir='ltr'>Coraxi</span> <span class='ocrx_word' id='word_1_361' title='bbox 818 3100 830 3155; x_wconf 90' lang='lat'>(</span> <span class='ocrx_word' id='word_1_362' title='bbox 848 3098 900 3140; x_wconf 91' lang='lat' dir='ltr'>de</span> <span class='ocrx_word' id='word_1_363' title='bbox 918 3099 1070 3155; x_wconf 87' lang='lat' dir='ltr'>quihus</span> <span class='ocrx_word' id='word_1_364' title='bbox 1088 3114 1125 3140; x_wconf 87' lang='lat' dir='ltr'>v.</span> <span class='ocrx_word' id='word_1_365' title='bbox 1152 3102 1175 3153; x_wconf 80' lang='lat' dir='ltr'>S</span> <span class='ocrx_word' id='word_1_366' title='bbox 1193 3100 1243 3154; x_wconf 87' lang='grc'>75</span> <span class='ocrx_word' id='word_1_367' title='bbox 1265 3108 1305 3140; x_wconf 88' lang='lat' dir='ltr'>et</span> <span class='ocrx_word' id='word_1_368' title='bbox 1325 3104 1377 3154; x_wconf 89' lang='grc'>76</span> <span class='ocrx_word' id='word_1_369' title='bbox 1392 3103 1422 3153; x_wconf 91' lang='grc'>).</span> 
     </span>
     <span class='ocr_line' id='line_1_45' title="bbox 183 3162 1423 3219; baseline -0.002 -15"><span class='ocrx_word' id='word_1_370' title='bbox 183 3162 342 3204; x_wconf 81' lang='lat' dir='ltr'>Eodem</span> <span class='ocrx_word' id='word_1_371' title='bbox 357 3162 486 3205; x_wconf 89' lang='lat' dir='ltr'>modo</span> <span class='ocrx_word' id='word_1_372' title='bbox 500 3163 643 3204; x_wconf 79' lang='lat' dir='ltr'>statuit</span> <span class='ocrx_word' id='word_1_373' title='bbox 666 3162 922 3219; x_wconf 72' lang='lat' dir='ltr'>Palaephatus</span> <span class='ocrx_word' id='word_1_374' title='bbox 941 3163 983 3203; x_wconf 94' lang='lat' dir='ltr'>in</span> <span class='ocrx_word' id='word_1_375' title='bbox 1005 3163 1166 3203; x_wconf 81' lang='lat' dir='ltr'>Troicis</span> <span class='ocrx_word' id='word_1_376' title='bbox 1188 3176 1255 3218; x_wconf 87' lang='lat' dir='ltr'>ap.</span> <span class='ocrx_word' id='word_1_377' title='bbox 1282 3162 1423 3218; x_wconf 88' lang='lat' dir='ltr'>Stcph.</span> 
     </span>
     <span class='ocr_line' id='line_1_46' title="bbox 184 3224 1428 3282; baseline -0.002 -15"><span class='ocrx_word' id='word_1_378' title='bbox 184 3227 280 3282; x_wconf 70' lang='lat' dir='ltr'>Byr..</span> <span class='ocrx_word' id='word_1_379' title='bbox 320 3240 360 3267; x_wconf 82' lang='lat' dir='ltr'>v,</span> <span class='ocrx_word' id='word_1_380' title='bbox 392 3225 623 3282; x_wconf 69' lang='grc' dir='ltr'>Χαριμᾶται.</span> <span class='ocrx_word' id='word_1_381' title='bbox 664 3227 770 3267; x_wconf 90' lang='lat' dir='ltr'>Cum</span> <span class='ocrx_word' id='word_1_382' title='bbox 794 3225 857 3267; x_wconf 90' lang='lat' dir='ltr'>his</span> <span class='ocrx_word' id='word_1_383' title='bbox 881 3224 1158 3280; x_wconf 88' lang='lat' dir='ltr'>comparanda</span> <span class='ocrx_word' id='word_1_384' title='bbox 1179 3226 1303 3266; x_wconf 75' lang='lat' dir='ltr'>series</span> <span class='ocrx_word' id='word_1_385' title='bbox 1332 3240 1428 3278; x_wconf 72' lang='lat' dir='ltr'>gen-</span> 
     </span>
     <span class='ocr_line' id='line_1_47' title="bbox 184 3287 1424 3345; baseline -0.002 -14"><span class='ocrx_word' id='word_1_386' title='bbox 184 3290 288 3331; x_wconf 85' lang='lat' dir='ltr'>tium</span> <span class='ocrx_word' id='word_1_387' title='bbox 308 3303 433 3345; x_wconf 90' lang='lat' dir='ltr'>quam</span> <span class='ocrx_word' id='word_1_388' title='bbox 453 3304 504 3331; x_wconf 84' lang='lat' dir='ltr'>ex</span> <span class='ocrx_word' id='word_1_389' title='bbox 535 3289 820 3345; x_wconf 76' lang='grc' dir='ltr'>Μιθριδατικῶν</span> <span class='ocrx_word' id='word_1_390' title='bbox 854 3287 1124 3344; x_wconf 83' lang='lat' dir='ltr'>scriptoribus</span> <span class='ocrx_word' id='word_1_391' title='bbox 1153 3287 1302 3329; x_wconf 87' lang='lat' dir='ltr'>Strabo</span> <span class='ocrx_word' id='word_1_392' title='bbox 1327 3289 1424 3339; x_wconf 83' lang='lat' dir='ltr'>xn,</span> 
     </span>
     <span class='ocr_line' id='line_1_48' title="bbox 185 3351 1427 3408; baseline -0.002 -15"><span class='ocrx_word' id='word_1_393' title='bbox 185 3366 228 3407; x_wconf 90' lang='lat' dir='ltr'>p.</span> <span class='ocrx_word' id='word_1_394' title='bbox 255 3355 336 3407; x_wconf 87' lang='lat'>497</span> <span class='ocrx_word' id='word_1_395' title='bbox 359 3352 531 3408; x_wconf 92' lang='lat' dir='ltr'>apponit</span> <span class='ocrx_word' id='word_1_396' title='bbox 549 3351 658 3393; x_wconf 90' lang='lat' dir='ltr'>hanc</span> <span class='ocrx_word' id='word_1_397' title='bbox 690 3365 700 3393; x_wconf 90' lang='lat'>:</span> <span class='ocrx_word' id='word_1_398' title='bbox 735 3351 1000 3402; x_wconf 80' lang='lat' dir='ltr'>Achaeorum,</span> <span class='ocrx_word' id='word_1_399' title='bbox 1020 3352 1243 3407; x_wconf 79' lang='lat' dir='ltr'>Zygorum,</span> <span class='ocrx_word' id='word_1_400' title='bbox 1271 3351 1427 3393; x_wconf 85' lang='lat' dir='ltr'>Henio-</span> 
     </span>
     <span class='ocr_line' id='line_1_49' title="bbox 186 3413 1424 3470; baseline -0.001 -15"><span class='ocrx_word' id='word_1_401' title='bbox 186 3413 359 3455; x_wconf 89' lang='lat' dir='ltr'>chorum</span> <span class='ocrx_word' id='word_1_402' title='bbox 372 3446 383 3465; x_wconf 93' lang='lat'>,</span> <span class='ocrx_word' id='word_1_403' title='bbox 404 3416 684 3466; x_wconf 85' lang='lat' dir='ltr'>Cercetarum,</span> <span class='ocrx_word' id='word_1_404' title='bbox 700 3414 986 3456; x_wconf 84' lang='lat' dir='ltr'>Moschorum.</span> <span class='ocrx_word' id='word_1_405' title='bbox 1006 3413 1129 3470; x_wconf 83' lang='lat' dir='ltr'>Apud</span> <span class='ocrx_word' id='word_1_406' title='bbox 1146 3413 1397 3470; x_wconf 75' lang='lat' dir='ltr'>Hesychium</span> <span class='ocrx_word' id='word_1_407' title='bbox 1415 3427 1424 3454; x_wconf 81' lang='lat' dir='ltr'>z</span> 
     </span>
     <span class='ocr_line' id='line_1_50' title="bbox 188 3475 1429 3533; baseline -0.001 -16"><span class='ocrx_word' id='word_1_408' title='bbox 188 3476 392 3531; x_wconf 74' lang='grc' dir='ltr'>Κερκέται,</span> <span class='ocrx_word' id='word_1_409' title='bbox 417 3477 524 3526; x_wconf 84' lang='grc' dir='ltr'><strong>ἔθνος</strong></span> <span class='ocrx_word' id='word_1_410' title='bbox 553 3477 745 3519; x_wconf 77' lang='grc' dir='ltr'>Σινδικόν.</span> <span class='ocrx_word' id='word_1_411' title='bbox 772 3477 837 3520; x_wconf 75' lang='lat' dir='ltr'>Cf.</span> <span class='ocrx_word' id='word_1_412' title='bbox 866 3476 1015 3520; x_wconf 90' lang='lat' dir='ltr'>Strabo</span> <span class='ocrx_word' id='word_1_413' title='bbox 1046 3477 1145 3528; x_wconf 85' lang='lat' dir='ltr'>XII,</span> <span class='ocrx_word' id='word_1_414' title='bbox 1166 3490 1209 3533; x_wconf 88' lang='lat' dir='ltr'>p.</span> <span class='ocrx_word' id='word_1_415' title='bbox 1245 3477 1324 3526; x_wconf 84' lang='lat'>548</span> <span class='ocrx_word' id='word_1_416' title='bbox 1348 3489 1357 3517; x_wconf 91' lang='lat'><strong>:</strong></span> <span class='ocrx_word' id='word_1_417' title='bbox 1391 3475 1429 3516; x_wconf 82' lang='grc' dir='ltr'>οἱ</span> 
     </span>
     <span class='ocr_line' id='line_1_51' title="bbox 193 3536 1429 3596; baseline 0 -17"><span class='ocrx_word' id='word_1_418' title='bbox 193 3536 426 3580; x_wconf 65' lang='lat' dir='ltr'>’Ama-tm..</span> <span class='ocrx_word' id='word_1_419' title='bbox 450 3540 487 3580; x_wconf 75' lang='lat' dir='ltr'>oi</span> <span class='ocrx_word' id='word_1_420' title='bbox 503 3542 686 3596; x_wconf 76' lang='grc' dir='ltr'>πρότερον</span> <span class='ocrx_word' id='word_1_421' title='bbox 706 3541 900 3596; x_wconf 76' lang='grc' dir='ltr'>Κερκῖται,</span> <span class='ocrx_word' id='word_1_422' title='bbox 919 3539 1070 3596; x_wconf 90' lang='lat' dir='ltr'>quibus</span> <span class='ocrx_word' id='word_1_423' title='bbox 1085 3553 1322 3596; x_wconf 84' lang='lat' dir='ltr'>quanquam</span> <span class='ocrx_word' id='word_1_424' title='bbox 1341 3538 1429 3580; x_wconf 79' lang='lat' dir='ltr'>alia:</span> 
     </span>
     <span class='ocr_line' id='line_1_52' title="bbox 187 3598 1425 3655; baseline 0.001 -14"><span class='ocrx_word' id='word_1_425' title='bbox 187 3598 305 3642; x_wconf 61' lang='lat' dir='ltr'>seda</span> <span class='ocrx_word' id='word_1_426' title='bbox 321 3603 595 3655; x_wconf 81' lang='lat' dir='ltr'>assignantur,</span> <span class='ocrx_word' id='word_1_427' title='bbox 621 3605 687 3644; x_wconf 80' lang='lat' dir='ltr'>vix</span> <span class='ocrx_word' id='word_1_428' title='bbox 717 3612 853 3645; x_wconf 86' lang='lat' dir='ltr'>tamen</span> <span class='ocrx_word' id='word_1_429' title='bbox 877 3618 900 3645; x_wconf 92' lang='lat' dir='ltr'>a</span> <span class='ocrx_word' id='word_1_430' title='bbox 930 3604 1110 3645; x_wconf 82' lang='lat' dir='ltr'>Cercetis</span> <span class='ocrx_word' id='word_1_431' title='bbox 1139 3602 1291 3644; x_wconf 82' lang='lat' dir='ltr'>diversi</span> <span class='ocrx_word' id='word_1_432' title='bbox 1314 3609 1425 3643; x_wconf 90' lang='lat' dir='ltr'>sunt.</span> 
     </span>
     <span class='ocr_line' id='line_1_53' title="bbox 188 3662 1428 3718; baseline 0 -13"><span class='ocrx_word' id='word_1_433' title='bbox 188 3662 379 3718; x_wconf 85' lang='lat' dir='ltr'>Denique</span> <span class='ocrx_word' id='word_1_434' title='bbox 410 3665 564 3705; x_wconf 80' lang='lat' dir='ltr'>mentio</span> <span class='ocrx_word' id='word_1_435' title='bbox 589 3667 851 3707; x_wconf 80' lang='lat' dir='ltr'>Cercetarum</span> <span class='ocrx_word' id='word_1_436' title='bbox 886 3667 1069 3707; x_wconf 89' lang='lat' dir='ltr'>occurrit</span> <span class='ocrx_word' id='word_1_437' title='bbox 1094 3667 1136 3707; x_wconf 92' lang='lat' dir='ltr'>in</span> <span class='ocrx_word' id='word_1_438' title='bbox 1164 3665 1321 3707; x_wconf 87' lang='lat' dir='ltr'>Nicolai</span> <span class='ocrx_word' id='word_1_439' title='bbox 1345 3665 1428 3706; x_wconf 91' lang='lat' dir='ltr'>Da·</span> 
     </span>
     <span class='ocr_line' id='line_1_54' title="bbox 188 3724 1329 3784; baseline 0.003 -19"><span class='ocrx_word' id='word_1_440' title='bbox 188 3725 369 3766; x_wconf 85' lang='lat' dir='ltr'>masceni</span> <span class='ocrx_word' id='word_1_441' title='bbox 388 3724 439 3766; x_wconf 81' lang='lat' dir='ltr'>fr.</span> <span class='ocrx_word' id='word_1_442' title='bbox 467 3727 542 3766; x_wconf 87' lang='grc'>125</span> <span class='ocrx_word' id='word_1_443' title='bbox 564 3728 579 3779; x_wconf 95' lang='grc'>(</span> <span class='ocrx_word' id='word_1_444' title='bbox 601 3734 685 3767; x_wconf 90' lang='lat' dir='ltr'>tom</span> <span class='ocrx_word' id='word_1_445' title='bbox 728 3730 803 3777; x_wconf 86' lang='grc' dir='ltr'><strong>ΙΙΙ,</strong></span> <span class='ocrx_word' id='word_1_446' title='bbox 829 3743 870 3783; x_wconf 89' lang='lat' dir='ltr'>p.</span> <span class='ocrx_word' id='word_1_447' title='bbox 891 3731 1016 3781; x_wconf 86' lang='lat'>461).</span> <span class='ocrx_word' id='word_1_448' title='bbox 1039 3728 1103 3770; x_wconf 77' lang='lat' dir='ltr'>Cf.</span> <span class='ocrx_word' id='word_1_449' title='bbox 1129 3737 1216 3769; x_wconf 86' lang='lat' dir='ltr'>not.</span> <span class='ocrx_word' id='word_1_450' title='bbox 1242 3742 1329 3784; x_wconf 86' lang='lat' dir='ltr'>seq.</span> 
     </span>
    </p>

    <p class='ocr_par' dir='ltr' id='par_1_8' title="bbox 189 3788 1431 4096">
     <span class='ocr_line' id='line_1_55' title="bbox 246 3788 1431 3845; baseline 0.003 -17"><span class='ocrx_word' id='word_1_451' title='bbox 246 3789 355 3842; x_wconf 71' lang='lat'>574.</span> <span class='ocrx_word' id='word_1_452' title='bbox 375 3788 505 3829; x_wconf 88' lang='lat' dir='ltr'>Uncis</span> <span class='ocrx_word' id='word_1_453' title='bbox 529 3788 683 3829; x_wconf 85' lang='lat' dir='ltr'>inclusa</span> <span class='ocrx_word' id='word_1_454' title='bbox 703 3788 851 3830; x_wconf 79' lang='lat' dir='ltr'>desunt</span> <span class='ocrx_word' id='word_1_455' title='bbox 871 3791 913 3830; x_wconf 90' lang='lat' dir='ltr'>in</span> <span class='ocrx_word' id='word_1_456' title='bbox 931 3789 1074 3831; x_wconf 92' lang='lat' dir='ltr'>codice</span> <span class='ocrx_word' id='word_1_457' title='bbox 1098 3792 1311 3841; x_wconf 74' lang='lat' dir='ltr'>Parisino;</span> <span class='ocrx_word' id='word_1_458' title='bbox 1334 3803 1431 3845; x_wconf 88' lang='lat' dir='ltr'>sup-</span> 
     </span>
     <span class='ocr_line' id='line_1_56' title="bbox 189 3850 1430 3909; baseline 0.002 -17"><span class='ocrx_word' id='word_1_459' title='bbox 189 3850 318 3907; x_wconf 80' lang='lat' dir='ltr'>plevit</span> <span class='ocrx_word' id='word_1_460' title='bbox 351 3850 486 3892; x_wconf 77' lang='lat' dir='ltr'>scriba</span> <span class='ocrx_word' id='word_1_461' title='bbox 519 3850 673 3892; x_wconf 88' lang='lat' dir='ltr'>codicis</span> <span class='ocrx_word' id='word_1_462' title='bbox 702 3851 895 3902; x_wconf 84' lang='lat' dir='ltr'>Palatini,</span> <span class='ocrx_word' id='word_1_463' title='bbox 929 3851 1000 3892; x_wconf 84' lang='lat' dir='ltr'>sed</span> <span class='ocrx_word' id='word_1_464' title='bbox 1046 3853 1187 3908; x_wconf 88' lang='lat' dir='ltr'>inepto</span> <span class='ocrx_word' id='word_1_465' title='bbox 1214 3853 1306 3894; x_wconf 84' lang='lat' dir='ltr'>loco</span> <span class='ocrx_word' id='word_1_466' title='bbox 1336 3861 1430 3909; x_wconf 87' lang='lat' dir='ltr'>post</span> 
     </span>
     <span class='ocr_line' id='line_1_57' title="bbox 192 3910 1429 3972; baseline 0.004 -20"><span class='ocrx_word' id='word_1_467' title='bbox 192 3911 318 3954; x_wconf 76' lang='lat' dir='ltr'>verba</span> <span class='ocrx_word' id='word_1_468' title='bbox 345 3910 457 3961; x_wconf 78' lang='grc' dir='ltr'>πόλις</span> <span class='ocrx_word' id='word_1_469' title='bbox 480 3911 664 3966; x_wconf 73' lang='grc' dir='ltr'><strong>Ἑλληνὶς</strong></span> <span class='ocrx_word' id='word_1_470' title='bbox 691 3913 850 3968; x_wconf 45' lang='lat' dir='ltr'>Topos&lt;</span> <span class='ocrx_word' id='word_1_471' title='bbox 878 3914 943 3954; x_wconf 74' lang='grc' dir='ltr'>καὶ</span> <span class='ocrx_word' id='word_1_472' title='bbox 962 3912 1100 3968; x_wconf 72' lang='grc' dir='ltr'>λιμήν,</span> <span class='ocrx_word' id='word_1_473' title='bbox 1136 3929 1226 3970; x_wconf 83' lang='lat' dir='ltr'>quae</span> <span class='ocrx_word' id='word_1_474' title='bbox 1249 3914 1300 3956; x_wconf 90' lang='lat' dir='ltr'>ad</span> <span class='ocrx_word' id='word_1_475' title='bbox 1320 3916 1429 3972; x_wconf 79' lang='lat' dir='ltr'>ipsos</span> 
     </span>
     <span class='ocr_line' id='line_1_58' title="bbox 191 3974 1430 4033; baseline 0.002 -17"><span class='ocrx_word' id='word_1_476' title='bbox 191 3975 363 4016; x_wconf 86' lang='lat' dir='ltr'>Toretas</span> <span class='ocrx_word' id='word_1_477' title='bbox 382 3976 613 4031; x_wconf 87' lang='lat' dir='ltr'>pertinent,</span> <span class='ocrx_word' id='word_1_478' title='bbox 654 3976 841 4017; x_wconf 84' lang='lat' dir='ltr'>inseruit.</span> <span class='ocrx_word' id='word_1_479' title='bbox 874 3974 989 4017; x_wconf 89' lang='lat' dir='ltr'>Idem</span> <span class='ocrx_word' id='word_1_480' title='bbox 1013 3976 1146 4018; x_wconf 87' lang='lat' dir='ltr'>scriba</span> <span class='ocrx_word' id='word_1_481' title='bbox 1175 3978 1311 4033; x_wconf 88' lang='lat' dir='ltr'>paullo</span> <span class='ocrx_word' id='word_1_482' title='bbox 1336 3986 1430 4033; x_wconf 90' lang='lat' dir='ltr'>post</span> 
     </span>
     <span class='ocr_line' id='line_1_59' title="bbox 194 4035 1430 4096; baseline 0.003 -18"><span class='ocrx_word' id='word_1_483' title='bbox 194 4035 246 4078; x_wconf 91' lang='lat' dir='ltr'>de</span> <span class='ocrx_word' id='word_1_484' title='bbox 260 4050 338 4079; x_wconf 80' lang='lat' dir='ltr'>suo</span> <span class='ocrx_word' id='word_1_485' title='bbox 355 4036 517 4080; x_wconf 87' lang='lat' dir='ltr'>addidit</span> <span class='ocrx_word' id='word_1_486' title='bbox 531 4039 789 4081; x_wconf 79' lang='lat' dir='ltr'>Coraxorum</span> <span class='ocrx_word' id='word_1_487' title='bbox 808 4039 1077 4091; x_wconf 88' lang='lat' dir='ltr'>mentionem,</span> <span class='ocrx_word' id='word_1_488' title='bbox 1095 4053 1217 4096; x_wconf 91' lang='lat' dir='ltr'>quam</span> <span class='ocrx_word' id='word_1_489' title='bbox 1231 4038 1430 4083; x_wconf 80' lang='lat' dir='ltr'>excidisse</span> 
     </span>
    </p>
   </div>
   <div class='ocr_carea' id='block_1_5' title="bbox 1040 203 1829 268">
    <p class='ocr_par' dir='ltr' id='par_1_9' title="bbox 1040 203 1829 268">
     <span class='ocr_line' id='line_1_60' title="bbox 1040 203 1829 268; baseline -0.003 0"><span class='ocrx_word' id='word_1_490' title='bbox 1040 219 1335 268; x_wconf 67' lang='lat' dir='ltr'>scrmcis</span> <span class='ocrx_word' id='word_1_491' title='bbox 1366 203 1829 267; x_wconf 62' lang='lat' dir='ltr'>calumnensis</span> 
     </span>
    </p>
   </div>
   <div class='ocr_carea' id='block_1_6' title="bbox 2617 0 2782 291">
    <p class='ocr_par' dir='ltr' id='par_1_10' title="bbox 2617 0 2782 291">
     <span class='ocr_line' id='line_1_61' title="bbox 2617 0 2782 291; baseline -0.012 -10"><span class='ocrx_word' id='word_1_492' title='bbox 2617 0 2782 291; x_wconf 97' lang='grc'>1</span> 
     </span>
    </p>
   </div>
   <div class='ocr_carea' id='block_1_7' title="bbox 1525 291 2782 387">
    <p class='ocr_par' dir='ltr' id='par_1_11' title="bbox 1525 291 2782 387">
     <span class='ocr_line' id='line_1_62' title="bbox 1525 291 2782 387; baseline -0.001 -17"><span class='ocrx_word' id='word_1_493' title='bbox 1525 327 1596 382; x_wconf 85' lang='grc'>73.</span> <span class='ocrx_word' id='word_1_494' title='bbox 1616 328 1838 370; x_wconf 49' lang='lat' dir='ltr'>Canen&amp;</span> <span class='ocrx_word' id='word_1_495' title='bbox 1863 329 1959 370; x_wconf 84' lang='lat' dir='ltr'>Post</span> <span class='ocrx_word' id='word_1_496' title='bbox 1976 325 2191 370; x_wconf 87' lang='lat' dir='ltr'>Sindicum</span> <span class='ocrx_word' id='word_1_497' title='bbox 2211 334 2378 383; x_wconf 88' lang='lat' dir='ltr'>portum</span> <span class='ocrx_word' id='word_1_498' title='bbox 2396 326 2593 381; x_wconf 83' lang='lat' dir='ltr'>sequitur·</span> <span class='ocrx_word' id='word_1_499' title='bbox 2608 328 2714 387; x_wconf 49' lang='lat' dir='ltr'>Qu,</span> <span class='ocrx_word' id='word_1_500' title='bbox 2762 291 2782 382; x_wconf 58' lang='lat' dir='ltr'>pi</span> 
     </span>
    </p>
   </div>
   <div class='ocr_carea' id='block_1_8' title="bbox 1530 451 2759 532">
    <p class='ocr_par' dir='ltr' id='par_1_12' title="bbox 1530 434 2759 532">
     <span class='ocr_line' id='line_1_63' title="bbox 1530 451 2759 532; baseline -0.002 -25"><span class='ocrx_word' id='word_1_501' title='bbox 1530 467 1602 520; x_wconf 86' lang='lat'>74.</span> <span class='ocrx_word' id='word_1_502' title='bbox 1633 464 1863 520; x_wconf 62' lang='lat' dir='ltr'>[Teme.</span> <span class='ocrx_word' id='word_1_503' title='bbox 1898 466 1995 507; x_wconf 79' lang='lat' dir='ltr'>Post</span> <span class='ocrx_word' id='word_1_504' title='bbox 2017 466 2207 507; x_wconf 74' lang='lat' dir='ltr'>Cercetas</span> <span class='ocrx_word' id='word_1_505' title='bbox 2240 465 2489 506; x_wconf 86' lang='lat' dir='ltr'>Toretarum</span> <span class='ocrx_word' id='word_1_506' title='bbox 2522 464 2648 521; x_wconf 86' lang='lat' dir='ltr'>gens]</span> <span class='ocrx_word' id='word_1_507' title='bbox 2667 451 2759 532; x_wconf 60' lang='lat' dir='ltr'>eug}</span> 
     </span>
    </p>
   </div>
   <div class='ocr_carea' id='block_1_9' title="bbox 2716 497 2782 820">
    <p class='ocr_par' dir='ltr' id='par_1_13' title="bbox 2716 497 2782 820">
     <span class='ocr_line' id='line_1_64' title="bbox 2716 497 2782 820; baseline 0 -233"><span class='ocrx_word' id='word_1_508' title='bbox 2716 497 2782 820; x_wconf 95' lang='lat' dir='ltr'>     </span> 
     </span>
    </p>
   </div>
   <div class='ocr_carea' id='block_1_10' title="bbox 1472 533 2763 742">
    <p class='ocr_par' dir='ltr' id='par_1_14' title="bbox 1472 533 2763 742">
     <span class='ocr_line' id='line_1_65' title="bbox 1472 533 2206 591; baseline 0 -15"><span class='ocrx_word' id='word_1_509' title='bbox 1472 533 1576 576; x_wconf 84' lang='lat' dir='ltr'>urbs</span> <span class='ocrx_word' id='word_1_510' title='bbox 1588 535 1733 578; x_wconf 68' lang='lat' dir='ltr'>Gree-</span> <span class='ocrx_word' id='word_1_511' title='bbox 1748 535 1927 578; x_wconf 88' lang='lat' dir='ltr'>Torieus</span> <span class='ocrx_word' id='word_1_512' title='bbox 1950 548 2047 576; x_wconf 85' lang='lat' dir='ltr'>cum</span> <span class='ocrx_word' id='word_1_513' title='bbox 2066 542 2206 591; x_wconf 86' lang='lat' dir='ltr'>portu.</span> 
     </span>
     <span class='ocr_line' id='line_1_66' title="bbox 1533 604 2754 667; baseline 0.001 -21"><span class='ocrx_word' id='word_1_514' title='bbox 1533 604 1604 659; x_wconf 84' lang='lat'>75.</span> <span class='ocrx_word' id='word_1_515' title='bbox 1638 607 1801 647; x_wconf 67' lang='lat' dir='ltr'>Acuti.</span> <span class='ocrx_word' id='word_1_516' title='bbox 1826 606 1925 647; x_wconf 84' lang='lat' dir='ltr'>Post</span> <span class='ocrx_word' id='word_1_517' title='bbox 1943 606 2117 648; x_wconf 86' lang='lat' dir='ltr'>Toretas</span> <span class='ocrx_word' id='word_1_518' title='bbox 2135 619 2234 661; x_wconf 87' lang='lat' dir='ltr'>gens</span> <span class='ocrx_word' id='word_1_519' title='bbox 2250 613 2313 647; x_wconf 87' lang='lat' dir='ltr'>est</span> <span class='ocrx_word' id='word_1_520' title='bbox 2334 605 2597 648; x_wconf 75' lang='lat' dir='ltr'>Achoeorum.</span> <span class='ocrx_word' id='word_1_521' title='bbox 2735 626 2754 667; x_wconf 57' lang='lat'>¹5</span> 
     </span>
     <span class='ocr_line' id='line_1_67' title="bbox 1533 675 2763 742; baseline 0.003 -26"><span class='ocrx_word' id='word_1_522' title='bbox 1533 678 1603 729; x_wconf 87' lang='lat'>76.</span> <span class='ocrx_word' id='word_1_523' title='bbox 1621 675 1856 717; x_wconf 70' lang='lat' dir='ltr'>Ennrocar.</span> <span class='ocrx_word' id='word_1_524' title='bbox 1882 677 1981 718; x_wconf 84' lang='lat' dir='ltr'>Post</span> <span class='ocrx_word' id='word_1_525' title='bbox 2003 676 2175 719; x_wconf 71' lang='lat' dir='ltr'>Achaeos</span> <span class='ocrx_word' id='word_1_526' title='bbox 2197 689 2295 731; x_wconf 78' lang='lat' dir='ltr'>gens</span> <span class='ocrx_word' id='word_1_527' title='bbox 2309 677 2714 720; x_wconf 76' lang='lat' dir='ltr'>cstHeniochorum.</span> <span class='ocrx_word' id='word_1_528' title='bbox 2750 697 2763 742; x_wconf 16' lang='grc' dir='ltr'>τ’</span> 
     </span>
    </p>
   </div>
   <div class='ocr_carea' id='block_1_11' title="bbox 1474 848 2782 4095">
    <p class='ocr_par' dir='ltr' id='par_1_15' title="bbox 1474 848 2782 1646">
     <span class='ocr_line' id='line_1_68' title="bbox 1478 848 2782 911; baseline 0.002 -22"><span class='ocrx_word' id='word_1_529' title='bbox 1478 848 1522 889; x_wconf 90' lang='lat' dir='ltr'>in</span> <span class='ocrx_word' id='word_1_530' title='bbox 1544 848 1640 891; x_wconf 86' lang='lat' dir='ltr'>eod.</span> <span class='ocrx_word' id='word_1_531' title='bbox 1668 850 1856 891; x_wconf 84' lang='lat' dir='ltr'>Parisino</span> <span class='ocrx_word' id='word_1_532' title='bbox 1884 858 2023 905; x_wconf 87' lang='lat' dir='ltr'>patere</span> <span class='ocrx_word' id='word_1_533' title='bbox 2044 851 2174 891; x_wconf 85' lang='lat' dir='ltr'>cuivis</span> <span class='ocrx_word' id='word_1_534' title='bbox 2202 849 2391 892; x_wconf 86' lang='lat' dir='ltr'>debebat.</span> <span class='ocrx_word' id='word_1_535' title='bbox 2422 851 2593 892; x_wconf 83' lang='lat' dir='ltr'>Toretas</span> <span class='ocrx_word' id='word_1_536' title='bbox 2620 865 2717 892; x_wconf 88' lang='lat' dir='ltr'>cnm</span> <span class='ocrx_word' id='word_1_537' title='bbox 2768 850 2782 911; x_wconf 42' lang='grc'>’1</span> 
     </span>
     <span class='ocr_line' id='line_1_69' title="bbox 1476 910 2782 968; baseline 0.005 -17"><span class='ocrx_word' id='word_1_538' title='bbox 1476 910 1631 952; x_wconf 83' lang='lat' dir='ltr'>Nostro</span> <span class='ocrx_word' id='word_1_539' title='bbox 1650 910 1810 953; x_wconf 82' lang='lat' dir='ltr'>medios</span> <span class='ocrx_word' id='word_1_540' title='bbox 1825 912 1932 954; x_wconf 87' lang='lat' dir='ltr'>inter</span> <span class='ocrx_word' id='word_1_541' title='bbox 1948 912 2186 965; x_wconf 74' lang='lat' dir='ltr'>Cercetius(</span> <span class='ocrx_word' id='word_1_542' title='bbox 2203 912 2429 968; x_wconf 73' lang='grc' dir='ltr'>Κερκητίους</span> <span class='ocrx_word' id='word_1_543' title='bbox 2447 916 2463 968; x_wconf 92' lang='grc'>)</span> <span class='ocrx_word' id='word_1_544' title='bbox 2482 922 2521 954; x_wconf 87' lang='lat' dir='ltr'>et</span> <span class='ocrx_word' id='word_1_545' title='bbox 2547 913 2717 956; x_wconf 76' lang='lat' dir='ltr'>Achaeos</span> <span class='ocrx_word' id='word_1_546' title='bbox 2771 928 2782 962; x_wconf 52' lang='grc' dir='ltr'>,ξ</span> 
     </span>
     <span class='ocr_line' id='line_1_70' title="bbox 1478 963 2782 1031; baseline 0.003 -18"><span class='ocrx_word' id='word_1_547' title='bbox 1478 973 1596 1028; x_wconf 90' lang='lat' dir='ltr'>ponit</span> <span class='ocrx_word' id='word_1_548' title='bbox 1619 974 1842 1029; x_wconf 84' lang='lat' dir='ltr'>Dionysius</span> <span class='ocrx_word' id='word_1_549' title='bbox 1864 974 1958 1015; x_wconf 88' lang='lat' dir='ltr'>Per.</span> <span class='ocrx_word' id='word_1_550' title='bbox 1980 974 2077 1015; x_wconf 90' lang='grc'>682.</span> <span class='ocrx_word' id='word_1_551' title='bbox 2102 973 2345 1016; x_wconf 74' lang='lat' dir='ltr'>Ptolemaeus</span> <span class='ocrx_word' id='word_1_552' title='bbox 2364 976 2422 1026; x_wconf 83' lang='lat' dir='ltr'>V,</span> <span class='ocrx_word' id='word_1_553' title='bbox 2443 991 2468 1031; x_wconf 85' lang='lat'><strong>9</strong></span> <span class='ocrx_word' id='word_1_554' title='bbox 2504 975 2622 1031; x_wconf 74' lang='grc' dir='ltr'><strong>ἄκραν</strong></span> <span class='ocrx_word' id='word_1_555' title='bbox 2642 976 2717 1018; x_wconf 84' lang='grc' dir='ltr'>Το-</span> <span class='ocrx_word' id='word_1_556' title='bbox 2762 963 2782 995; x_wconf 65' lang='lat'>”¹</span> 
     </span>
     <span class='ocr_line' id='line_1_71' title="bbox 1479 1033 2718 1089; baseline 0.002 -14"><span class='ocrx_word' id='word_1_557' title='bbox 1479 1033 1653 1089; x_wconf 79' lang='grc' dir='ltr'>ρευτικὴν</span> <span class='ocrx_word' id='word_1_558' title='bbox 1673 1036 1782 1077; x_wconf 90' lang='lat' dir='ltr'>inter</span> <span class='ocrx_word' id='word_1_559' title='bbox 1800 1036 1990 1077; x_wconf 83' lang='lat' dir='ltr'>Cercetas</span> <span class='ocrx_word' id='word_1_560' title='bbox 2007 1043 2049 1076; x_wconf 91' lang='lat' dir='ltr'>et</span> <span class='ocrx_word' id='word_1_561' title='bbox 2062 1034 2298 1076; x_wconf 79' lang='lat' dir='ltr'>Heniochus</span> <span class='ocrx_word' id='word_1_562' title='bbox 2316 1046 2530 1079; x_wconf 85' lang='lat' dir='ltr'>memorat.</span> <span class='ocrx_word' id='word_1_563' title='bbox 2562 1038 2718 1080; x_wconf 85' lang='lat' dir='ltr'>Plinius</span> 
     </span>
     <span class='ocr_line' id='line_1_72' title="bbox 1477 1096 2718 1156; baseline 0.003 -18"><span class='ocrx_word' id='word_1_564' title='bbox 1477 1105 1632 1146; x_wconf 88' lang='lat' dir='ltr'>autem,</span> <span class='ocrx_word' id='word_1_565' title='bbox 1652 1098 1731 1148; x_wconf 87' lang='lat' dir='ltr'>VI,</span> <span class='ocrx_word' id='word_1_566' title='bbox 1751 1097 1791 1148; x_wconf 86' lang='lat'>5,</span> <span class='ocrx_word' id='word_1_567' title='bbox 1818 1098 1925 1138; x_wconf 88' lang='lat' dir='ltr'>inter</span> <span class='ocrx_word' id='word_1_568' title='bbox 1942 1096 2091 1138; x_wconf 86' lang='lat' dir='ltr'>Sindos</span> <span class='ocrx_word' id='word_1_569' title='bbox 2110 1105 2151 1138; x_wconf 84' lang='lat' dir='ltr'>et</span> <span class='ocrx_word' id='word_1_570' title='bbox 2171 1097 2361 1139; x_wconf 79' lang='lat' dir='ltr'>Cercetas</span> <span class='ocrx_word' id='word_1_571' title='bbox 2387 1097 2512 1142; x_wconf 85' lang='lat' dir='ltr'>habet</span> <span class='ocrx_word' id='word_1_572' title='bbox 2524 1114 2718 1156; x_wconf 80' lang='lat' dir='ltr'>promon-</span> 
     </span>
     <span class='ocr_line' id='line_1_73' title="bbox 1481 1159 2720 1217; baseline 0.005 -18"><span class='ocrx_word' id='word_1_573' title='bbox 1481 1159 1632 1201; x_wconf 84' lang='lat' dir='ltr'>torium</span> <span class='ocrx_word' id='word_1_574' title='bbox 1654 1163 1818 1209; x_wconf 79' lang='lat' dir='ltr'>Crunoe,</span> <span class='ocrx_word' id='word_1_575' title='bbox 1833 1175 1860 1201; x_wconf 85' lang='lat' dir='ltr'><strong><em>a</em></strong></span> <span class='ocrx_word' id='word_1_576' title='bbox 1877 1174 1957 1216; x_wconf 87' lang='lat' dir='ltr'>quo</span> <span class='ocrx_word' id='word_1_577' title='bbox 1969 1159 2235 1217; x_wconf 77' lang='lat' dir='ltr'>supercilium</span> <span class='ocrx_word' id='word_1_578' title='bbox 2253 1159 2429 1202; x_wconf 87' lang='lat' dir='ltr'>arduum</span> <span class='ocrx_word' id='word_1_579' title='bbox 2450 1169 2583 1203; x_wconf 75' lang='lat' dir='ltr'>tenent</span> <span class='ocrx_word' id='word_1_580' title='bbox 2603 1165 2720 1205; x_wconf 84' lang='lat' dir='ltr'>Tore-</span> 
     </span>
     <span class='ocr_line' id='line_1_74' title="bbox 1481 1222 2721 1280; baseline 0.004 -18"><span class='ocrx_word' id='word_1_581' title='bbox 1481 1231 1548 1263; x_wconf 80' lang='lat' dir='ltr'>toe.</span> <span class='ocrx_word' id='word_1_582' title='bbox 1570 1222 1692 1279; x_wconf 92' lang='lat' dir='ltr'>Apud</span> <span class='ocrx_word' id='word_1_583' title='bbox 1706 1222 1899 1264; x_wconf 86' lang='lat' dir='ltr'>Strabon.</span> <span class='ocrx_word' id='word_1_584' title='bbox 1920 1223 1998 1274; x_wconf 79' lang='lat' dir='ltr'>xl,</span> <span class='ocrx_word' id='word_1_585' title='bbox 2014 1237 2058 1279; x_wconf 89' lang='lat' dir='ltr'>p.</span> <span class='ocrx_word' id='word_1_586' title='bbox 2081 1222 2161 1277; x_wconf 86' lang='lat'>495</span> <span class='ocrx_word' id='word_1_587' title='bbox 2177 1224 2362 1265; x_wconf 84' lang='lat' dir='ltr'>Toreatae</span> <span class='ocrx_word' id='word_1_588' title='bbox 2381 1224 2472 1277; x_wconf 91' lang='lat' dir='ltr'>(sic</span> <span class='ocrx_word' id='word_1_589' title='bbox 2486 1237 2556 1265; x_wconf 85' lang='lat' dir='ltr'>eos</span> <span class='ocrx_word' id='word_1_590' title='bbox 2576 1229 2721 1280; x_wconf 81' lang='lat' dir='ltr'>vocat)</span> 
     </span>
     <span class='ocr_line' id='line_1_75' title="bbox 1479 1285 2719 1340; baseline 0.002 -14"><span class='ocrx_word' id='word_1_591' title='bbox 1479 1298 1564 1327; x_wconf 84' lang='lat' dir='ltr'>una</span> <span class='ocrx_word' id='word_1_592' title='bbox 1600 1300 1695 1327; x_wconf 92' lang='lat' dir='ltr'>cum</span> <span class='ocrx_word' id='word_1_593' title='bbox 1727 1285 1866 1327; x_wconf 89' lang='lat' dir='ltr'>Sindis</span> <span class='ocrx_word' id='word_1_594' title='bbox 1899 1286 2008 1327; x_wconf 86' lang='lat' dir='ltr'>inter</span> <span class='ocrx_word' id='word_1_595' title='bbox 2032 1286 2241 1328; x_wconf 87' lang='lat' dir='ltr'>Maeoticas</span> <span class='ocrx_word' id='word_1_596' title='bbox 2267 1294 2407 1340; x_wconf 84' lang='lat' dir='ltr'>gentes</span> <span class='ocrx_word' id='word_1_597' title='bbox 2433 1295 2719 1329; x_wconf 85' lang='lat' dir='ltr'>numerantur.</span> 
     </span>
     <span class='ocr_line' id='line_1_76' title="bbox 1481 1348 2724 1404; baseline 0.002 -16"><span class='ocrx_word' id='word_1_598' title='bbox 1481 1349 1672 1403; x_wconf 88' lang='lat' dir='ltr'>Denique</span> <span class='ocrx_word' id='word_1_599' title='bbox 1694 1348 1802 1390; x_wconf 87' lang='lat' dir='ltr'>Mela</span> <span class='ocrx_word' id='word_1_600' title='bbox 1817 1351 1854 1399; x_wconf 92' lang='lat' dir='ltr'>I,</span> <span class='ocrx_word' id='word_1_601' title='bbox 1889 1362 1938 1403; x_wconf 88' lang='lat'>19</span> <span class='ocrx_word' id='word_1_602' title='bbox 1959 1362 2029 1389; x_wconf 89' lang='lat' dir='ltr'>eos</span> <span class='ocrx_word' id='word_1_603' title='bbox 2051 1356 2248 1399; x_wconf 88' lang='lat' dir='ltr'>recenset,</span> <span class='ocrx_word' id='word_1_604' title='bbox 2267 1348 2516 1404; x_wconf 87' lang='lat' dir='ltr'>populorum</span> <span class='ocrx_word' id='word_1_605' title='bbox 2537 1357 2724 1391; x_wconf 85' lang='lat' dir='ltr'>catenam</span> 
     </span>
     <span class='ocr_line' id='line_1_77' title="bbox 1481 1410 2720 1462; baseline 0.002 -11"><span class='ocrx_word' id='word_1_606' title='bbox 1481 1410 1682 1452; x_wconf 83' lang='lat' dir='ltr'>exhibens</span> <span class='ocrx_word' id='word_1_607' title='bbox 1711 1411 1896 1453; x_wconf 84' lang='lat' dir='ltr'>hancce:</span> <span class='ocrx_word' id='word_1_608' title='bbox 1936 1410 2245 1460; x_wconf 82' lang='lat' dir='ltr'>Melanchloeni,</span> <span class='ocrx_word' id='word_1_609' title='bbox 2288 1414 2463 1461; x_wconf 79' lang='lat' dir='ltr'>Toretae,</span> <span class='ocrx_word' id='word_1_610' title='bbox 2489 1410 2720 1462; x_wconf 81' lang='lat' dir='ltr'>Sedochezi,</span> 
     </span>
     <span class='ocr_line' id='line_1_78' title="bbox 1485 1473 2727 1532; baseline 0.001 -18"><span class='ocrx_word' id='word_1_611' title='bbox 1485 1474 1650 1523; x_wconf 69' lang='grc' dir='ltr'>δοντα-ἰ,</span> <span class='ocrx_word' id='word_1_612' title='bbox 1684 1474 2006 1532; x_wconf 71' lang='lat' dir='ltr'>phthirophagi,</span> <span class='ocrx_word' id='word_1_613' title='bbox 2034 1473 2252 1523; x_wconf 78' lang='lat' dir='ltr'>Heniochi,</span> <span class='ocrx_word' id='word_1_614' title='bbox 2276 1474 2436 1522; x_wconf 85' lang='lat' dir='ltr'>Achoei,</span> <span class='ocrx_word' id='word_1_615' title='bbox 2471 1474 2663 1516; x_wconf 78' lang='lat' dir='ltr'>Cercetici</span> <span class='ocrx_word' id='word_1_616' title='bbox 2682 1484 2727 1516; x_wconf 79' lang='lat' dir='ltr'>e!</span> 
     </span>
     <span class='ocr_line' id='line_1_79' title="bbox 1474 1535 2725 1592; baseline 0.003 -17"><span class='ocrx_word' id='word_1_617' title='bbox 1474 1536 1568 1591; x_wconf 80' lang='lat' dir='ltr'>jam</span> <span class='ocrx_word' id='word_1_618' title='bbox 1591 1536 1633 1577; x_wconf 83' lang='lat' dir='ltr'>in</span> <span class='ocrx_word' id='word_1_619' title='bbox 1656 1536 1829 1591; x_wconf 82' lang='lat' dir='ltr'>confinio</span> <span class='ocrx_word' id='word_1_620' title='bbox 1864 1535 2079 1578; x_wconf 74' lang='lat' dir='ltr'>Maeotidis</span> <span class='ocrx_word' id='word_1_621' title='bbox 2100 1535 2309 1578; x_wconf 80' lang='lat' dir='ltr'>sindones.</span> <span class='ocrx_word' id='word_1_622' title='bbox 2345 1535 2475 1578; x_wconf 85' lang='lat' dir='ltr'>Vides</span> <span class='ocrx_word' id='word_1_623' title='bbox 2502 1545 2654 1592; x_wconf 87' lang='lat' dir='ltr'>quanta</span> <span class='ocrx_word' id='word_1_624' title='bbox 2672 1538 2725 1579; x_wconf 89' lang='lat' dir='ltr'>sit</span> 
     </span>
     <span class='ocr_line' id='line_1_80' title="bbox 1483 1599 2035 1646; baseline 0.002 -8"><span class='ocrx_word' id='word_1_625' title='bbox 1483 1600 1781 1640; x_wconf 89' lang='lat' dir='ltr'>sententiarum</span> <span class='ocrx_word' id='word_1_626' title='bbox 1805 1599 2035 1646; x_wconf 83' lang='lat' dir='ltr'>fluctuatio.</span> 
     </span>
    </p>

    <p class='ocr_par' dir='ltr' id='par_1_16' title="bbox 1485 1661 2733 2282">
     <span class='ocr_line' id='line_1_81' title="bbox 1539 1661 2730 1717; baseline 0.002 -15"><span class='ocrx_word' id='word_1_627' title='bbox 1539 1661 1651 1716; x_wconf 77' lang='lat'>575.</span> <span class='ocrx_word' id='word_1_628' title='bbox 1681 1663 1745 1703; x_wconf 83' lang='lat' dir='ltr'>De</span> <span class='ocrx_word' id='word_1_629' title='bbox 1760 1675 1836 1703; x_wconf 89' lang='lat' dir='ltr'>ora</span> <span class='ocrx_word' id='word_1_630' title='bbox 1855 1661 2103 1704; x_wconf 83' lang='lat' dir='ltr'>Achaeorum</span> <span class='ocrx_word' id='word_1_631' title='bbox 2127 1676 2167 1703; x_wconf 89' lang='lat' dir='ltr'>v.</span> <span class='ocrx_word' id='word_1_632' title='bbox 2194 1670 2282 1704; x_wconf 88' lang='lat' dir='ltr'>not.</span> <span class='ocrx_word' id='word_1_633' title='bbox 2314 1661 2366 1703; x_wconf 87' lang='lat' dir='ltr'>ad</span> <span class='ocrx_word' id='word_1_634' title='bbox 2390 1664 2413 1715; x_wconf 75' lang='lat' dir='ltr'>S</span> <span class='ocrx_word' id='word_1_635' title='bbox 2436 1662 2505 1717; x_wconf 86' lang='grc'>73.</span> <span class='ocrx_word' id='word_1_636' title='bbox 2538 1666 2590 1717; x_wconf 88' lang='grc'>74</span> <span class='ocrx_word' id='word_1_637' title='bbox 2613 1662 2730 1704; x_wconf 87' lang='lat' dir='ltr'>etde</span> 
     </span>
     <span class='ocr_line' id='line_1_82' title="bbox 1485 1724 2722 1780; baseline 0.002 -15"><span class='ocrx_word' id='word_1_638' title='bbox 1485 1724 1644 1777; x_wconf 85' lang='lat' dir='ltr'>origine</span> <span class='ocrx_word' id='word_1_639' title='bbox 1667 1738 1813 1766; x_wconf 89' lang='lat' dir='ltr'>eorum</span> <span class='ocrx_word' id='word_1_640' title='bbox 1834 1724 2103 1780; x_wconf 89' lang='lat' dir='ltr'>moribusque</span> <span class='ocrx_word' id='word_1_641' title='bbox 2126 1740 2165 1766; x_wconf 84' lang='lat' dir='ltr'>v.</span> <span class='ocrx_word' id='word_1_642' title='bbox 2184 1724 2331 1767; x_wconf 82' lang='lat' dir='ltr'>Strabo</span> <span class='ocrx_word' id='word_1_643' title='bbox 2346 1726 2422 1775; x_wconf 85' lang='lat' dir='ltr'>XI,</span> <span class='ocrx_word' id='word_1_644' title='bbox 2440 1739 2483 1780; x_wconf 91' lang='lat' dir='ltr'>p.</span> <span class='ocrx_word' id='word_1_645' title='bbox 2502 1725 2599 1779; x_wconf 89' lang='grc'>495.</span> <span class='ocrx_word' id='word_1_646' title='bbox 2625 1727 2722 1775; x_wconf 90' lang='grc'>416.</span> 
     </span>
     <span class='ocr_line' id='line_1_83' title="bbox 1485 1786 2730 1843; baseline 0.002 -16"><span class='ocrx_word' id='word_1_647' title='bbox 1485 1787 1623 1838; x_wconf 87' lang='lat' dir='ltr'>XVII,</span> <span class='ocrx_word' id='word_1_648' title='bbox 1654 1801 1697 1843; x_wconf 88' lang='lat' dir='ltr'>p.</span> <span class='ocrx_word' id='word_1_649' title='bbox 1724 1788 1829 1842; x_wconf 81' lang='lat'>8393</span> <span class='ocrx_word' id='word_1_650' title='bbox 1863 1787 2052 1829; x_wconf 84' lang='lat' dir='ltr'>Eustath.</span> <span class='ocrx_word' id='word_1_651' title='bbox 2074 1787 2126 1829; x_wconf 91' lang='lat' dir='ltr'>ad</span> <span class='ocrx_word' id='word_1_652' title='bbox 2146 1787 2194 1829; x_wconf 90' lang='grc' dir='ltr'>ΙΙ.</span> <span class='ocrx_word' id='word_1_653' title='bbox 2231 1800 2274 1838; x_wconf 90' lang='grc'>2,</span> <span class='ocrx_word' id='word_1_654' title='bbox 2307 1787 2403 1837; x_wconf 89' lang='grc'>511,</span> <span class='ocrx_word' id='word_1_655' title='bbox 2439 1801 2481 1843; x_wconf 90' lang='lat' dir='ltr'>p.</span> <span class='ocrx_word' id='word_1_656' title='bbox 2507 1800 2588 1842; x_wconf 80' lang='grc'>272</span> <span class='ocrx_word' id='word_1_657' title='bbox 2604 1795 2646 1829; x_wconf 87' lang='lat' dir='ltr'>et</span> <span class='ocrx_word' id='word_1_658' title='bbox 2672 1786 2730 1830; x_wconf 76' lang='lat' dir='ltr'>ad</span> 
     </span>
     <span class='ocr_line' id='line_1_84' title="bbox 1485 1849 2723 1905; baseline 0.001 -14"><span class='ocrx_word' id='word_1_659' title='bbox 1485 1851 1612 1891; x_wconf 92' lang='lat' dir='ltr'>Dion.</span> <span class='ocrx_word' id='word_1_660' title='bbox 1628 1850 1732 1901; x_wconf 85' lang='lat'><strong>685;</strong></span> <span class='ocrx_word' id='word_1_661' title='bbox 1747 1851 1919 1893; x_wconf 84' lang='lat' dir='ltr'>Aristot.</span> <span class='ocrx_word' id='word_1_662' title='bbox 1941 1849 2063 1892; x_wconf 89' lang='lat' dir='ltr'>Polit.</span> <span class='ocrx_word' id='word_1_663' title='bbox 2084 1851 2203 1902; x_wconf 86' lang='lat' dir='ltr'>VIII,</span> <span class='ocrx_word' id='word_1_664' title='bbox 2221 1854 2243 1900; x_wconf 89' lang='grc'>4</span> <span class='ocrx_word' id='word_1_665' title='bbox 2261 1867 2272 1901; x_wconf 88' lang='lat'>;</span> <span class='ocrx_word' id='word_1_666' title='bbox 2296 1851 2469 1905; x_wconf 60' lang='lat' dir='ltr'>Dionys.</span> <span class='ocrx_word' id='word_1_667' title='bbox 2485 1850 2576 1892; x_wconf 83' lang='lat' dir='ltr'>Hal.</span> <span class='ocrx_word' id='word_1_668' title='bbox 2602 1852 2655 1892; x_wconf 87' lang='lat' dir='ltr'>A.</span> <span class='ocrx_word' id='word_1_669' title='bbox 2672 1850 2723 1892; x_wconf 79' lang='lat' dir='ltr'>R.</span> 
     </span>
     <span class='ocr_line' id='line_1_85' title="bbox 1486 1912 2726 1969; baseline 0 -15"><span class='ocrx_word' id='word_1_670' title='bbox 1486 1914 1522 1963; x_wconf 87' lang='grc' dir='ltr'><strong>Ι,</strong></span> <span class='ocrx_word' id='word_1_671' title='bbox 1545 1914 1620 1967; x_wconf 87' lang='grc'>89;</span> <span class='ocrx_word' id='word_1_672' title='bbox 1641 1912 1802 1954; x_wconf 84' lang='lat' dir='ltr'>Sallust.</span> <span class='ocrx_word' id='word_1_673' title='bbox 1828 1926 1895 1969; x_wconf 90' lang='lat' dir='ltr'>ap.</span> <span class='ocrx_word' id='word_1_674' title='bbox 1920 1912 2049 1954; x_wconf 86' lang='lat' dir='ltr'>schol.</span> <span class='ocrx_word' id='word_1_675' title='bbox 2074 1912 2263 1954; x_wconf 83' lang='lat' dir='ltr'>Juvenal.</span> <span class='ocrx_word' id='word_1_676' title='bbox 2285 1914 2382 1963; x_wconf 85' lang='lat' dir='ltr'>XV,</span> <span class='ocrx_word' id='word_1_677' title='bbox 2420 1913 2519 1962; x_wconf 74' lang='lat'>1155</span> <span class='ocrx_word' id='word_1_678' title='bbox 2545 1913 2726 1968; x_wconf 90' lang='lat' dir='ltr'>Appian.</span> 
     </span>
     <span class='ocr_line' id='line_1_86' title="bbox 1486 1973 2729 2028; baseline 0 -12"><span class='ocrx_word' id='word_1_679' title='bbox 1486 1974 1632 2016; x_wconf 90' lang='lat' dir='ltr'>Mithr.</span> <span class='ocrx_word' id='word_1_680' title='bbox 1657 1989 1695 2016; x_wconf 92' lang='lat' dir='ltr'>c.</span> <span class='ocrx_word' id='word_1_681' title='bbox 1722 1988 1825 2026; x_wconf 85' lang='grc'>102;</span> <span class='ocrx_word' id='word_1_682' title='bbox 1855 1973 1981 2017; x_wconf 81' lang='lat' dir='ltr'>Ovid.</span> <span class='ocrx_word' id='word_1_683' title='bbox 2009 1976 2072 2015; x_wconf 85' lang='lat' dir='ltr'>Ex</span> <span class='ocrx_word' id='word_1_684' title='bbox 2105 1977 2226 2016; x_wconf 83' lang='lat' dir='ltr'>I‘ont.</span> <span class='ocrx_word' id='word_1_685' title='bbox 2260 1975 2336 2025; x_wconf 87' lang='lat' dir='ltr'>IV,</span> <span class='ocrx_word' id='word_1_686' title='bbox 2374 1988 2438 2023; x_wconf 82' lang='grc' dir='ltr'>ιο,</span> <span class='ocrx_word' id='word_1_687' title='bbox 2473 1987 2548 2028; x_wconf 92' lang='grc'>27;</span> <span class='ocrx_word' id='word_1_688' title='bbox 2575 1975 2729 2016; x_wconf 83' lang='lat' dir='ltr'>Seneca</span> 
     </span>
     <span class='ocr_line' id='line_1_87' title="bbox 1487 2036 2724 2086; baseline -0.001 -7"><span class='ocrx_word' id='word_1_689' title='bbox 1487 2037 1654 2079; x_wconf 88' lang='lat' dir='ltr'>Consol.</span> <span class='ocrx_word' id='word_1_690' title='bbox 1668 2036 1721 2079; x_wconf 91' lang='lat' dir='ltr'>ad</span> <span class='ocrx_word' id='word_1_691' title='bbox 1735 2037 1853 2079; x_wconf 82' lang='lat' dir='ltr'>Helv.</span> <span class='ocrx_word' id='word_1_692' title='bbox 1872 2052 1910 2079; x_wconf 94' lang='lat' dir='ltr'>c.</span> <span class='ocrx_word' id='word_1_693' title='bbox 1932 2041 1980 2086; x_wconf 90' lang='lat'>6;</span> <span class='ocrx_word' id='word_1_694' title='bbox 2002 2038 2211 2079; x_wconf 87' lang='lat' dir='ltr'>Ammian.</span> <span class='ocrx_word' id='word_1_695' title='bbox 2228 2036 2412 2078; x_wconf 84' lang='lat' dir='ltr'>Marcell.</span> <span class='ocrx_word' id='word_1_696' title='bbox 2430 2037 2570 2086; x_wconf 81' lang='lat' dir='ltr'>xxn,</span> <span class='ocrx_word' id='word_1_697' title='bbox 2594 2038 2635 2086; x_wconf 88' lang='lat'>8,</span> <span class='ocrx_word' id='word_1_698' title='bbox 2653 2038 2724 2079; x_wconf 90' lang='grc'>25.</span> 
     </span>
     <span class='ocr_line' id='line_1_88' title="bbox 1488 2097 2729 2156; baseline 0 -15"><span class='ocrx_word' id='word_1_699' title='bbox 1488 2098 1554 2141; x_wconf 75' lang='lat' dir='ltr'>Cf.</span> <span class='ocrx_word' id='word_1_700' title='bbox 1571 2099 1717 2142; x_wconf 85' lang='lat' dir='ltr'>Ukert.</span> <span class='ocrx_word' id='word_1_701' title='bbox 1739 2101 1817 2150; x_wconf 91' lang='lat'>111,</span> <span class='ocrx_word' id='word_1_702' title='bbox 1839 2112 1881 2150; x_wconf 91' lang='grc'>2,</span> <span class='ocrx_word' id='word_1_703' title='bbox 1909 2113 1951 2156; x_wconf 87' lang='lat' dir='ltr'>p.</span> <span class='ocrx_word' id='word_1_704' title='bbox 1972 2099 2068 2142; x_wconf 85' lang='lat'>500.</span> <span class='ocrx_word' id='word_1_705' title='bbox 2086 2100 2135 2140; x_wconf 92' lang='lat' dir='ltr'>In</span> <span class='ocrx_word' id='word_1_706' title='bbox 2162 2099 2409 2141; x_wconf 71' lang='lat' dir='ltr'>Achaeorum</span> <span class='ocrx_word' id='word_1_707' title='bbox 2429 2097 2589 2140; x_wconf 89' lang='lat' dir='ltr'>ditione</span> <span class='ocrx_word' id='word_1_708' title='bbox 2605 2098 2729 2141; x_wconf 80' lang='lat' dir='ltr'>fuerit</span> 
     </span>
     <span class='ocr_line' id='line_1_89' title="bbox 1488 2161 2733 2218; baseline 0 -15"><span class='ocrx_word' id='word_1_709' title='bbox 1488 2163 1667 2204; x_wconf 72' lang='lat' dir='ltr'>Achoeus</span> <span class='ocrx_word' id='word_1_710' title='bbox 1703 2163 1767 2213; x_wconf 66' lang='lat' dir='ltr'>ss„</span> <span class='ocrx_word' id='word_1_711' title='bbox 1809 2163 1881 2218; x_wconf 93' lang='lat' dir='ltr'>qui</span> <span class='ocrx_word' id='word_1_712' title='bbox 1920 2176 1988 2218; x_wconf 91' lang='lat' dir='ltr'>ap.</span> <span class='ocrx_word' id='word_1_713' title='bbox 2031 2162 2199 2204; x_wconf 90' lang='lat' dir='ltr'>Arrian.</span> <span class='ocrx_word' id='word_1_714' title='bbox 2237 2161 2389 2218; x_wconf 87' lang='lat' dir='ltr'>Peripl.</span> <span class='ocrx_word' id='word_1_715' title='bbox 2431 2162 2455 2215; x_wconf 77' lang='lat' dir='ltr'>S</span> <span class='ocrx_word' id='word_1_716' title='bbox 2490 2173 2542 2218; x_wconf 85' lang='grc'>27</span> <span class='ocrx_word' id='word_1_717' title='bbox 2567 2161 2733 2204; x_wconf 84' lang='lat' dir='ltr'>Zilchos</span> 
     </span>
     <span class='ocr_line' id='line_1_90' title="bbox 1492 2222 2259 2282; baseline -0.003 -15"><span class='ocrx_word' id='word_1_718' title='bbox 1492 2225 1506 2282; x_wconf 93' lang='lat'>(</span> <span class='ocrx_word' id='word_1_719' title='bbox 1526 2226 1555 2267; x_wconf 92' lang='lat' dir='ltr'>i.</span> <span class='ocrx_word' id='word_1_720' title='bbox 1572 2240 1615 2281; x_wconf 90' lang='lat' dir='ltr'>q.</span> <span class='ocrx_word' id='word_1_721' title='bbox 1640 2226 1787 2281; x_wconf 79' lang='lat' dir='ltr'>Zygios</span> <span class='ocrx_word' id='word_1_722' title='bbox 1805 2223 1819 2281; x_wconf 96' lang='lat'>)</span> <span class='ocrx_word' id='word_1_723' title='bbox 1837 2233 1878 2266; x_wconf 93' lang='lat' dir='ltr'>et</span> <span class='ocrx_word' id='word_1_724' title='bbox 1899 2225 2066 2279; x_wconf 83' lang='lat' dir='ltr'>Sanigas</span> <span class='ocrx_word' id='word_1_725' title='bbox 2084 2222 2259 2266; x_wconf 89' lang='lat' dir='ltr'>dirimit.</span> 
     </span>
    </p>

    <p class='ocr_par' dir='ltr' id='par_1_17' title="bbox 1489 2286 2755 4095">
     <span class='ocr_line' id='line_1_91' title="bbox 1545 2286 2731 2344; baseline 0 -13"><span class='ocrx_word' id='word_1_726' title='bbox 1545 2292 1656 2344; x_wconf 76' lang='grc'>576.</span> <span class='ocrx_word' id='word_1_727' title='bbox 1680 2287 2060 2330; x_wconf 88' lang='lat' dir='ltr'>Mithridaticorum</span> <span class='ocrx_word' id='word_1_728' title='bbox 2088 2288 2309 2344; x_wconf 71' lang='lat' dir='ltr'>scriptores</span> <span class='ocrx_word' id='word_1_729' title='bbox 2325 2300 2393 2343; x_wconf 91' lang='lat' dir='ltr'>ap.</span> <span class='ocrx_word' id='word_1_730' title='bbox 2417 2286 2610 2330; x_wconf 84' lang='lat' dir='ltr'>Strabon.</span> <span class='ocrx_word' id='word_1_731' title='bbox 2638 2287 2667 2330; x_wconf 93' lang='lat' dir='ltr'>l.</span> <span class='ocrx_word' id='word_1_732' title='bbox 2699 2287 2731 2331; x_wconf 87' lang='grc'>1.</span> 
     </span>
     <span class='ocr_line' id='line_1_92' title="bbox 1490 2349 2733 2408; baseline -0.001 -15"><span class='ocrx_word' id='word_1_733' title='bbox 1490 2353 1599 2394; x_wconf 89' lang='lat' dir='ltr'>inter</span> <span class='ocrx_word' id='word_1_734' title='bbox 1630 2351 1803 2395; x_wconf 85' lang='lat' dir='ltr'>Achaeos</span> <span class='ocrx_word' id='word_1_735' title='bbox 1828 2359 1869 2392; x_wconf 88' lang='lat' dir='ltr'>et</span> <span class='ocrx_word' id='word_1_736' title='bbox 1890 2349 2125 2393; x_wconf 87' lang='lat' dir='ltr'>Heniochos</span> <span class='ocrx_word' id='word_1_737' title='bbox 2158 2354 2294 2406; x_wconf 60' lang='lat' dir='ltr'>lygos</span> <span class='ocrx_word' id='word_1_738' title='bbox 2315 2349 2541 2403; x_wconf 57' lang='lat' dir='ltr'>collocanu</span> <span class='ocrx_word' id='word_1_739' title='bbox 2571 2352 2733 2408; x_wconf 81' lang='lat' dir='ltr'>Diony·</span> 
     </span>
     <span class='ocr_line' id='line_1_93' title="bbox 1489 2411 2728 2472; baseline 0.001 -16"><span class='ocrx_word' id='word_1_740' title='bbox 1489 2417 1574 2457; x_wconf 88' lang='lat' dir='ltr'>sius</span> <span class='ocrx_word' id='word_1_741' title='bbox 1599 2415 1715 2472; x_wconf 91' lang='grc'>(685)</span> <span class='ocrx_word' id='word_1_742' title='bbox 1739 2428 1907 2470; x_wconf 88' lang='lat' dir='ltr'>quoque</span> <span class='ocrx_word' id='word_1_743' title='bbox 1938 2413 2092 2469; x_wconf 74' lang='lat' dir='ltr'>Zygios</span> <span class='ocrx_word' id='word_1_744' title='bbox 2111 2427 2208 2455; x_wconf 90' lang='lat' dir='ltr'>cum</span> <span class='ocrx_word' id='word_1_745' title='bbox 2240 2412 2467 2455; x_wconf 80' lang='lat' dir='ltr'>Heniochis</span> <span class='ocrx_word' id='word_1_746' title='bbox 2481 2411 2635 2470; x_wconf 71' lang='lat' dir='ltr'>Jungit.</span> <span class='ocrx_word' id='word_1_747' title='bbox 2662 2413 2728 2457; x_wconf 72' lang='lat' dir='ltr'>Cf.</span> 
     </span>
     <span class='ocr_line' id='line_1_94' title="bbox 1490 2474 2737 2533; baseline 0.001 -15"><span class='ocrx_word' id='word_1_748' title='bbox 1490 2477 1630 2533; x_wconf 86' lang='lat' dir='ltr'>Steph.</span> <span class='ocrx_word' id='word_1_749' title='bbox 1646 2478 1742 2532; x_wconf 84' lang='lat' dir='ltr'>Byz.</span> <span class='ocrx_word' id='word_1_750' title='bbox 1761 2491 1795 2517; x_wconf 87' lang='lat' dir='ltr'>s.</span> <span class='ocrx_word' id='word_1_751' title='bbox 1814 2489 1854 2517; x_wconf 82' lang='lat' dir='ltr'>v.</span> <span class='ocrx_word' id='word_1_752' title='bbox 1875 2478 1937 2518; x_wconf 91' lang='lat' dir='ltr'>De</span> <span class='ocrx_word' id='word_1_753' title='bbox 1952 2475 2266 2518; x_wconf 87' lang='lat' dir='ltr'>Heniochorum</span> <span class='ocrx_word' id='word_1_754' title='bbox 2281 2474 2448 2518; x_wconf 86' lang='lat' dir='ltr'>sedibus</span> <span class='ocrx_word' id='word_1_755' title='bbox 2462 2484 2611 2533; x_wconf 71' lang='lat' dir='ltr'>praeter</span> <span class='ocrx_word' id='word_1_756' title='bbox 2623 2477 2737 2519; x_wconf 84' lang='lat' dir='ltr'>Stra·</span> 
     </span>
     <span class='ocr_line' id='line_1_95' title="bbox 1491 2538 2727 2595; baseline 0 -15"><span class='ocrx_word' id='word_1_757' title='bbox 1491 2539 1591 2580; x_wconf 91' lang='lat' dir='ltr'>bon.</span> <span class='ocrx_word' id='word_1_758' title='bbox 1623 2540 1700 2590; x_wconf 78' lang='lat' dir='ltr'>xl,</span> <span class='ocrx_word' id='word_1_759' title='bbox 1730 2553 1774 2595; x_wconf 88' lang='lat' dir='ltr'>p.</span> <span class='ocrx_word' id='word_1_760' title='bbox 1811 2541 1909 2593; x_wconf 86' lang='lat'>492.</span> <span class='ocrx_word' id='word_1_761' title='bbox 1939 2541 2037 2594; x_wconf 88' lang='grc'>496.</span> <span class='ocrx_word' id='word_1_762' title='bbox 2065 2539 2144 2581; x_wconf 93' lang='grc'>506</span> <span class='ocrx_word' id='word_1_763' title='bbox 2176 2547 2217 2580; x_wconf 90' lang='lat' dir='ltr'>et</span> <span class='ocrx_word' id='word_1_764' title='bbox 2248 2538 2399 2580; x_wconf 87' lang='lat' dir='ltr'>Melam</span> <span class='ocrx_word' id='word_1_765' title='bbox 2435 2540 2471 2590; x_wconf 91' lang='lat'>1,</span> <span class='ocrx_word' id='word_1_766' title='bbox 2498 2552 2564 2593; x_wconf 84' lang='lat'>19,</span> <span class='ocrx_word' id='word_1_767' title='bbox 2604 2541 2652 2588; x_wconf 88' lang='grc'>14</span> <span class='ocrx_word' id='word_1_768' title='bbox 2671 2538 2727 2580; x_wconf 75' lang='lat' dir='ltr'>cf.</span> 
     </span>
     <span class='ocr_line' id='line_1_96' title="bbox 1491 2601 2729 2657; baseline 0 -14"><span class='ocrx_word' id='word_1_769' title='bbox 1491 2602 1735 2644; x_wconf 71' lang='lat' dir='ltr'>Ptolemaeus</span> <span class='ocrx_word' id='word_1_770' title='bbox 1777 2602 1833 2652; x_wconf 82' lang='lat' dir='ltr'>V,</span> <span class='ocrx_word' id='word_1_771' title='bbox 1870 2616 1912 2656; x_wconf 90' lang='lat'>9,</span> <span class='ocrx_word' id='word_1_772' title='bbox 1964 2614 2008 2657; x_wconf 91' lang='lat' dir='ltr'>p.</span> <span class='ocrx_word' id='word_1_773' title='bbox 2048 2602 2146 2656; x_wconf 86' lang='lat'>349,</span> <span class='ocrx_word' id='word_1_774' title='bbox 2194 2604 2264 2651; x_wconf 90' lang='grc'>24,</span> <span class='ocrx_word' id='word_1_775' title='bbox 2314 2601 2385 2656; x_wconf 92' lang='lat' dir='ltr'>qui</span> <span class='ocrx_word' id='word_1_776' title='bbox 2422 2601 2729 2657; x_wconf 86' lang='lat' dir='ltr'>septentrionali</span> 
     </span>
     <span class='ocr_line' id='line_1_97' title="bbox 1492 2662 2737 2714; baseline 0 -8"><span class='ocrx_word' id='word_1_777' title='bbox 1492 2665 1612 2707; x_wconf 91' lang='lat' dir='ltr'>Ponti</span> <span class='ocrx_word' id='word_1_778' title='bbox 1636 2678 1719 2712; x_wconf 74' lang='lat' dir='ltr'>orae</span> <span class='ocrx_word' id='word_1_779' title='bbox 1738 2663 1885 2705; x_wconf 90' lang='lat' dir='ltr'>tribuit</span> <span class='ocrx_word' id='word_1_780' title='bbox 1914 2664 2102 2714; x_wconf 83' lang='lat' dir='ltr'>Achaeos,</span> <span class='ocrx_word' id='word_1_781' title='bbox 2127 2664 2331 2713; x_wconf 85' lang='lat' dir='ltr'>Cercetas,</span> <span class='ocrx_word' id='word_1_782' title='bbox 2355 2662 2605 2714; x_wconf 79' lang='lat' dir='ltr'>Heniochus,</span> <span class='ocrx_word' id='word_1_783' title='bbox 2633 2664 2737 2706; x_wconf 76' lang='lat' dir='ltr'>Sua·</span> 
     </span>
     <span class='ocr_line' id='line_1_98' title="bbox 1494 2725 2734 2778; baseline 0 -10"><span class='ocrx_word' id='word_1_784' title='bbox 1494 2726 1730 2768; x_wconf 75' lang='lat' dir='ltr'>nocolchoe.</span> <span class='ocrx_word' id='word_1_785' title='bbox 1770 2725 1927 2767; x_wconf 91' lang='lat' dir='ltr'>Plinius</span> <span class='ocrx_word' id='word_1_786' title='bbox 1950 2727 2036 2775; x_wconf 79' lang='lat' dir='ltr'>vl,</span> <span class='ocrx_word' id='word_1_787' title='bbox 2063 2730 2086 2774; x_wconf 91' lang='lat'>4</span> <span class='ocrx_word' id='word_1_788' title='bbox 2110 2740 2133 2766; x_wconf 91' lang='lat' dir='ltr'>a</span> <span class='ocrx_word' id='word_1_789' title='bbox 2163 2725 2349 2778; x_wconf 82' lang='lat' dir='ltr'>Sannigis</span> <span class='ocrx_word' id='word_1_790' title='bbox 2380 2731 2421 2765; x_wconf 93' lang='lat' dir='ltr'>et</span> <span class='ocrx_word' id='word_1_791' title='bbox 2455 2725 2583 2767; x_wconf 87' lang='lat' dir='ltr'>Penio</span> <span class='ocrx_word' id='word_1_792' title='bbox 2605 2725 2734 2768; x_wconf 82' lang='lat' dir='ltr'>fluvio</span> 
     </span>
     <span class='ocr_line' id='line_1_99' title="bbox 1493 2785 2734 2830; baseline 0 0"><span class='ocrx_word' id='word_1_793' title='bbox 1493 2789 1660 2830; x_wconf 90' lang='lat' dir='ltr'>boream</span> <span class='ocrx_word' id='word_1_794' title='bbox 1684 2801 1823 2829; x_wconf 81' lang='lat' dir='ltr'>versus</span> <span class='ocrx_word' id='word_1_795' title='bbox 1838 2787 2008 2828; x_wconf 77' lang='lat' dir='ltr'>collocat</span> <span class='ocrx_word' id='word_1_796' title='bbox 2024 2786 2168 2828; x_wconf 77' lang='lat' dir='ltr'>multis</span> <span class='ocrx_word' id='word_1_797' title='bbox 2186 2785 2419 2827; x_wconf 83' lang='lat' dir='ltr'>nominibus</span> <span class='ocrx_word' id='word_1_798' title='bbox 2434 2786 2734 2830; x_wconf 79' lang='lat' dir='ltr'>Heniochorum</span> 
     </span>
     <span class='ocr_line' id='line_1_100' title="bbox 1490 2848 2734 2904; baseline 0.001 -13"><span class='ocrx_word' id='word_1_799' title='bbox 1490 2860 1643 2904; x_wconf 73' lang='lat' dir='ltr'>gentes.</span> <span class='ocrx_word' id='word_1_800' title='bbox 1667 2849 1783 2892; x_wconf 90' lang='lat' dir='ltr'>Idem</span> <span class='ocrx_word' id='word_1_801' title='bbox 1813 2851 1890 2900; x_wconf 80' lang='lat' dir='ltr'>VI,</span> <span class='ocrx_word' id='word_1_802' title='bbox 1921 2863 1969 2891; x_wconf 90' lang='grc'>12</span> <span class='ocrx_word' id='word_1_803' title='bbox 1996 2862 2005 2890; x_wconf 89' lang='lat'>:</span> <span class='ocrx_word' id='word_1_804' title='bbox 2031 2849 2100 2891; x_wconf 79' lang='lat' dir='ltr'>Ab</span> <span class='ocrx_word' id='word_1_805' title='bbox 2132 2849 2187 2890; x_wconf 83' lang='lat' dir='ltr'>iis</span> <span class='ocrx_word' id='word_1_806' title='bbox 2216 2851 2231 2901; x_wconf 96' lang='lat'>(</span> <span class='ocrx_word' id='word_1_807' title='bbox 2252 2850 2449 2903; x_wconf 87' lang='lat' dir='ltr'>Suarnis)</span> <span class='ocrx_word' id='word_1_808' title='bbox 2468 2848 2528 2890; x_wconf 83' lang='lat' dir='ltr'>ad</span> <span class='ocrx_word' id='word_1_809' title='bbox 2556 2851 2734 2893; x_wconf 78' lang='lat' dir='ltr'>Pontum</span> 
     </span>
     <span class='ocr_line' id='line_1_101' title="bbox 1494 2910 2730 2969; baseline 0 -15"><span class='ocrx_word' id='word_1_810' title='bbox 1494 2927 1619 2969; x_wconf 82' lang='lat' dir='ltr'>usque</span> <span class='ocrx_word' id='word_1_811' title='bbox 1657 2911 1955 2953; x_wconf 79' lang='lat' dir='ltr'>Heniochorum</span> <span class='ocrx_word' id='word_1_812' title='bbox 1982 2911 2111 2968; x_wconf 79' lang='lat' dir='ltr'>plura</span> <span class='ocrx_word' id='word_1_813' title='bbox 2136 2925 2297 2963; x_wconf 75' lang='lat' dir='ltr'>genera,</span> <span class='ocrx_word' id='word_1_814' title='bbox 2343 2926 2439 2951; x_wconf 71' lang='lat' dir='ltr'>mox</span> <span class='ocrx_word' id='word_1_815' title='bbox 2473 2910 2730 2954; x_wconf 79' lang='lat' dir='ltr'>Achoeorum.</span> 
     </span>
     <span class='ocr_line' id='line_1_102' title="bbox 1494 2972 2739 3030; baseline 0.001 -14"><span class='ocrx_word' id='word_1_816' title='bbox 1494 2974 1609 3017; x_wconf 90' lang='lat' dir='ltr'>Idem</span> <span class='ocrx_word' id='word_1_817' title='bbox 1637 2976 1713 3025; x_wconf 81' lang='lat' dir='ltr'>VI,</span> <span class='ocrx_word' id='word_1_818' title='bbox 1741 2974 1763 3016; x_wconf 88' lang='lat'>5</span> <span class='ocrx_word' id='word_1_819' title='bbox 1787 2974 2025 3016; x_wconf 82' lang='lat' dir='ltr'>Heniochos</span> <span class='ocrx_word' id='word_1_820' title='bbox 2045 2975 2238 3029; x_wconf 68' lang='lat' dir='ltr'>Pityunta</span> <span class='ocrx_word' id='word_1_821' title='bbox 2260 2972 2480 3030; x_wconf 86' lang='lat' dir='ltr'>diripuisse</span> <span class='ocrx_word' id='word_1_822' title='bbox 2499 2981 2540 3016; x_wconf 87' lang='lat' dir='ltr'>et</span> <span class='ocrx_word' id='word_1_823' title='bbox 2561 2974 2739 3017; x_wconf 77' lang='lat' dir='ltr'>Dioscu-</span> 
     </span>
     <span class='ocr_line' id='line_1_103' title="bbox 1494 3035 2737 3081; baseline -0.002 0"><span class='ocrx_word' id='word_1_824' title='bbox 1494 3038 1650 3081; x_wconf 88' lang='lat' dir='ltr'>riadem</span> <span class='ocrx_word' id='word_1_825' title='bbox 1674 3036 1908 3079; x_wconf 87' lang='lat' dir='ltr'>condidisse</span> <span class='ocrx_word' id='word_1_826' title='bbox 1934 3036 2074 3079; x_wconf 88' lang='lat' dir='ltr'>tradit.</span> <span class='ocrx_word' id='word_1_827' title='bbox 2109 3036 2172 3079; x_wconf 90' lang='lat' dir='ltr'>Ad</span> <span class='ocrx_word' id='word_1_828' title='bbox 2197 3037 2347 3079; x_wconf 85' lang='lat' dir='ltr'>Phasin</span> <span class='ocrx_word' id='word_1_829' title='bbox 2367 3036 2569 3079; x_wconf 84' lang='lat' dir='ltr'>habitasse</span> <span class='ocrx_word' id='word_1_830' title='bbox 2589 3035 2737 3079; x_wconf 83' lang='lat' dir='ltr'>dicun-</span> 
     </span>
     <span class='ocr_line' id='line_1_104' title="bbox 1496 3098 2734 3156; baseline 0.002 -17"><span class='ocrx_word' id='word_1_831' title='bbox 1496 3107 1564 3141; x_wconf 91' lang='lat' dir='ltr'>tur</span> <span class='ocrx_word' id='word_1_832' title='bbox 1579 3115 1645 3156; x_wconf 86' lang='lat' dir='ltr'>ap.</span> <span class='ocrx_word' id='word_1_833' title='bbox 1673 3098 1880 3141; x_wconf 81' lang='lat' dir='ltr'>Heraclid.</span> <span class='ocrx_word' id='word_1_834' title='bbox 1908 3100 2028 3140; x_wconf 83' lang='lat' dir='ltr'>Pont.</span> <span class='ocrx_word' id='word_1_835' title='bbox 2064 3101 2164 3154; x_wconf 79' lang='lat' dir='ltr'>nep.</span> <span class='ocrx_word' id='word_1_836' title='bbox 2196 3101 2218 3152; x_wconf 77' lang='lat' dir='ltr'>S</span> <span class='ocrx_word' id='word_1_837' title='bbox 2246 3101 2309 3141; x_wconf 88' lang='grc'>18.</span> <span class='ocrx_word' id='word_1_838' title='bbox 2344 3098 2424 3140; x_wconf 89' lang='lat' dir='ltr'>Sed</span> <span class='ocrx_word' id='word_1_839' title='bbox 2452 3099 2581 3153; x_wconf 86' lang='lat' dir='ltr'>magis</span> <span class='ocrx_word' id='word_1_840' title='bbox 2608 3099 2734 3142; x_wconf 87' lang='lat' dir='ltr'>etiam</span> 
     </span>
     <span class='ocr_line' id='line_1_105' title="bbox 1496 3160 2755 3218; baseline 0.002 -17"><span class='ocrx_word' id='word_1_841' title='bbox 1496 3176 1635 3203; x_wconf 82' lang='lat' dir='ltr'>versus</span> <span class='ocrx_word' id='word_1_842' title='bbox 1654 3162 1868 3203; x_wconf 89' lang='lat' dir='ltr'>meridiem</span> <span class='ocrx_word' id='word_1_843' title='bbox 1888 3160 2145 3202; x_wconf 77' lang='lat' dir='ltr'>descendunt</span> <span class='ocrx_word' id='word_1_844' title='bbox 2165 3176 2230 3217; x_wconf 87' lang='lat' dir='ltr'>ap.</span> <span class='ocrx_word' id='word_1_845' title='bbox 2255 3161 2423 3203; x_wconf 89' lang='lat' dir='ltr'>Arrian.</span> <span class='ocrx_word' id='word_1_846' title='bbox 2443 3161 2594 3218; x_wconf 87' lang='lat' dir='ltr'>Peripl.</span> <span class='ocrx_word' id='word_1_847' title='bbox 2616 3163 2640 3215; x_wconf 73' lang='lat' dir='ltr'>S</span> <span class='ocrx_word' id='word_1_848' title='bbox 2665 3162 2732 3214; x_wconf 77' lang='lat'>15,</span> <span class='ocrx_word' id='word_1_849' title='bbox 2751 3183 2755 3191; x_wconf 93' lang='lat'><em>·</em></span> 
     </span>
     <span class='ocr_line' id='line_1_106' title="bbox 1496 3224 2738 3281; baseline 0.002 -16"><span class='ocrx_word' id='word_1_850' title='bbox 1496 3225 1565 3265; x_wconf 90' lang='lat' dir='ltr'>ubi</span> <span class='ocrx_word' id='word_1_851' title='bbox 1596 3234 1688 3281; x_wconf 86' lang='lat' dir='ltr'>post</span> <span class='ocrx_word' id='word_1_852' title='bbox 1707 3224 1857 3266; x_wconf 77' lang='lat' dir='ltr'>Drillos</span> <span class='ocrx_word' id='word_1_853' title='bbox 1885 3225 2133 3280; x_wconf 74' lang='lat' dir='ltr'>Tmpczunti</span> <span class='ocrx_word' id='word_1_854' title='bbox 2157 3225 2313 3265; x_wconf 87' lang='lat' dir='ltr'>vicinos</span> <span class='ocrx_word' id='word_1_855' title='bbox 2341 3232 2628 3266; x_wconf 83' lang='lat' dir='ltr'>memorantur</span> <span class='ocrx_word' id='word_1_856' title='bbox 2646 3225 2738 3268; x_wconf 71' lang='lat' dir='ltr'>Me·</span> 
     </span>
     <span class='ocr_line' id='line_1_107' title="bbox 1495 3286 2736 3344; baseline 0.002 -15"><span class='ocrx_word' id='word_1_857' title='bbox 1495 3287 1686 3329; x_wconf 85' lang='lat' dir='ltr'>chelones</span> <span class='ocrx_word' id='word_1_858' title='bbox 1718 3296 1759 3329; x_wconf 89' lang='lat' dir='ltr'>ct</span> <span class='ocrx_word' id='word_1_859' title='bbox 1780 3287 1981 3329; x_wconf 81' lang='lat' dir='ltr'>Heniochi</span> <span class='ocrx_word' id='word_1_860' title='bbox 2017 3289 2058 3328; x_wconf 88' lang='lat' dir='ltr'>in</span> <span class='ocrx_word' id='word_1_861' title='bbox 2080 3289 2128 3328; x_wconf 89' lang='lat' dir='ltr'>iis</span> <span class='ocrx_word' id='word_1_862' title='bbox 2165 3286 2424 3343; x_wconf 84' lang='lat' dir='ltr'>regionibus,</span> <span class='ocrx_word' id='word_1_863' title='bbox 2457 3301 2560 3342; x_wconf 89' lang='lat' dir='ltr'>quas</span> <span class='ocrx_word' id='word_1_864' title='bbox 2589 3287 2736 3344; x_wconf 75' lang='lat' dir='ltr'>Scylax</span> 
     </span>
     <span class='ocr_line' id='line_1_108' title="bbox 1496 3349 2738 3406; baseline 0.002 -15"><span class='ocrx_word' id='word_1_865' title='bbox 1496 3353 1519 3404; x_wconf 75' lang='lat' dir='ltr'>S</span> <span class='ocrx_word' id='word_1_866' title='bbox 1542 3351 1593 3392; x_wconf 87' lang='lat'>83</span> <span class='ocrx_word' id='word_1_867' title='bbox 1618 3349 1973 3391; x_wconf 84' lang='lat' dir='ltr'>Eccchiriensibus</span> <span class='ocrx_word' id='word_1_868' title='bbox 1992 3350 2203 3392; x_wconf 84' lang='lat' dir='ltr'>adscribit.</span> <span class='ocrx_word' id='word_1_869' title='bbox 2236 3353 2372 3406; x_wconf 87' lang='lat' dir='ltr'>Atque</span> <span class='ocrx_word' id='word_1_870' title='bbox 2402 3352 2646 3406; x_wconf 79' lang='lat' dir='ltr'>Anonymus</span> <span class='ocrx_word' id='word_1_871' title='bbox 2662 3352 2738 3394; x_wconf 84' lang='lat' dir='ltr'>Pe·</span> 
     </span>
     <span class='ocr_line' id='line_1_109' title="bbox 1495 3411 2736 3469; baseline 0.001 -14"><span class='ocrx_word' id='word_1_872' title='bbox 1495 3413 1589 3469; x_wconf 88' lang='lat' dir='ltr'>ripl.</span> <span class='ocrx_word' id='word_1_873' title='bbox 1612 3415 1705 3467; x_wconf 80' lang='lat'>§42</span> <span class='ocrx_word' id='word_1_874' title='bbox 1727 3414 1859 3469; x_wconf 83' lang='lat' dir='ltr'>prisca</span> <span class='ocrx_word' id='word_1_875' title='bbox 1890 3427 1985 3454; x_wconf 89' lang='lat' dir='ltr'>cum</span> <span class='ocrx_word' id='word_1_876' title='bbox 2008 3413 2309 3455; x_wconf 87' lang='lat' dir='ltr'>recentioribus</span> <span class='ocrx_word' id='word_1_877' title='bbox 2323 3426 2567 3468; x_wconf 83' lang='lat' dir='ltr'>comparans</span> <span class='ocrx_word' id='word_1_878' title='bbox 2582 3411 2736 3456; x_wconf 83' lang='lat' dir='ltr'>diserte</span> 
     </span>
     <span class='ocr_line' id='line_1_110' title="bbox 1496 3475 2737 3519; baseline 0.002 -2"><span class='ocrx_word' id='word_1_879' title='bbox 1496 3475 1617 3517; x_wconf 87' lang='lat' dir='ltr'>docet</span> <span class='ocrx_word' id='word_1_880' title='bbox 1641 3475 1947 3517; x_wconf 65' lang='lat' dir='ltr'>Ecoehiricnaes</span> <span class='ocrx_word' id='word_1_881' title='bbox 1981 3477 2079 3517; x_wconf 88' lang='lat' dir='ltr'>olim</span> <span class='ocrx_word' id='word_1_882' title='bbox 2104 3476 2307 3518; x_wconf 85' lang='lat' dir='ltr'>habitasse</span> <span class='ocrx_word' id='word_1_883' title='bbox 2325 3475 2433 3517; x_wconf 89' lang='lat' dir='ltr'>inter</span> <span class='ocrx_word' id='word_1_884' title='bbox 2451 3475 2673 3518; x_wconf 86' lang='lat' dir='ltr'>Archabim</span> <span class='ocrx_word' id='word_1_885' title='bbox 2694 3483 2737 3519; x_wconf 82' lang='lat' dir='ltr'>et</span> 
     </span>
     <span class='ocr_line' id='line_1_111' title="bbox 1496 3538 2736 3595; baseline 0.001 -15"><span class='ocrx_word' id='word_1_886' title='bbox 1496 3539 1749 3595; x_wconf 82' lang='lat' dir='ltr'>Ophiuntcm</span> <span class='ocrx_word' id='word_1_887' title='bbox 1767 3539 1929 3589; x_wconf 81' lang='lat' dir='ltr'>fluvios,</span> <span class='ocrx_word' id='word_1_888' title='bbox 1949 3539 2142 3582; x_wconf 90' lang='lat' dir='ltr'>ubinunc</span> <span class='ocrx_word' id='word_1_889' title='bbox 2153 3540 2235 3581; x_wconf 89' lang='lat' dir='ltr'>sint</span> <span class='ocrx_word' id='word_1_890' title='bbox 2251 3538 2513 3581; x_wconf 89' lang='lat' dir='ltr'>Machelones</span> <span class='ocrx_word' id='word_1_891' title='bbox 2525 3547 2565 3580; x_wconf 90' lang='lat' dir='ltr'>et</span> <span class='ocrx_word' id='word_1_892' title='bbox 2582 3538 2736 3581; x_wconf 82' lang='lat' dir='ltr'>Henio-</span> 
     </span>
     <span class='ocr_line' id='line_1_112' title="bbox 1496 3601 2738 3658; baseline 0 -15"><span class='ocrx_word' id='word_1_893' title='bbox 1496 3601 1579 3643; x_wconf 91' lang='lat' dir='ltr'>chi.</span> <span class='ocrx_word' id='word_1_894' title='bbox 1605 3601 1669 3643; x_wconf 82' lang='lat' dir='ltr'>Cf.</span> <span class='ocrx_word' id='word_1_895' title='bbox 1692 3601 1848 3643; x_wconf 81' lang='lat' dir='ltr'>Plinius</span> <span class='ocrx_word' id='word_1_896' title='bbox 1867 3603 1943 3653; x_wconf 89' lang='lat' dir='ltr'>VI,</span> <span class='ocrx_word' id='word_1_897' title='bbox 1966 3605 1990 3652; x_wconf 94' lang='grc'>4</span> <span class='ocrx_word' id='word_1_898' title='bbox 2013 3615 2023 3644; x_wconf 87' lang='lat'><strong>:</strong></span> <span class='ocrx_word' id='word_1_899' title='bbox 2042 3606 2096 3645; x_wconf 85' lang='lat' dir='ltr'>In</span> <span class='ocrx_word' id='word_1_900' title='bbox 2114 3616 2187 3644; x_wconf 83' lang='lat' dir='ltr'>ora</span> <span class='ocrx_word' id='word_1_901' title='bbox 2202 3611 2297 3643; x_wconf 71' lang='lat' dir='ltr'>acite</span> <span class='ocrx_word' id='word_1_902' title='bbox 2318 3604 2579 3658; x_wconf 78' lang='lat' dir='ltr'>Trapezunta</span> <span class='ocrx_word' id='word_1_903' title='bbox 2578 3602 2738 3655; x_wconf 79' lang='lat' dir='ltr'>flumen</span> 
     </span>
     <span class='ocr_line' id='line_1_113' title="bbox 1500 3661 2740 3722; baseline -0.002 -17"><span class='ocrx_word' id='word_1_904' title='bbox 1500 3662 1685 3719; x_wconf 55' lang='lat' dir='ltr'>Pyxitm</span> <span class='ocrx_word' id='word_1_905' title='bbox 1709 3664 1819 3704; x_wconf 78' lang='lat' dir='ltr'>ultra</span> <span class='ocrx_word' id='word_1_906' title='bbox 1843 3679 1936 3705; x_wconf 76' lang='lat' dir='ltr'>vero</span> <span class='ocrx_word' id='word_1_907' title='bbox 1959 3679 2057 3717; x_wconf 74' lang='lat' dir='ltr'>gens</span> <span class='ocrx_word' id='word_1_908' title='bbox 2077 3666 2301 3706; x_wconf 81' lang='lat' dir='ltr'>Sannorum</span> <span class='ocrx_word' id='word_1_909' title='bbox 2323 3661 2635 3722; x_wconf 78' lang='lat' dir='ltr'>Heniochorum.</span> <span class='ocrx_word' id='word_1_910' title='bbox 2662 3662 2740 3703; x_wconf 77' lang='lat' dir='ltr'>Fa·</span> 
     </span>
     <span class='ocr_line' id='line_1_114' title="bbox 1499 3723 2738 3784; baseline -0.002 -16"><span class='ocrx_word' id='word_1_911' title='bbox 1499 3726 1615 3768; x_wconf 83' lang='lat' dir='ltr'>bulas</span> <span class='ocrx_word' id='word_1_912' title='bbox 1634 3725 1685 3766; x_wconf 82' lang='lat' dir='ltr'>dc</span> <span class='ocrx_word' id='word_1_913' title='bbox 1708 3728 1838 3780; x_wconf 80' lang='lat' dir='ltr'>gentis</span> <span class='ocrx_word' id='word_1_914' title='bbox 1868 3727 2027 3782; x_wconf 82' lang='lat' dir='ltr'>origine</span> <span class='ocrx_word' id='word_1_915' title='bbox 2056 3726 2143 3769; x_wconf 85' lang='lat' dir='ltr'>vid.</span> <span class='ocrx_word' id='word_1_916' title='bbox 2171 3741 2238 3784; x_wconf 85' lang='lat' dir='ltr'>ap.</span> <span class='ocrx_word' id='word_1_917' title='bbox 2261 3727 2436 3782; x_wconf 79' lang='lat' dir='ltr'>Dionys.</span> <span class='ocrx_word' id='word_1_918' title='bbox 2469 3727 2567 3779; x_wconf 85' lang='grc'>694,</span> <span class='ocrx_word' id='word_1_919' title='bbox 2598 3723 2738 3780; x_wconf 82' lang='lat' dir='ltr'>ibique</span> 
     </span>
     <span class='ocr_line' id='line_1_115' title="bbox 1500 3785 2750 3846; baseline -0.003 -15"><span class='ocrx_word' id='word_1_920' title='bbox 1500 3789 1687 3831; x_wconf 71' lang='lat' dir='ltr'>Eustath.</span> <span class='ocrx_word' id='word_1_921' title='bbox 1706 3798 1745 3830; x_wconf 86' lang='lat' dir='ltr'>et</span> <span class='ocrx_word' id='word_1_922' title='bbox 1758 3790 1886 3831; x_wconf 73' lang='lat' dir='ltr'>schol.</span> <span class='ocrx_word' id='word_1_923' title='bbox 1903 3798 1943 3831; x_wconf 88' lang='lat' dir='ltr'>et</span> <span class='ocrx_word' id='word_1_924' title='bbox 1957 3789 2215 3846; x_wconf 86' lang='lat' dir='ltr'>paraphrast.</span> <span class='ocrx_word' id='word_1_925' title='bbox 2231 3789 2428 3831; x_wconf 88' lang='lat' dir='ltr'>Priscian.</span> <span class='ocrx_word' id='word_1_926' title='bbox 2444 3789 2524 3830; x_wconf 86' lang='grc'>668</span> <span class='ocrx_word' id='word_1_927' title='bbox 2535 3794 2577 3829; x_wconf 92' lang='lat' dir='ltr'>et</span> <span class='ocrx_word' id='word_1_928' title='bbox 2587 3785 2750 3830; x_wconf 67' lang='lat' dir='ltr'>Avien..</span> 
     </span>
     <span class='ocr_line' id='line_1_116' title="bbox 1501 3845 2731 3907; baseline -0.006 -13"><span class='ocrx_word' id='word_1_929' title='bbox 1501 3855 1604 3906; x_wconf 86' lang='lat'>871;</span> <span class='ocrx_word' id='word_1_930' title='bbox 1627 3853 1814 3893; x_wconf 80' lang='lat' dir='ltr'>Eustath.</span> <span class='ocrx_word' id='word_1_931' title='bbox 1842 3853 1897 3894; x_wconf 79' lang='lat' dir='ltr'>ib.</span> <span class='ocrx_word' id='word_1_932' title='bbox 1924 3851 1975 3894; x_wconf 92' lang='lat' dir='ltr'>ad</span> <span class='ocrx_word' id='word_1_933' title='bbox 2007 3854 2112 3907; x_wconf 87' lang='lat'><strong>687;</strong></span> <span class='ocrx_word' id='word_1_934' title='bbox 2132 3851 2238 3894; x_wconf 86' lang='lat' dir='ltr'>Plin.</span> <span class='ocrx_word' id='word_1_935' title='bbox 2266 3852 2342 3901; x_wconf 81' lang='lat' dir='ltr'>VI,</span> <span class='ocrx_word' id='word_1_936' title='bbox 2370 3851 2416 3900; x_wconf 85' lang='lat'>5;</span> <span class='ocrx_word' id='word_1_937' title='bbox 2434 3849 2561 3891; x_wconf 90' lang='lat' dir='ltr'>Solin.</span> <span class='ocrx_word' id='word_1_938' title='bbox 2587 3862 2626 3889; x_wconf 92' lang='grc'>0.</span> <span class='ocrx_word' id='word_1_939' title='bbox 2655 3845 2731 3895; x_wconf 65' lang='grc'>153</span> 
     </span>
     <span class='ocr_line' id='line_1_117' title="bbox 1499 3913 2732 3968; baseline -0.003 -12"><span class='ocrx_word' id='word_1_940' title='bbox 1499 3914 1605 3956; x_wconf 87' lang='lat' dir='ltr'>Mela</span> <span class='ocrx_word' id='word_1_941' title='bbox 1628 3916 1662 3963; x_wconf 90' lang='grc' dir='ltr'><strong>Ι,</strong></span> <span class='ocrx_word' id='word_1_942' title='bbox 1690 3928 1761 3968; x_wconf 84' lang='grc'>19;</span> <span class='ocrx_word' id='word_1_943' title='bbox 1786 3917 1937 3957; x_wconf 77' lang='lat' dir='ltr'>Justin.</span> <span class='ocrx_word' id='word_1_944' title='bbox 1974 3916 2109 3965; x_wconf 83' lang='lat' dir='ltr'>XLII,</span> <span class='ocrx_word' id='word_1_945' title='bbox 2141 3916 2190 3966; x_wconf 74' lang='lat'>33</span> <span class='ocrx_word' id='word_1_946' title='bbox 2223 3914 2442 3956; x_wconf 84' lang='lat' dir='ltr'>Pausanias</span> <span class='ocrx_word' id='word_1_947' title='bbox 2464 3913 2539 3962; x_wconf 91' lang='lat'>111,</span> <span class='ocrx_word' id='word_1_948' title='bbox 2575 3923 2641 3964; x_wconf 81' lang='lat'>19.</span> <span class='ocrx_word' id='word_1_949' title='bbox 2681 3921 2732 3962; x_wconf 75' lang='lat'>73</span> 
     </span>
     <span class='ocr_line' id='line_1_118' title="bbox 1500 3972 2732 4032; baseline -0.004 -13"><span class='ocrx_word' id='word_1_950' title='bbox 1500 3977 1707 4019; x_wconf 85' lang='lat' dir='ltr'>Ammian.</span> <span class='ocrx_word' id='word_1_951' title='bbox 1741 3979 1879 4028; x_wconf 80' lang='lat' dir='ltr'>xxn,</span> <span class='ocrx_word' id='word_1_952' title='bbox 1912 3980 1960 4029; x_wconf 75' lang='lat'>83</span> <span class='ocrx_word' id='word_1_953' title='bbox 1994 3976 2144 4019; x_wconf 84' lang='lat' dir='ltr'>Isidor.</span> <span class='ocrx_word' id='word_1_954' title='bbox 2184 3977 2326 4032; x_wconf 79' lang='lat' dir='ltr'>Origg.</span> <span class='ocrx_word' id='word_1_955' title='bbox 2358 3975 2453 4025; x_wconf 79' lang='lat' dir='ltr'>XV,</span> <span class='ocrx_word' id='word_1_956' title='bbox 2496 3987 2540 4023; x_wconf 71' lang='grc' dir='ltr'>ις</span> <span class='ocrx_word' id='word_1_957' title='bbox 2575 3972 2732 4014; x_wconf 76' lang='lat' dir='ltr'>Lucan-</span> 
     </span>
     <span class='ocr_line' id='line_1_119' title="bbox 1501 4032 2735 4095; baseline -0.006 -13"><span class='ocrx_word' id='word_1_958' title='bbox 1501 4039 1644 4082; x_wconf 86' lang='lat' dir='ltr'>Phars.</span> <span class='ocrx_word' id='word_1_959' title='bbox 1670 4042 1745 4091; x_wconf 86' lang='lat'>111,</span> <span class='ocrx_word' id='word_1_960' title='bbox 1783 4045 1878 4095; x_wconf 76' lang='grc'>269.</span> <span class='ocrx_word' id='word_1_961' title='bbox 1906 4042 1967 4082; x_wconf 88' lang='lat' dir='ltr'>De</span> <span class='ocrx_word' id='word_1_962' title='bbox 1995 4041 2178 4083; x_wconf 86' lang='lat' dir='ltr'>moribus</span> <span class='ocrx_word' id='word_1_963' title='bbox 2205 4054 2243 4081; x_wconf 80' lang='lat' dir='ltr'>v.</span> <span class='ocrx_word' id='word_1_964' title='bbox 2266 4046 2412 4095; x_wconf 61' lang='lat' dir='ltr'>praeter</span> <span class='ocrx_word' id='word_1_965' title='bbox 2434 4033 2616 4078; x_wconf 86' lang='lat' dir='ltr'>laudatos</span> <span class='ocrx_word' id='word_1_966' title='bbox 2642 4032 2735 4076; x_wconf 70' lang='lat' dir='ltr'>Ati·</span> 
     </span>
    </p>
   </div>
  </div>
 </body>
</html>
