2808 4342
214 158 304 200 288

207 251 366 310 λύκιον,
391 242 628 315 νάρδοςὶαὶ
652 250 877 302 καλλεανὸς
903 249 1013 301 λίθος
1033 248 1105 295 καὶ
1126 249 1352 313 σάπφειρος
1375 249 1449 298 καὶ

211 319 378 383 Σηρικᾶ
399 320 588 383 δέρματα
620 318 693 366 καὶ
730 320 885 366 ὀθόνιον
915 316 986 364 καὶ
1015 320 1130 376 νῆμα
1160 317 1341 381 Σηρικὸν
1367 318 1449 366 ,καὶ

209 388 381 437 Ἰνδικὸν
397 389 547 452 μέλαν.
616 387 854 448 Ἀνάγονται
882 386 926 431 δὲ
954 385 1027 431 καὶ
1050 387 1167 432 αὐτοὶ
1196 389 1234 433 οἱ
1253 386 1451 442 πλίοντες

367 458 674 478 ”””””
693 455 786 518 περὶ
808 454 876 500 τὸν
907 452 1081 501 Ἰούλιον
1100 459 1236 516 μῆνα,
1264 457 1308 509 δς
1339 459 1449 504 ἐστιν

209 526 366 591 Ἐπιφί·
388 526 649 580 δυςεπίὸολος
673 523 764 584 μὲν,
785 523 1086 588 ἐπιφορώτερος
1110 524 1152 572 δὲ
1182 525 1348 572 ἐκείνων
1377 527 1449 573 καὶ

208 596 510 657 συντομώτερος
530 597 552 638 ὁ
574 595 718 644 πλοῦς.
1165 598 1171 605 “

269 682 326 712 ω.
360 663 479 710 Μετὰ
497 663 540 707 δὲ
562 660 631 724 τὀν
655 660 802 708 Σίνθον
825 662 1013 724 ποταμὸν
1035 662 1170 727 ἕτερός
1188 666 1275 712 ἐστι
1299 666 1450 718 κόλπος

205 732 435 792 ἀθεώρητος
462 729 578 793 παρὰ
600 729 670 776 τὸν
704 730 868 794 βορέαν·
901 731 1148 794 ὀνομάζεται
1181 734 1225 780 δὲ
1254 735 1417 797 Εἰρινὸν
1434 770 1446 791 ,

210 798 445 860 ἐπιλέγεται
488 797 531 845 δὲ
564 801 587 846 ὁ
618 797 693 861 μὲν
725 800 871 865 μικρὸν
906 804 929 847 ὁ
965 801 1009 849 δὲ
1041 802 1173 865 μέγα·
1210 804 1375 866 πελάγη
1406 803 1451 851 δέ

142 886 182 917 10
205 871 313 915 ἐστιν
346 868 562 932 ἀμφότερα
592 868 806 931 τεναγώδη
838 870 910 916 καὶ
940 870 1054 925 δίνας
1082 871 1262 936 ἐλαφρὰς
1301 873 1450 935 ἔχοντα

201 937 273 984 καὶ
296 939 480 1000 συνεχεῖς
513 937 586 984 καὶ
621 937 784 1003 μακρὰς
806 938 890 986 ἀπὸ
910 943 984 997 τῆς
1014 944 1112 1003 γῆς,
1135 944 1191 995 ὡς
1224 941 1450 1000 πολλάκις,

199 1010 274 1064 τῆς
297 1007 469 1071 ἠπείρου
500 1007 606 1069 μηδὲ
634 1007 915 1070 βλεπομένης,
939 1010 1177 1057 ἐποκέλλειν
1206 1010 1260 1058 τὰ
1293 1013 1420 1058 πλοῖα
1435 1047 1448 1069 ,

201 1076 399 1140 ἐνδοτέρω
420 1076 462 1123 δὲ
482 1076 773 1142 προληφθέντα
792 1077 863 1124 καὶ
881 1079 1157 1126 ἀπόλλυσθαι.
1226 1079 1388 1127 Τούτου
1405 1079 1448 1126 δὲ

201 1144 395 1209 ὑπερέχει
429 1151 501 1192 τοῦ
525 1146 682 1194 κόλπου
712 1147 994 1211 ἀκρωτήριον,
1017 1149 1250 1210 ἐπικαμπὲς
1274 1150 1358 1196 ἀπὸ
1378 1154 1448 1195 τοῦ

201 1214 367 1278 Εἰρίνου
401 1216 509 1277 μετὰ
542 1216 616 1273 τὴν
645 1217 850 1274 ἀνατολὴν
874 1218 946 1264 καὶ
970 1218 1038 1265 τὸν
1071 1219 1185 1266 νότον
1218 1222 1275 1273 ὡς
1294 1223 1350 1272 εἷς
1372 1221 1447 1275 τὴν

200 1350 392 1391 niusXII
408 1381 421 1401 ,
441 1365 478 1392 c,
506 1364 582 1403 123
621 1350 798 1393 Diodor.
820 1354 887 1402 11,
913 1355 991 1408 495
1015 1353 1235 1396 Salmasius
1253 1354 1306 1395 de
1328 1354 1444 1395 hom.

200 1412 315 1469 hyles
329 1413 422 1456 iatr.
439 1428 476 1455 c.
490 1416 543 1457 88
552 1429 595 1471 p.
620 1416 698 1457 128
711 1429 775 1471 sq.
799 1416 871 1471 qui
890 1417 1015 1458 etiam
1023 1415 1076 1459 de
1089 1415 1223 1458 bdella
1234 1417 1320 1458 sive
1331 1416 1447 1458 bdel-

201 1475 259 1517 lio
274 1477 445 1532 exponit
464 1491 508 1533 p.
536 1491 614 1533 ¹79
633 1492 727 1533 sqq.
750 1478 856 1520 etde
878 1478 985 1534 lycio
996 1493 1040 1535 p.
1056 1479 1125 1534 59.
1148 1480 1166 1534 ΙΙ
1186 1504 1243 1511 -
1261 1493 1298 1520 1.
1321 1479 1446 1520 καλ-

200 1536 227 1578 λ
239 1552 257 1579 ε
272 1552 296 1579 α
309 1553 329 1579 ν
342 1538 365 1579 b
378 1539 425 1594 ς]
444 1539 504 1580 sic
533 1539 688 1590 codex;
710 1539 906 1591 editores,
923 1539 1099 1596 jubente
1119 1541 1317 1583 Salmasio
1330 1573 1342 1591 ,
1362 1556 1444 1583 scr.

199 1599 429 1648 καλλαῖνός.
451 1600 609 1642 Plinius
635 1602 864 1653 XXXVII,
897 1605 950 1644 56
981 1615 992 1645 :
1019 1602 1175 1645 Callais
1198 1603 1445 1661 sapphirum

201 1661 407 1712 imitatur,
429 1662 652 1704 candidior
663 1673 703 1705 ee
722 1664 892 1707 litoroso
902 1665 1010 1707 mari
1026 1665 1216 1708 similis..
1237 1666 1447 1708 Ozllainas

196 1734 349 1766 vocant
367 1740 388 1766 e
403 1725 571 1767 turbido
590 1726 785 1768 callaino.
806 1726 873 1769 Id.
892 1727 951 1770 ib.
972 1741 985 1771 ε
1003 1728 1178 1782 Angieis
1198 1744 1278 1770 non
1302 1729 1446 1771 multis

196 1787 286 1829 alia
311 1786 482 1829 videtur
514 1802 599 1830 esse
633 1804 757 1845 quam
786 1805 878 1846 quoe
901 1790 1051 1832 calais.
1069 1792 1223 1832 Putant
1254 1790 1443 1832 καλάϊνον

195 1849 260 1892 vel
276 1849 492 1891 καλλάϊνον
511 1855 669 1907 χρῶμα,
691 1850 809 1906 cujus
827 1854 975 1908 saepius
995 1853 1152 1894 mentio
1173 1852 1235 1903 fit,
1253 1851 1306 1894 dc
1331 1867 1443 1907 gem-

196 1925 266 1954 ma
285 1911 387 1963 bac,
424 1921 495 1954 aut
527 1928 735 1968 gemmam
756 1913 809 1956 de
841 1915 980 1957 colore
1007 1914 1107 1956 dici.
1141 1914 1275 1956 Multa
1302 1914 1356 1957 de
1378 1915 1442 1957 his

196 1972 418 2016 Salmasius
449 1976 623 2017 Exci-cc.
659 1976 720 2018 Pl.
753 1990 797 2031 p.
836 1980 929 2031 167,
963 1992 1055 2033 quae
1074 1991 1171 2019 cum
1199 1977 1288 2019 aliis
1316 1977 1442 2021 babes

194 2036 319 2078 etiam
358 2038 402 2078 in
437 2038 580 2094 Steph.
601 2038 728 2080 Thoe.
765 2053 805 2080 v.
838 2040 992 2089 κάλαϊς.
1024 2042 1201 2083 Causam
1233 2040 1444 2083 mutandae

195 2097 351 2141 codicis
368 2101 583 2156 scripturae
600 2099 795 2143 idoneam
826 2117 912 2143 non
930 2101 1072 2145 adoese
1094 2111 1232 2145 censet
1250 2103 1443 2145 Schwan·

194 2160 366 2204 beckius
385 2177 429 2219 p.
455 2166 555 2218 499.
571 2163 736 2205 Nomen
752 2162 940 2206 indicum
959 2165 1002 2206 in
1017 2165 1118 2220 ling.
1140 2179 1297 2207 sanscr.
1318 2164 1443 2208 fuisse

194 2223 284 2266 vult
302 2223 501 2280 kaljdna,·
518 2223 563 2265 id
581 2225 831 2268 vocabulum
862 2226 1110 2283 plerumque
1130 2226 1304 2284 quidem
1318 2242 1443 2285 pecu-

192 2283 310 2329 niam
338 2286 592 2341 significare,
621 2286 696 2329 sed
726 2301 852 2330 sensu
879 2287 1123 2343 generaliori
1150 2287 1357 2345 quidquid
1389 2292 1443 2332 sit

192 2346 401 2403 pulcrum,
430 2347 608 2406 ideoque
627 2350 753 2392 etiam
771 2349 826 2393 de
848 2363 1013 2406 gemma
1027 2352 1213 2407 potuisse
1230 2354 1439 2408 usurpari.

193 2409 379 2466 Kaljdaa
407 2420 546 2454 autem
572 2426 703 2469 graece
730 2412 943 2463 καλλιανδς
971 2413 1036 2456 vel
1057 2413 1273 2464 καλλεανδς
1303 2417 1442 2471 potius

193 2486 319 2528 quam
350 2473 564 2525 καλλαϊνδς
598 2475 826 2519 dicendum
858 2475 1000 2519 fuisse.
1039 2477 1237 2519 Similiter
1268 2478 1443 2534 Kalja‘ni

192 2535 396 2580 Indorum
417 2539 572 2582 Nostro
593 2553 679 2581 non
697 2538 904 2582 Καλλάῖνα
921 2539 1021 2592 dici,
1044 2539 1136 2593 sed,
1161 2541 1222 2582 uti
1245 2539 1438 2593 debebat,

196 2598 393 2642 Καλλίενα
413 2600 428 2658 (
445 2604 469 2656 5
489 2602 591 2657 52).
622 2603 639 2657 ΙΙ
661 2626 720 2635 -
752 2615 795 2644 a.
823 2601 1021 2659 Σηρικὰ
1051 2603 1310 2660 δέρματα]
1343 2605 1441 2646 Haec

193 2664 348 2718 specioe
370 2664 466 2706 alibi
484 2679 572 2707 non
590 2666 789 2708 occurrit.
821 2667 982 2708 Vocem
1002 2665 1174 2709 sortasse
1199 2676 1436 2723 corruptam

193 2738 281 2765 ase
292 2727 523 2782 suspicatur
538 2728 771 2771 Vincentus
783 2741 829 2785 p.
852 2729 951 2784 390.
969 2731 1035 2771 An
1050 2727 1197 2785 Σηρικὸι
1208 2727 1408 2785 ἀθύρματα
1422 2730 1440 2771 ?

199 2786 297 2840 11-
332 2788 373 2829 3.
406 2787 571 2831 Ἰνδικὸν
598 2790 735 2845 μέλαν,
768 2789 937 2845 Indigo.
967 2791 985 2847 ΙΙ
1005 2816 1063 2823 -
1091 2790 1360 2847 ἀνάγονται
1394 2791 1439 2833 δὲ

195 2847 281 2889 καὶ
302 2849 407 2890 κτλ.
425 2850 442 2906 ]
460 2850 652 2892 Stuckius
667 2852 791 2893 vertit
811 2864 823 2893 z
843 2872 861 2888 ι
878 2853 943 2894 Eo
959 2853 1153 2907 navigant
1171 2867 1268 2894 cum
1283 2851 1440 2894 Indicis

194 2910 401 2953 mercibus
427 2926 568 2954 mense
581 2914 605 2954 J
609 2913 709 2954 ulio.
729 2913 945 2967 Navigatio
959 2914 1048 2956 haec
1065 2914 1252 2956 difficiles
1268 2915 1438 2970 quidem

193 2972 321 3017 habet
347 2988 557 3028 accoesus5
581 2982 624 3017 at
651 2974 827 3030 pronior
843 2983 906 3017 est
930 2984 973 3017 et
993 2975 1161 3017 brevior
1193 2997 1210 3013 ·
1241 2976 1440 3033 (brevior

194 3049 374 3093 quanam
390 3035 409 3078 Ρ
423 3036 456 3093 ).
479 3034 606 3090 Quod
623 3037 857 3079 Vincentus
871 3038 928 3089 11,
949 3050 992 3093 p.
1018 3038 1099 3092 390
1122 3039 1177 3079 ita
1196 3038 1439 3094 interpreta-

193 3106 294 3142 tur:
315 3115 334 3139 ι
350 3098 444 3142 The
458 3098 611 3141 author
627 3098 835 3152 observes,
852 3099 942 3141 that
963 3101 1005 3141 in
1022 3098 1148 3141 order
1161 3109 1202 3141 to
1218 3101 1339 3142 reach
1357 3101 1436 3143 this

192 3169 291 3218 port
310 3161 355 3204 in
371 3160 443 3203 the
469 3174 625 3218 proper
648 3175 810 3213 season,
834 3161 906 3204 the
921 3161 1035 3219 ships
1057 3162 1208 3204 should
1230 3162 1342 3204 leave
1366 3164 1436 3205 tbe

192 3222 379 3266 harbour
392 3222 443 3266 ol*
450 3223 647 3266 Berenice
658 3224 701 3266 in
716 3222 869 3281 Epipbi
884 3238 934 3267 or
943 3226 968 3267 J
971 3224 1063 3282 uly;
1078 3223 1248 3279 adding,
1264 3225 1351 3267 that
1367 3226 1436 3267 the

177 3299 360 3342 -passage
377 3285 503 3329 down
521 3286 593 3330 the
614 3286 702 3329 Red
725 3301 792 3330 sea
814 3287 849 3329 is
876 3285 1053 3331 difficult
1072 3296 1115 3331 at
1129 3302 1176 3331 so
1197 3287 1306 3344 early
1322 3302 1344 3330 a
1363 3303 1434 3344 pe·

192 3347 303 3400 riod,
319 3348 395 3391 but
410 3350 499 3392 that
512 3364 536 3392 a
551 3348 758 3392 favorable
770 3347 883 3391 wind
901 3349 1007 3406 (that
1021 3349 1056 3392 is
1070 3348 1142 3392 the
1160 3351 1382 3407 monsoon)
1402 3352 1435 3392 is

192 3423 310 3454 more
322 3411 455 3468 easely
475 3410 671 3454 obtained
686 3410 791 3453 after
804 3425 889 3468 you
905 3411 1010 3454 have
1028 3409 1174 3469 passed
1194 3412 1264 3454 the
1278 3413 1430 3465 straits,

192 3471 274 3513 and
297 3473 366 3515 the
399 3488 553 3531 voyage
574 3488 692 3516 more
713 3473 988 3531 expeditious.
1026 3494 1044 3512 ι
1073 3473 1237 3529 Quodsi
1264 3474 1345 3517 boc
1364 3489 1432 3517 vo·

191 3532 345 3585 luisset,
363 3536 613 3591 perobscure
626 3544 771 3579 auctor
785 3536 947 3579 locutus
966 3536 1086 3580 soret.
1103 3538 1192 3593 Ego
1210 3537 1262 3579 ita
1278 3546 1429 3580 statuo.

128 3604 137 3611 ·
193 3595 243 3635 ln
266 3604 420 3637 antece.
441 3598 560 3653 juxta
589 3614 705 3641 oram
735 3598 787 3640 ad
812 3598 963 3641 Indum
990 3597 1158 3643 deducti
1177 3613 1342 3651 sumus;
1359 3599 1430 3642 sed

194 3658 375 3713 navigari
413 3674 462 3699 co
484 3663 606 3703 etiam
641 3677 715 3718 per
737 3662 864 3703 altum
889 3671 1050 3719 poterat
1079 3662 1247 3720 hippalo
1280 3673 1429 3715 vento;

195 3732 288 3775 quae
330 3723 532 3775 navigatio
564 3725 834 3778 periculosior
862 3725 1056 3781 quidem,
1092 3725 1163 3768 sed
1188 3728 1432 3769 concitatior

196 3781 458 3839 breviorque.
495 3785 611 3825 Hanc
645 3787 802 3828 itineris
838 3789 1042 3830 rationem
1075 3790 1190 3831 alteri
1228 3792 1428 3846 opponit,

196 3843 331 3886 verbis
368 3844 579 3902 ἀνάγονται
610 3848 650 3889 δὲ
684 3849 769 3907 καὶ
800 3858 839 3890 et
877 3850 1048 3893 ἐκείνων.
1078 3852 1218 3894 Verba
1254 3851 1362 3894 αὑτοὶ
1393 3851 1431 3893 οἷ

195 3907 375 3957 πλέοντες
395 3908 564 3965 plebeiae
585 3919 682 3952 sunt
704 3913 919 3965 graecitatis
935 3946 944 3963 ,
972 3929 1105 3969 neque
1134 3913 1354 3970 tangenda.
1380 3918 1433 3957 At

198 3969 312 4010 nihili
333 3984 420 4012 esse
438 3979 540 4028 puto
558 3972 664 4014 istud
687 3972 783 4029 μετὰ
807 3978 882 4015 τῶν
922 3974 1107 4019 Ἰνδικῶν.
1142 3979 1299 4019 Merces
1319 3976 1434 4019 Indis

946 148 1237 196 anonym
1270 136 1582 211 (Anniam,
1614 152 1702 203 υτ
1732 153 2008 220 marna)

1520 258 1641 312 lium,
1682 260 1854 319 lycium,
1890 263 2063 318 nardus,
2100 265 2271 310 callaina
2302 281 2487 323 gemma,
2524 281 2588 310 sa·
2723 254 2739 261 -
2757 251 2808 298 *s*

1518 329 1668 388 saiw
1684 330 1827 388 pata,
1843 331 2083 387 ommium,
2105 334 2226 379 mum
2246 337 2453 388 sericum,
2479 336 2676 382 lodicum
2719 325 2785 372 ’ἢ

1511 409 1652 451 grum.
1709 398 1908 442 Ceterum
1922 401 2119 456 navigant
2142 417 2195 447 eo
2210 404 2336 447 etiam
2357 419 2434 462 per
2453 405 2582 447 altum
2642 427 2648 442 ι
2670 407 2720 462 ·“,
2740 406 2747 410 “

1512 463 1654 506 cusiis
1670 466 1688 519 (
1702 464 1794 507 sive
1807 466 1998 524 Hippolo
2012 471 2166 525 veneo)
2189 471 2300 515 eires
2319 473 2480 516 Iulium
2500 474 2587 515 sive
2608 474 2706 531 Epi·
2723 469 2726 472 ⁴

1512 545 1720 584 mensem3
1750 546 1935 590 quorum
1964 535 2238 591 periculosior
2261 539 2433 596 quidem
2452 541 2526 584 sed
2557 557 2678 599 prom
2692 562 2730 580 ··

1513 600 1763 659 breviorque
1781 612 1843 646 at
1861 605 2083 659 navigatio.

1569 674 1640 723 40.
1661 674 1761 716 Post
1775 674 1971 717 Sinthum
1989 675 2165 718 fluvium
2183 676 2287 719 alius
2308 686 2370 720 est
2385 663 2502 723 sinus
2519 696 2663 726 versus
2697 706 2704 721 ·
2723 705 2731 721 ·

1513 767 1644 805 ream,
1685 755 1778 797 visu
1813 754 2019 808 difficili&
2057 757 2289 814 appellatur
2323 759 2487 802 Irinum
2506 776 2519 813 ς
2539 775 2635 819 μη

1515 836 1670 890 magni,
1692 849 1789 892 pars
1808 838 1924 893 parvi
1947 838 2118 880 nomine
2138 837 2423 894 distinguitur.
2484 842 2675 899 Utraque
2728 865 2731 877 ·

1513 918 1598 952 tem
1623 925 1719 967 pars
1735 911 1917 968 palustre
1934 912 2100 969 pelagus
2121 922 2197 966 αἱ,
2223 917 2398 957 vortices
2412 916 2569 959 habens
2587 917 2741 963 celem
2780 938 2787 948 ³

1514 987 1752 1038 continuos,
1769 1003 1792 1030 a
1804 997 1914 1032 terra
1929 988 2049 1044 longe
2067 992 2335 1047 pertinentes,
2349 994 2406 1035 ita
2418 1002 2465 1036 ut
2478 1008 2687 1051 stepenum
2699 1019 2715 1032 ι,
2744 1016 2753 1032 ο

1514 1078 1654 1115 naves,
1675 1073 1786 1106 terra
1807 1064 1996 1107 nondum
2026 1075 2263 1123 apparente,
2286 1067 2330 1109 in
2352 1068 2493 1112 brevia
2512 1071 2777 1128 impingant,

1514 1151 1556 1184 et
1577 1143 1751 1184 interius
1782 1150 1989 1198 proreptae
2026 1144 2152 1184 etiam
2183 1153 2369 1199 pereant.
2431 1147 2542 1189 Huic
2573 1148 2771 1191 imminet-

1513 1220 1623 1261 sinui
1641 1219 1994 1276 promontorium,
2018 1218 2132 1274 quod
2147 1219 2200 1261 ab
2221 1221 2337 1262 Irino
2357 1219 2411 1262 ad
2433 1223 2653 1276 orientem,
2669 1233 2760 1267 tum

1524 1351 1749 1394 destinatas
1771 1351 1915 1393 Ἰνδικὰ
1933 1351 2016 1393 dici
2042 1366 2162 1408 posse
2185 1367 2269 1394 non
2301 1353 2429 1395 credo
2454 1355 2532 1396 nisi
2562 1356 2749 1414 exempli.

1517 1415 1730 1470 probanti.
1767 1416 1879 1456 Num
1908 1414 2129 1470 legendum
2155 1414 2252 1471 μετὰ
2274 1414 2321 1457 τὰ
2346 1414 2506 1468 Ἰνδικὰ,
2536 1418 2643 1460 sicut
2671 1419 2730 1461 Η·

1517 1491 1656 1518 merus
1687 1478 1799 1519 canit
1820 1476 1935 1519 πλεῖν
1972 1476 2068 1533 μετὰ
2090 1477 2272 1533 χαλκόνὲ
2303 1480 2359 1520 At
2380 1477 2461 1522 hoc
2492 1488 2646 1535 poete,
2673 1495 2763 1524 non'

1515 1540 1646 1580 nostri
1675 1538 1966 1581 nundinator-is
1989 1539 2110 1581 soret.
2134 1541 2278 1595 Itaque
2309 1538 2434 1581 fuisse
2457 1539 2634 1596 conjicio
2665 1558 2764 1598 μετ

1514 1606 1592 1643 τῶν
1621 1602 1816 1653 ἱππάλων,
1853 1602 1939 1652 vel,
1973 1603 2006 1643 si
2037 1602 2118 1644 hoc
2131 1601 2343 1653 audacius,
2362 1601 2459 1658 μετὰ
2483 1609 2560 1646 τῶν
2589 1602 2760 1648 Ἰνδικῶν

1514 1664 1724 1717 [ἐτησίων.
1744 1666 1778 1719 ],
1800 1663 1948 1705 collato
1970 1667 1993 1718 S
2014 1664 2065 1719 57
2091 1664 2161 1706 ubi
2187 1678 2397 1707 mous-sons
2419 1668 2531 1708 venti
2555 1677 2757 1711 vocantur

1515 1726 1662 1780 ἐτησίαι
1678 1726 1717 1769 ἐν
1733 1731 1791 1783 τῷ
1815 1726 1966 1783 Ἰνδικῷ
1986 1727 2162 1783 πελάγει.
2194 1729 2211 1782 ss
2234 1751 2291 1760 -—
2308 1727 2347 1769 5.
2382 1726 2759 1790 ἐπιφορῶτερος]

1519 1787 1799 1843 ἐπιφορώτατος
1826 1789 1947 1838 cod.;
1970 1803 2051 1831 em.
2082 1790 2223 1831 stuck.
2251 1791 2447 1832 Ceterum
2489 1793 2565 1834 bac
2596 1795 2763 1850 naviga-

1518 1851 1630 1891 tione
1663 1850 1813 1891 Noster
1847 1863 2014 1905 quoque
2046 1865 2143 1891 usus
2181 1866 2273 1892 csse
2305 1851 2486 1894 videtur.
2527 1855 2635 1896 Nam

1513 1929 1538 1957 a
1553 1916 1670 1967 *Cane
1690 1915 1879 1971 emporio
1901 1929 2015 1956 nunc
2036 1913 2208 1956 demum
2230 1913 2282 1956 ad
2316 1916 2615 1959 accuratiorem
2645 1916 2677 1959 1
2696 1939 2726 1954 ι·
2741 1919 2743 1922 ’
2757 1894 2781 1960 2

1514 1990 1609 2018 rum
1628 1976 1949 2035 descriptionem
1983 1976 2107 2019 redit.
2136 1979 2153 2031 11
2174 2000 2230 2008 -
2250 1976 2300 2017 δὲ
2324 1976 2553 2034 ἐκείνων]
2594 1978 2691 2023 sort.
2719 2003 2727 2013 ·

1512 2039 1563 2079 δι’
1583 2038 1740 2081 ἐκείνων
1758 2055 1817 2082 sc.
1838 2044 1915 2082 τῶν
1943 2038 2115 2080 Ἰνδικῶν
2140 2038 2319 2092 ἐτησίων.
2759 2039 2783 2089 ’,,

1568 2103 1693 2155 540,
1718 2101 1746 2143 1.
1772 2103 1815 2144 8.
1851 2100 2090 2157 Εἰρινον]
2106 2101 2230 2142 Nunc
2266 2100 2347 2142 ltin
2376 2101 2461 2143 sive
2482 2103 2571 2143 Run
2591 2106 2779 2147 voe-tur·

1511 2163 1657 2218 ingens
1673 2172 1843 2216 tractus,
1857 2164 1929 2220 qui
1947 2177 2026 2221 pro
2041 2164 2139 2206 anni
2153 2162 2467 2219 tempestatibus
2478 2162 2606 2206 modo
2622 2164 2787 2212 dau-2³,

1511 2233 1603 2267 tum
1618 2234 1679 2268 est
1690 2235 1733 2268 et
1753 2226 1888 2268 solum
1906 2225 2177 2268 durissimum
2189 2225 2354 2281 saleque
2370 2239 2608 2283 pregnans,
2632 2226 2791 2282 modoss

1510 2286 1623 2329 lacus
1641 2287 1800 2330 lutosus
1817 2287 2028 2343 salsusque
2041 2318 2053 2339 ,
2077 2288 2202 2328 variis
2222 2286 2366 2328 insulis
2395 2285 2629 2331 distincms.
2648 2289 2787 2334 Olim-‘¹

1512 2358 1650 2392 tamen
1685 2347 1795 2391 istud
1833 2350 1914 2391 mn
1947 2350 2077 2403 magis
2109 2347 2376 2405 depressum,
2397 2356 2616 2407 totumque
2648 2364 2765 2396 man

1510 2420 1753 2468 coopertum
1777 2410 1902 2452 fuisse
1919 2409 2044 2452 debet
2063 2409 2148 2467 (V.
2168 2411 2328 2452 Burnes
2346 2410 2524 2453 Memoir
2533 2410 2664 2466 oftloe
2700 2442 2709 2449 ν
2735 2441 2737 2445 -

1509 2484 1622 2515 stem
1654 2474 1807 2516 branch
1835 2473 1886 2527 of
1912 2472 1978 2514 tlte
1996 2471 2130 2515 Indus
2154 2471 2243 2513 and
2269 2471 2336 2514 tlte
2360 2475 2454 2515 Bun
2470 2471 2684 2528 osan-ech
2722 2493 2742 2509 ¹·
2784 2476 2790 2517 -i

1518 2537 1705 2588 Travels,
1723 2535 1919 2587 London,
1950 2535 2072 2585 1834.
2091 2542 2124 2576 t.
2144 2536 2222 2586 m,
2242 2548 2285 2591 p.
2309 2534 2391 2590 309
2412 2548 2506 2591 sqq.
2525 2536 2661 2579 Ritter
2783 2520 2790 2567 1

1510 2614 1554 2655 p.
1576 2602 1658 2654 948
1674 2601 1706 2657 ).
1732 2601 1829 2642 Exit
1848 2602 1940 2641 Rem
1964 2600 2007 2639 in
2025 2599 2181 2648 sinum,
2204 2611 2330 2653 quem
2352 2610 2546 2639 vocamus
2562 2597 2675 2653 gom
2714 2614 2761 2657 ,ῃ
2784 2570 2790 2632 1

1514 2662 1678 2710 Cutsch,
1699 2661 1816 2717 cujus
1835 2662 1951 2702 sinus
1973 2668 2131 2715 partem
2152 2660 2391 2700 interiorem
2411 2660 2575 2710 Noster,
2598 2673 2759 2716 parum
2782 2633 2789 2687 1

1509 2722 1701 2765 distincte
1715 2738 1803 2764 rem
1819 2736 2046 2778 exponens,
2069 2720 2223 2775 Εἰρινοῦ
2236 2721 2405 2762 nomine
2415 2721 2751 2778 comprehendit,
2771 2717 2788 2767 ,⁴

1509 2785 1712 2841 siquidem
1734 2786 1805 2840 qui
1838 2798 1935 2826 mox
1964 2784 2152 2838 sequitur
2170 2781 2346 2824 Barakes
2373 2783 2489 2825 sinus
2512 2784 2678 2827 nonnisi
2708 2807 2715 2820 ι

1507 2849 1711 2890 exteriore
1731 2855 1848 2903 parte
1871 2846 1987 2887 sinus
2005 2845 2055 2887 de
2086 2844 2232 2887 Caesel»
2263 2844 2432 2899 intelligi
2455 2854 2604 2902 potest.
2644 2848 2662 2903 ΙΙ
2738 2850 2783 2899 ’ξ

1512 2925 1577 2954 10.
1599 2911 1732 2959 δίνας
1764 2908 2004 2965 ἐλαφρὰς]
2025 2909 2137 2950 Num
2159 2916 2269 2949 recte
2290 2916 2451 2950 vertant
2468 2908 2726 2954 wracene!
2780 2939 2786 2964 1

1507 2989 1592 3023 res,
1616 2972 1812 3031 rapidos,
1837 2971 2001 3013 dubito.
2025 2970 2138 3012 Infra
2160 2974 2182 3023 S
2216 2971 2266 3011 55
2292 2970 2416 3012 habes
2444 2971 2628 3022 διάπλους
2714 2999 2732 3004 ω

1507 3042 1641 3098 epponi-5,
1670 3038 1784 3097 quod
1815 3038 1871 3080 ibi
1908 3037 2062 3080 dicitur
2092 3036 2146 3079 de
2176 3037 2304 3078 fluvio
2340 3034 2397 3077 ob
2435 3032 2627 3090 scopulos
2671 3052 2677 3066 ·
2785 3025 2790 3040 “

1509 3106 1656 3160 viaque
1687 3102 1846 3144 onustis
1878 3100 2052 3142 navibus
2075 3114 2160 3141 non
2195 3096 2525 3156 pernavigando.
2551 3097 2656 3138 Cum
2690 3093 2734 3136 h
2807 3159 2808 3162 Ἴ

1505 3162 1808 3216 comparandus
1824 3158 2006 3200 AEtianus
2025 3157 2078 3198 N.
2101 3160 2152 3199 Λ.
2175 3157 2261 3206 IX,
2295 3158 2347 3210 [09
2367 3167 2378 3197 t
2407 3154 2494 3197 Τῶν
2523 3158 2652 3210 κητῶν
2671 3161 2728 3199 τῶ
2752 3179 2754 3182 >
2806 3163 2808 3210 ᾗ

1507 3223 1700 3279 μεγίστων
1727 3220 1924 3276 αἰγιαλοῖς
1947 3220 2011 3261 καὶ
2039 3219 2127 3276 ᾐόσι
2157 3218 2222 3259 καὶ
2243 3220 2325 3267 τοῖς
2347 3217 2582 3275 ἐλαφροῖς
2610 3218 2702 3261 καλ·
2731 3226 2735 3231 “

1507 3284 1633 3340 μένοις
1651 3284 1715 3326 καὶ
1735 3284 1895 3338 βραχέσι
1913 3283 2070 3337 χωρίοις
2091 3280 2348 3336 προσπελάζει
2369 3279 2495 3327 οὗὸἒν.
2520 3278 2627 3323 οἰκεῖ
2642 3279 2684 3325 B}
2716 3307 2722 3313 -

1502 3346 1681 3402 πελάγη,
1716 3346 1788 3387 ubi
1813 3343 1959 3400 ἐλαφρὰ
1983 3345 2068 3386 loca
2102 3353 2199 3386 sunt
2218 3358 2312 3400 quae
2335 3351 2501 3386 tenuem
2524 3344 2610 3386 vim
2631 3358 2671 3387 a·
2710 3344 2730 3352 ”

1505 3408 1674 3461 habent,
1695 3409 1781 3450 sive
1803 3407 2086 3464 profunditate
2109 3416 2265 3449 carent.
2297 3404 2458 3449 Eodem
2479 3420 2606 3450 sensu
2622 3420 2648 3465 e
2702 3427 2704 3434 ⁴

1505 3482 1647 3514 nostro
1662 3471 1754 3514 loco
1772 3485 1853 3513 vox
1874 3471 2065 3527 usurpari
2086 3470 2187 3512 mihi
2208 3468 2395 3522 videtur;
2419 3483 2549 3526 quare
2573 3503 2578 3506 -
2597 3491 2613 3506 u
2660 3494 2665 3505 ·
2686 3471 2719 3528 ’ᾗ

1502 3533 1604 3576 dum
1627 3543 1730 3591 puto
1752 3535 1860 3583 Θῗνας
1881 3533 2066 3590 ἐλαφρὰς,
2099 3531 2214 3589 quod
2238 3531 2548 3588 intelligendum
2581 3531 2636 3576 de
2674 3532 2730 3587 γ”ζ

1502 3599 1688 3650 marinis,
1713 3596 1785 3639 sed
1804 3598 2063 3653 superficiem
2093 3611 2297 3654 aquarum
2322 3604 2483 3638 tantum
2517 3609 2602 3638 non
2620 3609 2692 3650 ι·γ
2735 3613 2737 3616 ⁴
2776 3611 2777 3614 ¹

1502 3661 1694 3714 gentibus
1715 3674 1935 3701 arenarum
1959 3660 2105 3702 tat-niis.
2131 3662 2148 3715 ΙΙ
2173 3683 2231 3692 —-
2252 3672 2318 3701 12.
2338 3656 2668 3715 ἐποκέλλειν]
2710 3703 2720 3710 „

1502 3731 1612 3764 recte
1642 3721 1797 3772 codex;
1838 3720 1952 3764 άποκ.
1991 3721 2128 3775 vulgo.
2167 3723 2261 3777 11-
2299 3721 2365 3764 13.
2398 3718 2714 3764 antinno«
2788 3719 2793 3732 ⁵

1504 3782 1755 3839 ἀπολλύμενα
1781 3792 1821 3825 et
1855 3798 1950 3825 mox
1974 3782 2153 3839 ὒπερήκει
2186 3797 2265 3840 pro
2293 3782 2469 3839 ὑπερέχει
2484 3781 2637 3833 codex;
2674 3810 2679 3814 ⁹

1503 3853 1620 3894 editt.
1647 3858 1743 3908 11-
1760 3852 1851 3895 άπὸ
1875 3856 1956 3895 τοῦ
1980 3852 2203 3909 Εἶρινοῦ]
2226 3851 2301 3895 άπὸ
2320 3855 2389 3894 τοῦ
2404 3853 2525 3909 ὅρμου
2540 3849 2710 3906 codex,

1504 3930 1588 3970 quo
1607 3914 1850 3971 explicando
1871 3915 2020 3957 frustra
2043 3913 2297 3956 desudarunt
2322 3914 2590 3969 interpretem
2624 3933 2629 3945 ·
2745 3927 2762 3969 ⁴<

1504 3980 1613 4019 enim
1644 3979 1760 4034 ὅρμος
1788 3977 1851 4019 illc
1873 3991 1967 4019 cum
1985 3978 2193 4019 vincento
2215 3978 2257 4018 in
2280 3975 2503 4018 Barbarico
2530 3971 2625 4016 Indi
