<?xml version="1.0" encoding="UTF-8"?>
<!DOCTYPE html PUBLIC "-//W3C//DTD XHTML 1.0 Transitional//EN"
    "http://www.w3.org/TR/xhtml1/DTD/xhtml1-transitional.dtd">
<html xmlns="http://www.w3.org/1999/xhtml" xml:lang="en" lang="en">
 <head>
  <title>
</title>
<meta http-equiv="Content-Type" content="text/html;charset=utf-8" />
  <meta name='ocr-system' content='tesseract 3.04.00' />
  <meta name='ocr-capabilities' content='ocr_page ocr_carea ocr_par ocr_line ocrx_word'/>
</head>
<body>
  <div class='ocr_page' id='page_1' title='image "./geographigraeci00mueluoft_0221.png"; bbox 0 0 2782 4348; ppageno 0'>
   <div class='ocr_carea' id='block_1_1' title="bbox 94 137 255 198">
    <p class='ocr_par' dir='ltr' id='par_1_1' title="bbox 94 137 255 198">
     <span class='ocr_line' id='line_1_1' title="bbox 94 137 255 198; baseline -0.006 0"><span class='ocrx_word' id='word_1_1' title='bbox 94 137 255 198; x_wconf 50' lang='lat'>(³2³³.)</span> 
     </span>
    </p>
   </div>
   <div class='ocr_carea' id='block_1_2' title="bbox 88 235 1324 916">
    <p class='ocr_par' dir='ltr' id='par_1_2' title="bbox 90 235 1320 372">
     <span class='ocr_line' id='line_1_2' title="bbox 138 235 1320 302; baseline -0.003 -15"><span class='ocrx_word' id='word_1_2' title='bbox 138 257 207 294; x_wconf 50' lang='lat'>132.</span> <span class='ocrx_word' id='word_1_3' title='bbox 233 245 469 288; x_wconf 88' lang='grc' dir='ltr'>ΒΥΖΗΡΕΣ.</span> <span class='ocrx_word' id='word_1_4' title='bbox 489 237 610 288; x_wconf 88' lang='grc' dir='ltr'>Μετὰ</span> <span class='ocrx_word' id='word_1_5' title='bbox 628 239 670 285; x_wconf 82' lang='grc' dir='ltr'>δὲ</span> <span class='ocrx_word' id='word_1_6' title='bbox 685 239 777 291; x_wconf 76' lang='grc' dir='ltr'>τοὺς</span> <span class='ocrx_word' id='word_1_7' title='bbox 796 239 984 301; x_wconf 82' lang='grc' dir='ltr'>Κόλχους</span> <span class='ocrx_word' id='word_1_8' title='bbox 1001 235 1181 302; x_wconf 80' lang='grc' dir='ltr'>Βύζηρες</span> <span class='ocrx_word' id='word_1_9' title='bbox 1212 239 1320 297; x_wconf 86' lang='grc' dir='ltr'>ἔθνος</span> 
     </span>
     <span class='ocr_line' id='line_1_3' title="bbox 90 306 1116 372; baseline -0.002 -18"><span class='ocrx_word' id='word_1_10' title='bbox 90 308 161 354; x_wconf 83' lang='grc' dir='ltr'>καὶ</span> <span class='ocrx_word' id='word_1_11' title='bbox 198 310 426 372; x_wconf 82' lang='grc' dir='ltr'>Δαραανῶν</span> <span class='ocrx_word' id='word_1_12' title='bbox 449 307 634 367; x_wconf 83' lang='grc' dir='ltr'>ποταμὸς</span> <span class='ocrx_word' id='word_1_13' title='bbox 659 306 730 352; x_wconf 83' lang='grc' dir='ltr'>καὶ</span> <span class='ocrx_word' id='word_1_14' title='bbox 753 306 897 368; x_wconf 85' lang='grc' dir='ltr'>Ἀρίων</span> <span class='ocrx_word' id='word_1_15' title='bbox 917 307 1116 366; x_wconf 85' lang='grc' dir='ltr'>ποταμός.</span> 
     </span>
    </p>

    <p class='ocr_par' dir='ltr' id='par_1_3' title="bbox 91 373 1324 577">
     <span class='ocr_line' id='line_1_4' title="bbox 155 373 1324 438; baseline -0.002 -14"><span class='ocrx_word' id='word_1_16' title='bbox 155 394 212 427; x_wconf 87' lang='lat'>83.</span> <span class='ocrx_word' id='word_1_17' title='bbox 239 381 569 425; x_wconf 85' lang='grc' dir='ltr'>ΕΚΕΧΕΙΡΙΕΙΣ.</span> <span class='ocrx_word' id='word_1_18' title='bbox 604 374 726 422; x_wconf 86' lang='grc' dir='ltr'>Μετὰ</span> <span class='ocrx_word' id='word_1_19' title='bbox 759 373 803 419; x_wconf 84' lang='grc' dir='ltr'>δὲ</span> <span class='ocrx_word' id='word_1_20' title='bbox 833 374 1022 437; x_wconf 86' lang='grc' dir='ltr'>Βύζηρας</span> <span class='ocrx_word' id='word_1_21' title='bbox 1056 375 1324 438; x_wconf 86' lang='grc' dir='ltr'>Ἐκεχειριεῖς</span> 
     </span>
     <span class='ocr_line' id='line_1_5' title="bbox 93 442 1324 506; baseline -0.002 -14"><span class='ocrx_word' id='word_1_22' title='bbox 93 446 230 506; x_wconf 84' lang='grc' dir='ltr'>ἔθνος,</span> <span class='ocrx_word' id='word_1_23' title='bbox 258 447 328 492; x_wconf 86' lang='grc' dir='ltr'>καὶ</span> <span class='ocrx_word' id='word_1_24' title='bbox 357 444 542 504; x_wconf 83' lang='grc' dir='ltr'>ποταμὸς</span> <span class='ocrx_word' id='word_1_25' title='bbox 568 442 792 506; x_wconf 72' lang='grc' dir='ltr'>Πορδανὶς,</span> <span class='ocrx_word' id='word_1_26' title='bbox 826 442 898 488; x_wconf 79' lang='grc' dir='ltr'>καὶ</span> <span class='ocrx_word' id='word_1_27' title='bbox 925 443 1088 504; x_wconf 73' lang='grc' dir='ltr'>Ἀραὸὶς</span> <span class='ocrx_word' id='word_1_28' title='bbox 1119 444 1324 504; x_wconf 83' lang='grc' dir='ltr'>ποταμὸς,</span> 
     </span>
     <span class='ocr_line' id='line_1_6' title="bbox 91 507 1044 577; baseline -0.01 -14"><span class='ocrx_word' id='word_1_29' title='bbox 91 517 230 577; x_wconf 86' lang='grc' dir='ltr'>Λίμνη</span> <span class='ocrx_word' id='word_1_30' title='bbox 250 507 388 570; x_wconf 79' lang='grc' dir='ltr'>πόλις,</span> <span class='ocrx_word' id='word_1_31' title='bbox 408 513 604 564; x_wconf 86' lang='grc' dir='ltr'>Ὠδείνιος</span> <span class='ocrx_word' id='word_1_32' title='bbox 626 512 742 565; x_wconf 88' lang='grc' dir='ltr'>πόλις</span> <span class='ocrx_word' id='word_1_33' title='bbox 765 511 974 569; x_wconf 85' lang='grc' dir='ltr'>Ἑλληνίς.</span> <span class='ocrx_word' id='word_1_34' title='bbox 1042 551 1044 553; x_wconf 76' lang='grc'>,</span> 
     </span>
    </p>

    <p class='ocr_par' dir='ltr' id='par_1_4' title="bbox 90 581 1324 715">
     <span class='ocr_line' id='line_1_7' title="bbox 153 581 1324 644; baseline -0.003 -13"><span class='ocrx_word' id='word_1_35' title='bbox 153 602 210 635; x_wconf 77' lang='lat'>84.</span> <span class='ocrx_word' id='word_1_36' title='bbox 233 586 525 631; x_wconf 87' lang='lat' dir='ltr'>BEXEIPIKH.</span> <span class='ocrx_word' id='word_1_37' title='bbox 558 581 679 629; x_wconf 83' lang='grc' dir='ltr'>Μετὰ</span> <span class='ocrx_word' id='word_1_38' title='bbox 700 582 966 644; x_wconf 83' lang='grc' dir='ltr'>Ἐκεχειριεῒς</span> <span class='ocrx_word' id='word_1_39' title='bbox 984 581 1171 644; x_wconf 80' lang='grc' dir='ltr'>Βέχειροι</span> <span class='ocrx_word' id='word_1_40' title='bbox 1188 581 1296 634; x_wconf 84' lang='grc' dir='ltr'><strong>ἔθνος</strong></span> <span class='ocrx_word' id='word_1_41' title='bbox 1311 619 1324 643; x_wconf 89' lang='grc'>,</span> 
     </span>
     <span class='ocr_line' id='line_1_8' title="bbox 90 649 1087 715; baseline -0.001 -16"><span class='ocrx_word' id='word_1_42' title='bbox 90 651 325 715; x_wconf 84' lang='grc' dir='ltr'>Βεχειρικὸς</span> <span class='ocrx_word' id='word_1_43' title='bbox 342 649 483 711; x_wconf 86' lang='grc' dir='ltr'>λιμὴν,</span> <span class='ocrx_word' id='word_1_44' title='bbox 505 649 722 713; x_wconf 87' lang='grc' dir='ltr'>Βεχειριὰς</span> <span class='ocrx_word' id='word_1_45' title='bbox 738 651 856 702; x_wconf 88' lang='grc' dir='ltr'>πόλις</span> <span class='ocrx_word' id='word_1_46' title='bbox 876 649 1087 706; x_wconf 86' lang='grc' dir='ltr'>Ἑλληνίς.</span> 
     </span>
    </p>

    <p class='ocr_par' dir='ltr' id='par_1_5' title="bbox 88 717 1324 916">
     <span class='ocr_line' id='line_1_9' title="bbox 153 717 1324 783; baseline -0.001 -16"><span class='ocrx_word' id='word_1_47' title='bbox 153 737 211 768; x_wconf 86' lang='lat'>85.</span> <span class='ocrx_word' id='word_1_48' title='bbox 236 723 659 767; x_wconf 58' lang='grc' dir='ltr'><strong>’ΜΑΚΡΟΚΕΦΑΛΟᾙ</strong></span> <span class='ocrx_word' id='word_1_49' title='bbox 694 719 815 766; x_wconf 85' lang='grc' dir='ltr'>Μετὰ</span> <span class='ocrx_word' id='word_1_50' title='bbox 845 717 886 765; x_wconf 82' lang='grc' dir='ltr'>δὲ</span> <span class='ocrx_word' id='word_1_51' title='bbox 919 720 1118 782; x_wconf 80' lang='grc' dir='ltr'>Βέχειρας</span> <span class='ocrx_word' id='word_1_52' title='bbox 1142 723 1324 783; x_wconf 86' lang='grc' dir='ltr'>Μακρο-</span> 
     </span>
     <span class='ocr_line' id='line_1_10' title="bbox 88 789 1324 855; baseline -0.002 -18"><span class='ocrx_word' id='word_1_53' title='bbox 88 790 258 855; x_wconf 81' lang='grc' dir='ltr'>κέφαλοι</span> <span class='ocrx_word' id='word_1_54' title='bbox 294 789 423 848; x_wconf 83' lang='grc' dir='ltr'><strong>ἔθνος,</strong></span> <span class='ocrx_word' id='word_1_55' title='bbox 458 790 529 836; x_wconf 76' lang='grc' dir='ltr'>καὶ</span> <span class='ocrx_word' id='word_1_56' title='bbox 551 792 724 852; x_wconf 81' lang='grc' dir='ltr'>Ψωρῶν</span> <span class='ocrx_word' id='word_1_57' title='bbox 759 789 899 850; x_wconf 79' lang='grc' dir='ltr'>λιμὴν,</span> <span class='ocrx_word' id='word_1_58' title='bbox 931 792 1173 852; x_wconf 76' lang='grc' dir='ltr'>Τραπεζοῦς</span> <span class='ocrx_word' id='word_1_59' title='bbox 1206 790 1324 842; x_wconf 85' lang='grc' dir='ltr'>πόλις</span> 
     </span>
     <span class='ocr_line' id='line_1_11' title="bbox 103 859 292 916; baseline 0 -9"><span class='ocrx_word' id='word_1_60' title='bbox 103 859 292 916; x_wconf 86' lang='grc' dir='ltr'>Ελληνίς.</span> 
     </span>
    </p>
   </div>
   <div class='ocr_carea' id='block_1_3' title="bbox 48 1005 1328 3623">
    <p class='ocr_par' dir='ltr' id='par_1_6' title="bbox 48 1005 1327 2874">
     <span class='ocr_line' id='line_1_12' title="bbox 142 1005 1319 1061; baseline 0.001 -16"><span class='ocrx_word' id='word_1_61' title='bbox 142 1007 244 1058; x_wconf 86' lang='grc'>582.</span> <span class='ocrx_word' id='word_1_62' title='bbox 267 1005 390 1058; x_wconf 87' lang='grc' dir='ltr'>Βύζη</span> <span class='ocrx_word' id='word_1_63' title='bbox 404 1007 504 1060; x_wconf 88' lang='grc' dir='ltr'>ρες]</span> <span class='ocrx_word' id='word_1_64' title='bbox 524 1005 712 1060; x_wconf 88' lang='grc' dir='ltr'>Βούσηρες</span> <span class='ocrx_word' id='word_1_65' title='bbox 724 1005 854 1046; x_wconf 87' lang='lat' dir='ltr'>codex</span> <span class='ocrx_word' id='word_1_66' title='bbox 868 1021 880 1056; x_wconf 89' lang='lat'>;</span> <span class='ocrx_word' id='word_1_67' title='bbox 897 1007 1109 1046; x_wconf 84' lang='lat' dir='ltr'>Hecataeus</span> <span class='ocrx_word' id='word_1_68' title='bbox 1128 1005 1202 1061; x_wconf 85' lang='lat' dir='ltr'>(fr.</span> <span class='ocrx_word' id='word_1_69' title='bbox 1226 1005 1319 1061; x_wconf 89' lang='lat'>190)</span> 
     </span>
     <span class='ocr_line' id='line_1_13' title="bbox 85 1067 1323 1123; baseline 0.001 -16"><span class='ocrx_word' id='word_1_70' title='bbox 85 1069 246 1123; x_wconf 80' lang='grc' dir='ltr'>Δίζηρας</span> <span class='ocrx_word' id='word_1_71' title='bbox 285 1067 385 1108; x_wconf 86' lang='lat' dir='ltr'>dicit</span> <span class='ocrx_word' id='word_1_72' title='bbox 400 1099 411 1118; x_wconf 93' lang='lat'>,</span> <span class='ocrx_word' id='word_1_73' title='bbox 449 1076 544 1123; x_wconf 84' lang='lat' dir='ltr'>post</span> <span class='ocrx_word' id='word_1_74' title='bbox 577 1082 681 1123; x_wconf 90' lang='lat' dir='ltr'>quos</span> <span class='ocrx_word' id='word_1_75' title='bbox 714 1068 901 1108; x_wconf 87' lang='lat' dir='ltr'>habitant</span> <span class='ocrx_word' id='word_1_76' title='bbox 928 1068 1023 1108; x_wconf 87' lang='grc' dir='ltr'><strong>Χοοί</strong></span> <span class='ocrx_word' id='word_1_77' title='bbox 1052 1077 1092 1108; x_wconf 93' lang='lat' dir='ltr'>et</span> <span class='ocrx_word' id='word_1_78' title='bbox 1130 1068 1323 1123; x_wconf 83' lang='lat' dir='ltr'>deinceps</span> 
     </span>
     <span class='ocr_line' id='line_1_14' title="bbox 86 1130 1323 1186; baseline 0 -15"><span class='ocrx_word' id='word_1_79' title='bbox 86 1132 274 1186; x_wconf 79' lang='grc' dir='ltr'>Βὲχειρες.</span> <span class='ocrx_word' id='word_1_80' title='bbox 300 1131 456 1172; x_wconf 87' lang='lat' dir='ltr'>Plinius</span> <span class='ocrx_word' id='word_1_81' title='bbox 469 1132 546 1181; x_wconf 91' lang='lat' dir='ltr'>VI,</span> <span class='ocrx_word' id='word_1_82' title='bbox 569 1134 620 1179; x_wconf 85' lang='grc'>4;</span> <span class='ocrx_word' id='word_1_83' title='bbox 646 1130 795 1179; x_wconf 87' lang='lat' dir='ltr'>Colchi,</span> <span class='ocrx_word' id='word_1_84' title='bbox 821 1130 983 1179; x_wconf 82' lang='lat' dir='ltr'>Buzeri,</span> <span class='ocrx_word' id='word_1_85' title='bbox 1003 1130 1203 1180; x_wconf 80' lang='lat' dir='ltr'><em>Bechires,</em></span> <span class='ocrx_word' id='word_1_86' title='bbox 1229 1134 1323 1172; x_wconf 84' lang='lat' dir='ltr'>Ma-</span> 
     </span>
     <span class='ocr_line' id='line_1_15' title="bbox 62 1193 1319 1248; baseline -0.001 -14"><span class='ocrx_word' id='word_1_87' title='bbox 62 1204 64 1206; x_wconf 84' lang='grc'><strong>’</strong></span> <span class='ocrx_word' id='word_1_88' title='bbox 86 1209 238 1234; x_wconf 70' lang='lat' dir='ltr'>cronos.</span> <span class='ocrx_word' id='word_1_89' title='bbox 257 1194 416 1234; x_wconf 91' lang='lat' dir='ltr'>Eodem</span> <span class='ocrx_word' id='word_1_90' title='bbox 432 1193 558 1234; x_wconf 93' lang='lat' dir='ltr'>modo</span> <span class='ocrx_word' id='word_1_91' title='bbox 574 1194 798 1248; x_wconf 84' lang='lat' dir='ltr'>Dionysius</span> <span class='ocrx_word' id='word_1_92' title='bbox 821 1193 916 1248; x_wconf 86' lang='lat'>765.</span> <span class='ocrx_word' id='word_1_93' title='bbox 942 1196 1046 1234; x_wconf 86' lang='lat' dir='ltr'><strong>Item</strong></span> <span class='ocrx_word' id='word_1_94' title='bbox 1067 1193 1174 1234; x_wconf 90' lang='lat' dir='ltr'>Mela</span> <span class='ocrx_word' id='word_1_95' title='bbox 1188 1195 1223 1243; x_wconf 92' lang='lat' dir='ltr'>I,</span> <span class='ocrx_word' id='word_1_96' title='bbox 1254 1208 1319 1246; x_wconf 89' lang='lat'>19,</span> 
     </span>
     <span class='ocr_line' id='line_1_16' title="bbox 91 1255 1318 1312; baseline 0.001 -17"><span class='ocrx_word' id='word_1_97' title='bbox 91 1270 141 1297; x_wconf 91' lang='lat'>10</span> <span class='ocrx_word' id='word_1_98' title='bbox 157 1270 166 1296; x_wconf 87' lang='lat'>:</span> <span class='ocrx_word' id='word_1_99' title='bbox 185 1256 334 1307; x_wconf 79' lang='lat' dir='ltr'><em>Colchi,</em></span> <span class='ocrx_word' id='word_1_100' title='bbox 352 1256 513 1305; x_wconf 82' lang='lat' dir='ltr'>Buzeri,</span> <span class='ocrx_word' id='word_1_101' title='bbox 536 1256 715 1304; x_wconf 84' lang='lat' dir='ltr'>Becheri,</span> <span class='ocrx_word' id='word_1_102' title='bbox 734 1255 1055 1312; x_wconf 79' lang='lat' dir='ltr'><em>Macrocephali.</em></span> <span class='ocrx_word' id='word_1_103' title='bbox 1078 1258 1158 1310; x_wconf 91' lang='lat' dir='ltr'>Ap.</span> <span class='ocrx_word' id='word_1_104' title='bbox 1181 1257 1318 1310; x_wconf 86' lang='lat' dir='ltr'>Apoll.</span> 
     </span>
     <span class='ocr_line' id='line_1_17' title="bbox 88 1316 1320 1372; baseline 0.001 -15"><span class='ocrx_word' id='word_1_105' title='bbox 88 1316 224 1358; x_wconf 88' lang='lat' dir='ltr'>Rho&#39;d.</span> <span class='ocrx_word' id='word_1_106' title='bbox 259 1321 326 1368; x_wconf 94' lang='lat' dir='ltr'>II,</span> <span class='ocrx_word' id='word_1_107' title='bbox 353 1319 434 1372; x_wconf 88' lang='grc'>394</span> <span class='ocrx_word' id='word_1_108' title='bbox 459 1327 500 1358; x_wconf 92' lang='lat' dir='ltr'>et</span> <span class='ocrx_word' id='word_1_109' title='bbox 522 1321 627 1367; x_wconf 91' lang='grc'><strong>1242</strong></span> <span class='ocrx_word' id='word_1_110' title='bbox 659 1319 782 1358; x_wconf 89' lang='lat' dir='ltr'>series</span> <span class='ocrx_word' id='word_1_111' title='bbox 813 1326 903 1358; x_wconf 86' lang='lat' dir='ltr'>est:</span> <span class='ocrx_word' id='word_1_112' title='bbox 927 1318 1095 1367; x_wconf 92' lang='lat' dir='ltr'>Colchi,</span> <span class='ocrx_word' id='word_1_113' title='bbox 1120 1320 1293 1372; x_wconf 89' lang='lat' dir='ltr'>Byzeres</span> <span class='ocrx_word' id='word_1_114' title='bbox 1309 1350 1320 1369; x_wconf 93' lang='lat'>,</span> 
     </span>
     <span class='ocr_line' id='line_1_18' title="bbox 88 1380 1320 1436; baseline -0.001 -15"><span class='ocrx_word' id='word_1_115' title='bbox 88 1382 268 1436; x_wconf 86' lang='lat' dir='ltr'>Sapires,</span> <span class='ocrx_word' id='word_1_116' title='bbox 306 1381 519 1431; x_wconf 81' lang='lat' dir='ltr'>Bechires,</span> <span class='ocrx_word' id='word_1_117' title='bbox 558 1382 789 1421; x_wconf 84' lang='lat' dir='ltr'>Macrones.</span> <span class='ocrx_word' id='word_1_118' title='bbox 827 1380 890 1421; x_wconf 89' lang='lat' dir='ltr'>Cf.</span> <span class='ocrx_word' id='word_1_119' title='bbox 925 1381 1064 1421; x_wconf 90' lang='lat' dir='ltr'>Valer.</span> <span class='ocrx_word' id='word_1_120' title='bbox 1098 1381 1231 1421; x_wconf 90' lang='lat' dir='ltr'>Flacc.</span> <span class='ocrx_word' id='word_1_121' title='bbox 1264 1383 1320 1431; x_wconf 88' lang='lat' dir='ltr'>V,</span> 
     </span>
     <span class='ocr_line' id='line_1_19' title="bbox 91 1442 1319 1498; baseline 0 -15"><span class='ocrx_word' id='word_1_122' title='bbox 91 1443 183 1497; x_wconf 86' lang='lat'>175.</span> <span class='ocrx_word' id='word_1_123' title='bbox 213 1444 305 1483; x_wconf 78' lang='lat'>153.</span> <span class='ocrx_word' id='word_1_124' title='bbox 331 1442 456 1497; x_wconf 91' lang='lat' dir='ltr'><strong>Apud</strong></span> <span class='ocrx_word' id='word_1_125' title='bbox 475 1443 608 1497; x_wconf 88' lang='lat' dir='ltr'>Orph.</span> <span class='ocrx_word' id='word_1_126' title='bbox 635 1446 793 1496; x_wconf 85' lang='lat' dir='ltr'><strong>Argon.</strong></span> <span class='ocrx_word' id='word_1_127' title='bbox 821 1443 900 1497; x_wconf 85' lang='lat'>758</span> <span class='ocrx_word' id='word_1_128' title='bbox 922 1457 931 1483; x_wconf 90' lang='lat'>:</span> <span class='ocrx_word' id='word_1_129' title='bbox 953 1444 1109 1498; x_wconf 86' lang='lat' dir='ltr'>Sigyni,</span> <span class='ocrx_word' id='word_1_130' title='bbox 1130 1445 1319 1498; x_wconf 90' lang='lat' dir='ltr'>Byzeres,</span> 
     </span>
     <span class='ocr_line' id='line_1_20' title="bbox 86 1505 1323 1559; baseline 0.001 -15"><span class='ocrx_word' id='word_1_131' title='bbox 86 1505 259 1558; x_wconf 87' lang='lat' dir='ltr'>Sapires,</span> <span class='ocrx_word' id='word_1_132' title='bbox 277 1505 458 1559; x_wconf 87' lang='lat' dir='ltr'>Napatae.</span> <span class='ocrx_word' id='word_1_133' title='bbox 476 1505 686 1545; x_wconf 90' lang='lat' dir='ltr'>Ammian.</span> <span class='ocrx_word' id='word_1_134' title='bbox 711 1506 851 1554; x_wconf 90' lang='lat' dir='ltr'><strong>XXII,</strong></span> <span class='ocrx_word' id='word_1_135' title='bbox 877 1508 917 1555; x_wconf 91' lang='lat'>8,</span> <span class='ocrx_word' id='word_1_136' title='bbox 936 1518 960 1545; x_wconf 85' lang='lat'>2</span> <span class='ocrx_word' id='word_1_137' title='bbox 980 1519 989 1545; x_wconf 90' lang='lat'><strong>:</strong></span> <span class='ocrx_word' id='word_1_138' title='bbox 1012 1505 1226 1559; x_wconf 81' lang='lat' dir='ltr'>ChalybeS,</span> <span class='ocrx_word' id='word_1_139' title='bbox 1243 1507 1323 1559; x_wconf 85' lang='lat' dir='ltr'>By-</span> 
     </span>
     <span class='ocr_line' id='line_1_21' title="bbox 86 1566 1319 1621; baseline 0.002 -15"><span class='ocrx_word' id='word_1_140' title='bbox 86 1580 196 1606; x_wconf 88' lang='lat' dir='ltr'>zeres</span> <span class='ocrx_word' id='word_1_141' title='bbox 211 1597 222 1616; x_wconf 92' lang='lat'>,</span> <span class='ocrx_word' id='word_1_142' title='bbox 247 1567 433 1621; x_wconf 91' lang='lat' dir='ltr'>Sapires,</span> <span class='ocrx_word' id='word_1_143' title='bbox 468 1566 689 1617; x_wconf 91' lang='lat' dir='ltr'>Tibareni,</span> <span class='ocrx_word' id='word_1_144' title='bbox 731 1568 997 1621; x_wconf 86' lang='lat' dir='ltr'>Mossynoeci.</span> <span class='ocrx_word' id='word_1_145' title='bbox 1027 1567 1174 1608; x_wconf 90' lang='lat' dir='ltr'>Strabo</span> <span class='ocrx_word' id='word_1_146' title='bbox 1209 1568 1292 1608; x_wconf 92' lang='lat' dir='ltr'>XII</span> <span class='ocrx_word' id='word_1_147' title='bbox 1307 1599 1319 1618; x_wconf 90' lang='lat'><em>‚</em></span> 
     </span>
     <span class='ocr_line' id='line_1_22' title="bbox 85 1628 1322 1684; baseline 0.002 -15"><span class='ocrx_word' id='word_1_148' title='bbox 85 1642 128 1683; x_wconf 88' lang='lat' dir='ltr'>p.</span> <span class='ocrx_word' id='word_1_149' title='bbox 156 1628 234 1682; x_wconf 90' lang='grc'>549</span> <span class='ocrx_word' id='word_1_150' title='bbox 256 1631 427 1684; x_wconf 88' lang='lat' dir='ltr'>Byzeres</span> <span class='ocrx_word' id='word_1_151' title='bbox 458 1638 663 1670; x_wconf 88' lang='lat' dir='ltr'>memorat</span> <span class='ocrx_word' id='word_1_152' title='bbox 694 1630 804 1669; x_wconf 88' lang='lat' dir='ltr'>inter</span> <span class='ocrx_word' id='word_1_153' title='bbox 826 1630 1141 1684; x_wconf 88' lang='lat' dir='ltr'>Heptacometas</span> <span class='ocrx_word' id='word_1_154' title='bbox 1174 1630 1322 1671; x_wconf 87' lang='lat' dir='ltr'>barba-</span> 
     </span>
     <span class='ocr_line' id='line_1_23' title="bbox 87 1691 1319 1748; baseline 0.002 -16"><span class='ocrx_word' id='word_1_155' title='bbox 87 1706 170 1742; x_wconf 79' lang='lat' dir='ltr'>ros,</span> <span class='ocrx_word' id='word_1_156' title='bbox 203 1692 275 1746; x_wconf 90' lang='lat' dir='ltr'>qui</span> <span class='ocrx_word' id='word_1_157' title='bbox 298 1691 512 1747; x_wconf 89' lang='lat' dir='ltr'>Scydisum</span> <span class='ocrx_word' id='word_1_158' title='bbox 541 1700 726 1732; x_wconf 90' lang='lat' dir='ltr'>montem</span> <span class='ocrx_word' id='word_1_159' title='bbox 753 1700 909 1732; x_wconf 88' lang='lat' dir='ltr'>tenent.</span> <span class='ocrx_word' id='word_1_160' title='bbox 943 1693 1052 1732; x_wconf 89' lang='lat' dir='ltr'>Hinc</span> <span class='ocrx_word' id='word_1_161' title='bbox 1073 1707 1147 1733; x_wconf 89' lang='lat' dir='ltr'>sua</span> <span class='ocrx_word' id='word_1_162' title='bbox 1178 1693 1319 1748; x_wconf 92' lang='lat' dir='ltr'>Steph.</span> 
     </span>
     <span class='ocr_line' id='line_1_24' title="bbox 88 1752 1324 1812; baseline 0.002 -19"><span class='ocrx_word' id='word_1_163' title='bbox 88 1755 184 1808; x_wconf 69' lang='lat' dir='ltr'>Byz.</span> <span class='ocrx_word' id='word_1_164' title='bbox 208 1769 247 1795; x_wconf 86' lang='lat' dir='ltr'>v.</span> <span class='ocrx_word' id='word_1_165' title='bbox 285 1752 600 1810; x_wconf 81' lang='grc' dir='ltr'>Ἑπτακωμῆται.</span> <span class='ocrx_word' id='word_1_166' title='bbox 626 1754 743 1795; x_wconf 89' lang='lat' dir='ltr'>Idem</span> <span class='ocrx_word' id='word_1_167' title='bbox 763 1768 772 1794; x_wconf 91' lang='lat'>:</span> <span class='ocrx_word' id='word_1_168' title='bbox 808 1754 1037 1808; x_wconf 77' lang='grc' dir='ltr'>Βύζηρες,</span> <span class='ocrx_word' id='word_1_169' title='bbox 1075 1754 1182 1802; x_wconf 81' lang='grc' dir='ltr'><strong>ἔθνος</strong></span> <span class='ocrx_word' id='word_1_170' title='bbox 1211 1755 1249 1796; x_wconf 77' lang='grc' dir='ltr'>ἐν</span> <span class='ocrx_word' id='word_1_171' title='bbox 1268 1761 1324 1812; x_wconf 81' lang='grc' dir='ltr'>τῷ</span> 
     </span>
     <span class='ocr_line' id='line_1_25' title="bbox 88 1817 1324 1873; baseline 0.002 -17"><span class='ocrx_word' id='word_1_172' title='bbox 88 1817 227 1873; x_wconf 85' lang='grc' dir='ltr'><strong>Πόντῳ</strong></span> <span class='ocrx_word' id='word_1_173' title='bbox 250 1817 343 1868; x_wconf 77' lang='grc' dir='ltr'>ἐστὶ,</span> <span class='ocrx_word' id='word_1_174' title='bbox 369 1818 433 1858; x_wconf 76' lang='grc' dir='ltr'>καὶ</span> <span class='ocrx_word' id='word_1_175' title='bbox 455 1817 660 1873; x_wconf 71' lang='grc' dir='ltr'>Βυζηρικὸς</span> <span class='ocrx_word' id='word_1_176' title='bbox 678 1817 797 1872; x_wconf 78' lang='grc' dir='ltr'>λιμήν</span> <span class='ocrx_word' id='word_1_177' title='bbox 814 1848 825 1866; x_wconf 93' lang='grc'>,</span> <span class='ocrx_word' id='word_1_178' title='bbox 847 1817 962 1871; x_wconf 88' lang='lat' dir='ltr'>quod</span> <span class='ocrx_word' id='word_1_179' title='bbox 989 1832 1011 1858; x_wconf 93' lang='lat' dir='ltr'>e</span> <span class='ocrx_word' id='word_1_180' title='bbox 1030 1818 1238 1873; x_wconf 91' lang='lat' dir='ltr'>Stephano</span> <span class='ocrx_word' id='word_1_181' title='bbox 1260 1834 1324 1859; x_wconf 89' lang='lat' dir='ltr'>re-</span> 
     </span>
     <span class='ocr_line' id='line_1_26' title="bbox 87 1879 1319 1936; baseline 0.001 -16"><span class='ocrx_word' id='word_1_182' title='bbox 87 1881 192 1934; x_wconf 87' lang='lat' dir='ltr'>petit</span> <span class='ocrx_word' id='word_1_183' title='bbox 209 1881 399 1921; x_wconf 89' lang='lat' dir='ltr'>Eustath.</span> <span class='ocrx_word' id='word_1_184' title='bbox 423 1880 476 1921; x_wconf 89' lang='lat' dir='ltr'>ad</span> <span class='ocrx_word' id='word_1_185' title='bbox 491 1882 616 1921; x_wconf 89' lang='lat' dir='ltr'>Dion.</span> <span class='ocrx_word' id='word_1_186' title='bbox 634 1880 708 1921; x_wconf 91' lang='grc'><strong>1.1.</strong></span> <span class='ocrx_word' id='word_1_187' title='bbox 730 1880 1105 1935; x_wconf 82' lang='grc' dir='ltr'>Η-Δαραανῶν,</span> <span class='ocrx_word' id='word_1_188' title='bbox 1133 1879 1319 1936; x_wconf 73' lang='grc' dir='ltr'>Ἀρίων]</span> 
     </span>
     <span class='ocr_line' id='line_1_27' title="bbox 48 1943 1323 1999; baseline 0.002 -16"><span class='ocrx_word' id='word_1_189' title='bbox 48 1947 51 1950; x_wconf 67' lang='grc'><em>”</em></span> <span class='ocrx_word' id='word_1_190' title='bbox 86 1944 320 1998; x_wconf 89' lang='lat' dir='ltr'>Utrumque</span> <span class='ocrx_word' id='word_1_191' title='bbox 340 1958 493 1984; x_wconf 90' lang='lat' dir='ltr'>nomen</span> <span class='ocrx_word' id='word_1_192' title='bbox 516 1951 760 1999; x_wconf 88' lang='lat' dir='ltr'>corruptum</span> <span class='ocrx_word' id='word_1_193' title='bbox 778 1958 865 1984; x_wconf 88' lang='lat' dir='ltr'>esse</span> <span class='ocrx_word' id='word_1_194' title='bbox 892 1943 1071 1984; x_wconf 86' lang='lat' dir='ltr'>videtur.</span> <span class='ocrx_word' id='word_1_195' title='bbox 1103 1946 1323 1985; x_wconf 81' lang='lat' dir='ltr'>Proximus</span> 
     </span>
     <span class='ocr_line' id='line_1_28' title="bbox 86 2005 1324 2062; baseline 0.002 -17"><span class='ocrx_word' id='word_1_196' title='bbox 86 2005 137 2045; x_wconf 87' lang='lat' dir='ltr'>ab</span> <span class='ocrx_word' id='word_1_197' title='bbox 155 2006 220 2045; x_wconf 91' lang='lat' dir='ltr'>his</span> <span class='ocrx_word' id='word_1_198' title='bbox 243 2006 394 2046; x_wconf 89' lang='lat' dir='ltr'>fluvius</span> <span class='ocrx_word' id='word_1_199' title='bbox 413 2009 435 2059; x_wconf 93' lang='grc'>5</span> <span class='ocrx_word' id='word_1_200' title='bbox 469 2007 520 2048; x_wconf 87' lang='grc'>83</span> <span class='ocrx_word' id='word_1_201' title='bbox 544 2007 785 2046; x_wconf 90' lang='lat' dir='ltr'>nominatur</span> <span class='ocrx_word' id='word_1_202' title='bbox 819 2005 1021 2061; x_wconf 81' lang='grc' dir='ltr'>Πόρδανις.</span> <span class='ocrx_word' id='word_1_203' title='bbox 1043 2009 1085 2047; x_wconf 89' lang='lat' dir='ltr'>Is</span> <span class='ocrx_word' id='word_1_204' title='bbox 1105 2015 1243 2062; x_wconf 87' lang='lat' dir='ltr'>aperte</span> <span class='ocrx_word' id='word_1_205' title='bbox 1265 2015 1324 2047; x_wconf 91' lang='lat' dir='ltr'>est</span> 
     </span>
     <span class='ocr_line' id='line_1_29' title="bbox 85 2063 1325 2123; baseline 0.002 -16"><span class='ocrx_word' id='word_1_206' title='bbox 85 2067 272 2122; x_wconf 78' lang='grc' dir='ltr'>Πρύτανις</span> <span class='ocrx_word' id='word_1_207' title='bbox 291 2070 474 2110; x_wconf 90' lang='lat' dir='ltr'>Arriani.</span> <span class='ocrx_word' id='word_1_208' title='bbox 491 2070 631 2110; x_wconf 86' lang='lat' dir='ltr'>Nostri</span> <span class='ocrx_word' id='word_1_209' title='bbox 648 2070 773 2123; x_wconf 86' lang='lat' dir='ltr'>igitur</span> <span class='ocrx_word' id='word_1_210' title='bbox 788 2069 903 2109; x_wconf 89' lang='lat' dir='ltr'>fluvii</span> <span class='ocrx_word' id='word_1_211' title='bbox 922 2063 1049 2110; x_wconf 86' lang='lat' dir='ltr'>medii</span> <span class='ocrx_word' id='word_1_212' title='bbox 1068 2084 1154 2110; x_wconf 89' lang='lat' dir='ltr'>esse</span> <span class='ocrx_word' id='word_1_213' title='bbox 1173 2070 1325 2110; x_wconf 83' lang='lat' dir='ltr'>debent</span> 
     </span>
     <span class='ocr_line' id='line_1_30' title="bbox 86 2131 1325 2186; baseline 0.001 -16"><span class='ocrx_word' id='word_1_214' title='bbox 86 2131 193 2172; x_wconf 88' lang='lat' dir='ltr'>inter</span> <span class='ocrx_word' id='word_1_215' title='bbox 228 2134 434 2186; x_wconf 90' lang='lat' dir='ltr'>Apsarum</span> <span class='ocrx_word' id='word_1_216' title='bbox 467 2140 509 2172; x_wconf 89' lang='lat' dir='ltr'>et</span> <span class='ocrx_word' id='word_1_217' title='bbox 541 2132 778 2186; x_wconf 88' lang='lat' dir='ltr'>Prytanim;</span> <span class='ocrx_word' id='word_1_218' title='bbox 814 2131 1001 2185; x_wconf 89' lang='lat' dir='ltr'>duosque</span> <span class='ocrx_word' id='word_1_219' title='bbox 1035 2131 1182 2171; x_wconf 90' lang='lat' dir='ltr'>fluvios</span> <span class='ocrx_word' id='word_1_220' title='bbox 1218 2133 1325 2171; x_wconf 88' lang='lat' dir='ltr'>inter</span> 
     </span>
     <span class='ocr_line' id='line_1_31' title="bbox 87 2195 1321 2250; baseline 0.001 -16"><span class='ocrx_word' id='word_1_221' title='bbox 87 2203 308 2250; x_wconf 89' lang='lat' dir='ltr'>utrumque</span> <span class='ocrx_word' id='word_1_222' title='bbox 319 2204 503 2236; x_wconf 83' lang='lat' dir='ltr'>recenset</span> <span class='ocrx_word' id='word_1_223' title='bbox 518 2196 718 2237; x_wconf 90' lang='lat' dir='ltr'>Arrianus</span> <span class='ocrx_word' id='word_1_224' title='bbox 738 2197 761 2247; x_wconf 97' lang='grc'>5</span> <span class='ocrx_word' id='word_1_225' title='bbox 777 2197 816 2244; x_wconf 89' lang='lat'>8,</span> <span class='ocrx_word' id='word_1_226' title='bbox 839 2195 1054 2235; x_wconf 79' lang='lat' dir='ltr'>Archabin</span> <span class='ocrx_word' id='word_1_227' title='bbox 1077 2203 1117 2235; x_wconf 87' lang='lat' dir='ltr'>et</span> <span class='ocrx_word' id='word_1_228' title='bbox 1128 2195 1321 2249; x_wconf 75' lang='lat' dir='ltr'>Pyxiten.</span> 
     </span>
     <span class='ocr_line' id='line_1_32' title="bbox 85 2257 1322 2312; baseline 0.001 -17"><span class='ocrx_word' id='word_1_229' title='bbox 85 2258 134 2296; x_wconf 91' lang='lat' dir='ltr'>In</span> <span class='ocrx_word' id='word_1_230' title='bbox 157 2265 268 2298; x_wconf 88' lang='lat' dir='ltr'>tanta</span> <span class='ocrx_word' id='word_1_231' title='bbox 291 2259 511 2298; x_wconf 89' lang='lat' dir='ltr'>nominum</span> <span class='ocrx_word' id='word_1_232' title='bbox 531 2257 825 2312; x_wconf 86' lang='lat' dir='ltr'>plerorumque</span> <span class='ocrx_word' id='word_1_233' title='bbox 844 2258 1111 2311; x_wconf 87' lang='lat' dir='ltr'>corruptione</span> <span class='ocrx_word' id='word_1_234' title='bbox 1130 2271 1215 2296; x_wconf 92' lang='lat' dir='ltr'>non</span> <span class='ocrx_word' id='word_1_235' title='bbox 1246 2257 1322 2296; x_wconf 90' lang='lat' dir='ltr'>im-</span> 
     </span>
     <span class='ocr_line' id='line_1_33' title="bbox 86 2318 1325 2375; baseline 0 -17"><span class='ocrx_word' id='word_1_236' title='bbox 86 2320 298 2373; x_wconf 89' lang='lat' dir='ltr'>probabile</span> <span class='ocrx_word' id='word_1_237' title='bbox 315 2329 376 2361; x_wconf 85' lang='lat' dir='ltr'>est</span> <span class='ocrx_word' id='word_1_238' title='bbox 391 2320 596 2375; x_wconf 85' lang='lat' dir='ltr'>Scylacem</span> <span class='ocrx_word' id='word_1_239' title='bbox 611 2334 688 2374; x_wconf 89' lang='lat' dir='ltr'>pro</span> <span class='ocrx_word' id='word_1_240' title='bbox 706 2318 915 2373; x_wconf 82' lang='grc' dir='ltr'>Δαραανὼν</span> <span class='ocrx_word' id='word_1_241' title='bbox 935 2318 1104 2359; x_wconf 83' lang='lat' dir='ltr'>fortasse</span> <span class='ocrx_word' id='word_1_242' title='bbox 1119 2319 1325 2372; x_wconf 85' lang='lat' dir='ltr'>scripsisse</span> 
     </span>
     <span class='ocr_line' id='line_1_34' title="bbox 94 2380 1322 2437; baseline -0.001 -16"><span class='ocrx_word' id='word_1_243' title='bbox 94 2380 290 2436; x_wconf 69' lang='grc' dir='ltr'>Ἀρχαῧὼν</span> <span class='ocrx_word' id='word_1_244' title='bbox 317 2382 330 2437; x_wconf 87' lang='grc'>(</span> <span class='ocrx_word' id='word_1_245' title='bbox 357 2396 469 2422; x_wconf 83' lang='grc'><strong>1111116</strong></span> <span class='ocrx_word' id='word_1_246' title='bbox 494 2381 742 2422; x_wconf 75' lang='lat' dir='ltr'>Archawah.</span> <span class='ocrx_word' id='word_1_247' title='bbox 775 2380 840 2422; x_wconf 89' lang='lat' dir='ltr'>Cf.</span> <span class='ocrx_word' id='word_1_248' title='bbox 877 2389 964 2421; x_wconf 91' lang='lat' dir='ltr'>not.</span> <span class='ocrx_word' id='word_1_249' title='bbox 1004 2380 1056 2420; x_wconf 93' lang='lat' dir='ltr'>ad</span> <span class='ocrx_word' id='word_1_250' title='bbox 1092 2382 1257 2421; x_wconf 89' lang='lat' dir='ltr'>Arrian.</span> <span class='ocrx_word' id='word_1_251' title='bbox 1290 2380 1322 2436; x_wconf 91' lang='lat'>).</span> 
     </span>
     <span class='ocr_line' id='line_1_35' title="bbox 87 2441 1326 2499; baseline -0.001 -15"><span class='ocrx_word' id='word_1_252' title='bbox 87 2446 251 2498; x_wconf 81' lang='lat' dir='ltr'>Pyxites</span> <span class='ocrx_word' id='word_1_253' title='bbox 289 2453 426 2484; x_wconf 88' lang='lat' dir='ltr'>autem</span> <span class='ocrx_word' id='word_1_254' title='bbox 462 2444 628 2485; x_wconf 89' lang='lat' dir='ltr'>Arriani</span> <span class='ocrx_word' id='word_1_255' title='bbox 651 2442 784 2499; x_wconf 88' lang='lat' dir='ltr'>(hod.</span> <span class='ocrx_word' id='word_1_256' title='bbox 822 2441 1009 2497; x_wconf 54' lang='lat' dir='ltr'>{Vitzeh)</span> <span class='ocrx_word' id='word_1_257' title='bbox 1035 2457 1087 2482; x_wconf 92' lang='lat' dir='ltr'>an</span> <span class='ocrx_word' id='word_1_258' title='bbox 1110 2444 1162 2482; x_wconf 89' lang='lat' dir='ltr'>sit</span> <span class='ocrx_word' id='word_1_259' title='bbox 1193 2444 1326 2483; x_wconf 91' lang='lat' dir='ltr'>Arion</span> 
     </span>
     <span class='ocr_line' id='line_1_36' title="bbox 87 2503 1326 2560; baseline -0.001 -14"><span class='ocrx_word' id='word_1_260' title='bbox 87 2506 260 2560; x_wconf 80' lang='lat' dir='ltr'>Scylacis</span> <span class='ocrx_word' id='word_1_261' title='bbox 276 2538 286 2556; x_wconf 95' lang='lat'>,</span> <span class='ocrx_word' id='word_1_262' title='bbox 322 2506 468 2546; x_wconf 88' lang='lat' dir='ltr'>dubito</span> <span class='ocrx_word' id='word_1_263' title='bbox 504 2514 675 2560; x_wconf 88' lang='lat' dir='ltr'>propter</span> <span class='ocrx_word' id='word_1_264' title='bbox 696 2506 918 2545; x_wconf 89' lang='lat' dir='ltr'>nominum</span> <span class='ocrx_word' id='word_1_265' title='bbox 936 2503 1267 2559; x_wconf 86' lang='lat' dir='ltr'>&#39;discrepantiam</span> <span class='ocrx_word' id='word_1_266' title='bbox 1285 2514 1326 2545; x_wconf 90' lang='lat' dir='ltr'>et</span> 
     </span>
     <span class='ocr_line' id='line_1_37' title="bbox 88 2568 1326 2624; baseline 0.002 -17"><span class='ocrx_word' id='word_1_267' title='bbox 88 2569 201 2623; x_wconf 86' lang='lat' dir='ltr'>quod</span> <span class='ocrx_word' id='word_1_268' title='bbox 235 2569 372 2624; x_wconf 88' lang='lat' dir='ltr'>plures</span> <span class='ocrx_word' id='word_1_269' title='bbox 395 2569 510 2608; x_wconf 88' lang='lat' dir='ltr'>fluvii</span> <span class='ocrx_word' id='word_1_270' title='bbox 539 2570 647 2608; x_wconf 88' lang='lat' dir='ltr'>inter</span> <span class='ocrx_word' id='word_1_271' title='bbox 679 2568 891 2609; x_wconf 86' lang='lat' dir='ltr'>Archabin</span> <span class='ocrx_word' id='word_1_272' title='bbox 914 2576 954 2607; x_wconf 91' lang='lat' dir='ltr'>et</span> <span class='ocrx_word' id='word_1_273' title='bbox 982 2569 1194 2622; x_wconf 86' lang='lat' dir='ltr'>Prytanim</span> <span class='ocrx_word' id='word_1_274' title='bbox 1230 2578 1326 2609; x_wconf 85' lang='lat' dir='ltr'>sunt</span> 
     </span>
     <span class='ocr_line' id='line_1_38' title="bbox 88 2631 1326 2686; baseline 0.001 -15"><span class='ocrx_word' id='word_1_275' title='bbox 88 2631 228 2681; x_wconf 89' lang='lat' dir='ltr'>medii,</span> <span class='ocrx_word' id='word_1_276' title='bbox 248 2646 427 2685; x_wconf 85' lang='lat' dir='ltr'>quorum</span> <span class='ocrx_word' id='word_1_277' title='bbox 442 2632 577 2686; x_wconf 89' lang='lat' dir='ltr'>prisca</span> <span class='ocrx_word' id='word_1_278' title='bbox 587 2631 757 2671; x_wconf 87' lang='lat' dir='ltr'>nomina</span> <span class='ocrx_word' id='word_1_279' title='bbox 772 2631 1025 2684; x_wconf 77' lang='lat' dir='ltr'>ignoramus·</span> <span class='ocrx_word' id='word_1_280' title='bbox 1042 2631 1162 2670; x_wconf 92' lang='lat' dir='ltr'>Unus</span> <span class='ocrx_word' id='word_1_281' title='bbox 1180 2645 1326 2672; x_wconf 91' lang='lat' dir='ltr'>eorum</span> 
     </span>
     <span class='ocr_line' id='line_1_39' title="bbox 87 2691 1327 2747; baseline 0 -14"><span class='ocrx_word' id='word_1_282' title='bbox 87 2693 212 2734; x_wconf 91' lang='lat' dir='ltr'>hodie</span> <span class='ocrx_word' id='word_1_283' title='bbox 234 2693 396 2734; x_wconf 81' lang='lat' dir='ltr'>Odscha</span> <span class='ocrx_word' id='word_1_284' title='bbox 415 2701 600 2743; x_wconf 90' lang='lat' dir='ltr'>vocatur,</span> <span class='ocrx_word' id='word_1_285' title='bbox 627 2692 679 2732; x_wconf 88' lang='lat' dir='ltr'>ad</span> <span class='ocrx_word' id='word_1_286' title='bbox 711 2707 835 2747; x_wconf 90' lang='lat' dir='ltr'>quem</span> <span class='ocrx_word' id='word_1_287' title='bbox 853 2691 1047 2747; x_wconf 86' lang='lat' dir='ltr'>ponenda</span> <span class='ocrx_word' id='word_1_288' title='bbox 1067 2701 1128 2732; x_wconf 85' lang='lat' dir='ltr'>est</span> <span class='ocrx_word' id='word_1_289' title='bbox 1152 2695 1327 2733; x_wconf 81' lang='lat' dir='ltr'>Armene</span> 
     </span>
     <span class='ocr_line' id='line_1_40' title="bbox 87 2753 1323 2810; baseline 0 -15"><span class='ocrx_word' id='word_1_290' title='bbox 87 2755 186 2795; x_wconf 87' lang='lat' dir='ltr'>urbs</span> <span class='ocrx_word' id='word_1_291' title='bbox 208 2755 259 2796; x_wconf 88' lang='lat' dir='ltr'>ab</span> <span class='ocrx_word' id='word_1_292' title='bbox 275 2758 486 2810; x_wconf 87' lang='lat' dir='ltr'>Anonym.</span> <span class='ocrx_word' id='word_1_293' title='bbox 508 2756 553 2795; x_wconf 89' lang='lat' dir='ltr'>in</span> <span class='ocrx_word' id='word_1_294' title='bbox 571 2755 722 2809; x_wconf 88' lang='lat' dir='ltr'>Peripl.</span> <span class='ocrx_word' id='word_1_295' title='bbox 747 2757 871 2795; x_wconf 83' lang='lat' dir='ltr'>Pont.</span> <span class='ocrx_word' id='word_1_296' title='bbox 892 2761 1119 2793; x_wconf 88' lang='lat' dir='ltr'>memorata</span> <span class='ocrx_word' id='word_1_297' title='bbox 1139 2753 1152 2809; x_wconf 94' lang='lat'>(</span> <span class='ocrx_word' id='word_1_298' title='bbox 1172 2769 1212 2794; x_wconf 91' lang='lat' dir='ltr'>v.</span> <span class='ocrx_word' id='word_1_299' title='bbox 1234 2763 1323 2795; x_wconf 88' lang='lat' dir='ltr'>not.</span> 
     </span>
     <span class='ocr_line' id='line_1_41' title="bbox 87 2816 1211 2874; baseline -0.002 -16"><span class='ocrx_word' id='word_1_300' title='bbox 87 2818 139 2858; x_wconf 86' lang='lat' dir='ltr'>ad</span> <span class='ocrx_word' id='word_1_301' title='bbox 156 2820 319 2860; x_wconf 90' lang='lat' dir='ltr'>Arrian.</span> <span class='ocrx_word' id='word_1_302' title='bbox 338 2822 360 2872; x_wconf 92' lang='grc'>5</span> <span class='ocrx_word' id='word_1_303' title='bbox 384 2820 433 2860; x_wconf 82' lang='grc'>31</span> <span class='ocrx_word' id='word_1_304' title='bbox 459 2818 491 2874; x_wconf 90' lang='grc'>).</span> <span class='ocrx_word' id='word_1_305' title='bbox 506 2820 691 2859; x_wconf 85' lang='lat' dir='ltr'>Fortasse</span> <span class='ocrx_word' id='word_1_306' title='bbox 708 2818 777 2858; x_wconf 92' lang='lat' dir='ltr'>hic</span> <span class='ocrx_word' id='word_1_307' title='bbox 799 2825 860 2857; x_wconf 87' lang='lat' dir='ltr'>est</span> <span class='ocrx_word' id='word_1_308' title='bbox 875 2817 1007 2858; x_wconf 86' lang='lat' dir='ltr'>Arion</span> <span class='ocrx_word' id='word_1_309' title='bbox 1022 2816 1211 2871; x_wconf 87' lang='lat' dir='ltr'>Scylacis.</span> 
     </span>
    </p>

    <p class='ocr_par' dir='ltr' id='par_1_7' title="bbox 63 2879 1327 2936">
     <span class='ocr_line' id='line_1_42' title="bbox 63 2879 1327 2936; baseline -0.001 -13"><span class='ocrx_word' id='word_1_310' title='bbox 63 2934 66 2936; x_wconf 15' lang='lat' dir='ltr'>v</span> <span class='ocrx_word' id='word_1_311' title='bbox 145 2884 166 2934; x_wconf 92' lang='grc'>5</span> <span class='ocrx_word' id='word_1_312' title='bbox 190 2883 258 2922; x_wconf 86' lang='grc'>83.</span> <span class='ocrx_word' id='word_1_313' title='bbox 282 2881 588 2922; x_wconf 89' lang='lat' dir='ltr'>Ecechirienses</span> <span class='ocrx_word' id='word_1_314' title='bbox 606 2888 754 2935; x_wconf 87' lang='lat' dir='ltr'>praeter</span> <span class='ocrx_word' id='word_1_315' title='bbox 769 2879 977 2934; x_wconf 87' lang='lat' dir='ltr'>Scylacem</span> <span class='ocrx_word' id='word_1_316' title='bbox 992 2892 1102 2918; x_wconf 84' lang='lat' dir='ltr'>unus</span> <span class='ocrx_word' id='word_1_317' title='bbox 1123 2890 1327 2922; x_wconf 86' lang='lat' dir='ltr'>memorat</span> 
     </span>
    </p>

    <p class='ocr_par' dir='ltr' id='par_1_8' title="bbox 51 2937 1328 3623">
     <span class='ocr_line' id='line_1_43' title="bbox 90 2937 1328 2999; baseline -0.003 -14"><span class='ocrx_word' id='word_1_318' title='bbox 90 2946 332 2999; x_wconf 77' lang='lat' dir='ltr'>Anonymus</span> <span class='ocrx_word' id='word_1_319' title='bbox 355 2945 399 2984; x_wconf 90' lang='lat' dir='ltr'>in</span> <span class='ocrx_word' id='word_1_320' title='bbox 423 2943 574 2998; x_wconf 90' lang='lat' dir='ltr'>Peripl.</span> <span class='ocrx_word' id='word_1_321' title='bbox 602 2946 691 2996; x_wconf 89' lang='grc'>541</span> <span class='ocrx_word' id='word_1_322' title='bbox 715 2955 724 2982; x_wconf 78' lang='lat' dir='ltr'>z</span> <span class='ocrx_word' id='word_1_323' title='bbox 755 2941 843 2982; x_wconf 78' lang='grc' dir='ltr'>Ἀπὸ</span> <span class='ocrx_word' id='word_1_324' title='bbox 873 2937 940 2981; x_wconf 64' lang='grc' dir='ltr'>οὖν</span> <span class='ocrx_word' id='word_1_325' title='bbox 971 2939 1185 2996; x_wconf 71' lang='grc' dir='ltr'>Ἀρχάὸεως</span> <span class='ocrx_word' id='word_1_326' title='bbox 1212 2957 1328 2982; x_wconf 81' lang='grc' dir='ltr'>ποτα-</span> 
     </span>
     <span class='ocr_line' id='line_1_44' title="bbox 92 3004 1328 3063; baseline -0.002 -17"><span class='ocrx_word' id='word_1_327' title='bbox 92 3010 164 3061; x_wconf 73' lang='grc' dir='ltr'><strong>μοῦ</strong></span> <span class='ocrx_word' id='word_1_328' title='bbox 194 3007 244 3055; x_wconf 83' lang='grc' dir='ltr'>εἰς</span> <span class='ocrx_word' id='word_1_329' title='bbox 276 3006 483 3063; x_wconf 75' lang='grc' dir='ltr'>Ὀφιοῦντα</span> <span class='ocrx_word' id='word_1_330' title='bbox 512 3006 687 3061; x_wconf 74' lang='grc' dir='ltr'>ποταμὸν</span> <span class='ocrx_word' id='word_1_331' title='bbox 719 3010 869 3060; x_wconf 84' lang='grc' dir='ltr'>πρῶτον</span> <span class='ocrx_word' id='word_1_332' title='bbox 901 3005 1026 3060; x_wconf 84' lang='grc' dir='ltr'><strong>ᾤκουν</strong></span> <span class='ocrx_word' id='word_1_333' title='bbox 1060 3004 1167 3052; x_wconf 81' lang='grc' dir='ltr'><strong>ἔθνος</strong></span> <span class='ocrx_word' id='word_1_334' title='bbox 1197 3005 1234 3044; x_wconf 82' lang='grc' dir='ltr'><strong>οἱ</strong></span> <span class='ocrx_word' id='word_1_335' title='bbox 1267 3005 1328 3045; x_wconf 84' lang='grc' dir='ltr'>λε-</span> 
     </span>
     <span class='ocr_line' id='line_1_45' title="bbox 91 3069 1327 3127; baseline -0.001 -16"><span class='ocrx_word' id='word_1_336' title='bbox 91 3073 251 3126; x_wconf 79' lang='grc' dir='ltr'>γόμενοι</span> <span class='ocrx_word' id='word_1_337' title='bbox 284 3071 514 3127; x_wconf 77' lang='grc' dir='ltr'>Ἔκχειριεῖς</span> <span class='ocrx_word' id='word_1_338' title='bbox 545 3073 560 3124; x_wconf 92' lang='grc'>(</span> <span class='ocrx_word' id='word_1_339' title='bbox 587 3072 646 3112; x_wconf 85' lang='grc'>516</span> <span class='ocrx_word' id='word_1_340' title='bbox 662 3073 694 3125; x_wconf 90' lang='grc'>),</span> <span class='ocrx_word' id='word_1_341' title='bbox 731 3073 796 3111; x_wconf 80' lang='grc' dir='ltr'>νῦν</span> <span class='ocrx_word' id='word_1_342' title='bbox 828 3069 869 3110; x_wconf 80' lang='grc' dir='ltr'>δὲ</span> <span class='ocrx_word' id='word_1_343' title='bbox 906 3069 1055 3110; x_wconf 79' lang='grc' dir='ltr'>οἰκοῦσι</span> <span class='ocrx_word' id='word_1_344' title='bbox 1089 3070 1327 3124; x_wconf 76' lang='grc' dir='ltr'>Μαχελῶνες</span> 
     </span>
     <span class='ocr_line' id='line_1_46' title="bbox 93 3132 1323 3189; baseline -0.001 -16"><span class='ocrx_word' id='word_1_345' title='bbox 93 3134 155 3173; x_wconf 83' lang='grc' dir='ltr'>καὶ</span> <span class='ocrx_word' id='word_1_346' title='bbox 173 3132 364 3189; x_wconf 78' lang='grc' dir='ltr'>Ἡνίοχοι.</span> <span class='ocrx_word' id='word_1_347' title='bbox 386 3135 484 3175; x_wconf 88' lang='lat' dir='ltr'>Haec</span> <span class='ocrx_word' id='word_1_348' title='bbox 506 3141 643 3174; x_wconf 88' lang='lat' dir='ltr'>tamen</span> <span class='ocrx_word' id='word_1_349' title='bbox 662 3148 747 3174; x_wconf 88' lang='lat' dir='ltr'>non</span> <span class='ocrx_word' id='word_1_350' title='bbox 767 3148 790 3173; x_wconf 92' lang='lat' dir='ltr'>e</span> <span class='ocrx_word' id='word_1_351' title='bbox 804 3134 958 3173; x_wconf 87' lang='lat' dir='ltr'>Nostro</span> <span class='ocrx_word' id='word_1_352' title='bbox 974 3132 1191 3187; x_wconf 88' lang='lat' dir='ltr'>desumpta</span> <span class='ocrx_word' id='word_1_353' title='bbox 1213 3141 1323 3183; x_wconf 90' lang='lat' dir='ltr'>sunt,</span> 
     </span>
     <span class='ocr_line' id='line_1_47' title="bbox 93 3196 1327 3250; baseline -0.001 -14"><span class='ocrx_word' id='word_1_354' title='bbox 93 3211 221 3250; x_wconf 88' lang='lat' dir='ltr'>quum</span> <span class='ocrx_word' id='word_1_355' title='bbox 242 3197 573 3238; x_wconf 88' lang='lat' dir='ltr'>Ecehiriensibus</span> <span class='ocrx_word' id='word_1_356' title='bbox 596 3211 669 3237; x_wconf 89' lang='lat' dir='ltr'>ora</span> <span class='ocrx_word' id='word_1_357' title='bbox 690 3196 913 3246; x_wconf 87' lang='lat' dir='ltr'>tribuatur,</span> <span class='ocrx_word' id='word_1_358' title='bbox 941 3210 1066 3249; x_wconf 90' lang='lat' dir='ltr'>quam</span> <span class='ocrx_word' id='word_1_359' title='bbox 1094 3210 1160 3250; x_wconf 92' lang='lat' dir='ltr'>ap.</span> <span class='ocrx_word' id='word_1_360' title='bbox 1195 3196 1327 3250; x_wconf 78' lang='lat' dir='ltr'>Scyla-</span> 
     </span>
     <span class='ocr_line' id='line_1_48' title="bbox 93 3258 1327 3314; baseline 0.001 -17"><span class='ocrx_word' id='word_1_361' title='bbox 93 3272 182 3298; x_wconf 89' lang='lat' dir='ltr'>cem</span> <span class='ocrx_word' id='word_1_362' title='bbox 200 3266 340 3299; x_wconf 89' lang='lat' dir='ltr'>tenent</span> <span class='ocrx_word' id='word_1_363' title='bbox 358 3261 544 3314; x_wconf 85' lang='lat' dir='ltr'>Byzeres,</span> <span class='ocrx_word' id='word_1_364' title='bbox 565 3259 872 3299; x_wconf 84' lang='lat' dir='ltr'>Ecechirienses</span> <span class='ocrx_word' id='word_1_365' title='bbox 887 3266 928 3298; x_wconf 91' lang='lat' dir='ltr'>et</span> <span class='ocrx_word' id='word_1_366' title='bbox 945 3258 1124 3308; x_wconf 86' lang='lat' dir='ltr'>Bechiri,</span> <span class='ocrx_word' id='word_1_367' title='bbox 1146 3259 1217 3312; x_wconf 90' lang='lat' dir='ltr'>qui</span> <span class='ocrx_word' id='word_1_368' title='bbox 1238 3259 1327 3313; x_wconf 94' lang='lat' dir='ltr'>qui-</span> 
     </span>
     <span class='ocr_line' id='line_1_49' title="bbox 94 3320 1323 3375; baseline 0.002 -16"><span class='ocrx_word' id='word_1_369' title='bbox 94 3321 189 3360; x_wconf 88' lang='lat' dir='ltr'>dem</span> <span class='ocrx_word' id='word_1_370' title='bbox 220 3322 384 3361; x_wconf 88' lang='lat' dir='ltr'>nonnisi</span> <span class='ocrx_word' id='word_1_371' title='bbox 420 3321 552 3361; x_wconf 88' lang='lat' dir='ltr'>tribus</span> <span class='ocrx_word' id='word_1_372' title='bbox 583 3320 766 3375; x_wconf 88' lang='lat' dir='ltr'>ejusdem</span> <span class='ocrx_word' id='word_1_373' title='bbox 800 3322 931 3375; x_wconf 84' lang='lat' dir='ltr'>gentis</span> <span class='ocrx_word' id='word_1_374' title='bbox 963 3320 1086 3361; x_wconf 86' lang='lat' dir='ltr'>fuisse</span> <span class='ocrx_word' id='word_1_375' title='bbox 1114 3320 1323 3362; x_wconf 90' lang='lat' dir='ltr'>videntur.</span> 
     </span>
     <span class='ocr_line' id='line_1_50' title="bbox 94 3383 1327 3439; baseline 0.002 -17"><span class='ocrx_word' id='word_1_376' title='bbox 94 3384 285 3437; x_wconf 80' lang='grc' dir='ltr'>Περιώσια</span> <span class='ocrx_word' id='word_1_377' title='bbox 314 3383 415 3437; x_wconf 74' lang='grc' dir='ltr'>φῦλα</span> <span class='ocrx_word' id='word_1_378' title='bbox 444 3384 636 3439; x_wconf 75' lang='grc' dir='ltr'>Βεχείρων</span> <span class='ocrx_word' id='word_1_379' title='bbox 666 3392 707 3424; x_wconf 88' lang='lat' dir='ltr'>et</span> <span class='ocrx_word' id='word_1_380' title='bbox 734 3383 950 3439; x_wconf 82' lang='grc' dir='ltr'>ἀπειρεσίην</span> <span class='ocrx_word' id='word_1_381' title='bbox 983 3383 1175 3438; x_wconf 80' lang='grc' dir='ltr'>Βεχείρων</span> <span class='ocrx_word' id='word_1_382' title='bbox 1209 3386 1327 3439; x_wconf 77' lang='grc' dir='ltr'>γαῖαν</span> 
     </span>
     <span class='ocr_line' id='line_1_51' title="bbox 51 3445 1328 3502; baseline 0.003 -18"><span class='ocrx_word' id='word_1_383' title='bbox 51 3459 56 3463; x_wconf 79' lang='grc'><strong>’</strong></span> <span class='ocrx_word' id='word_1_384' title='bbox 95 3446 195 3485; x_wconf 81' lang='lat' dir='ltr'>dicit</span> <span class='ocrx_word' id='word_1_385' title='bbox 214 3445 404 3499; x_wconf 84' lang='lat' dir='ltr'>Apollon.</span> <span class='ocrx_word' id='word_1_386' title='bbox 427 3446 564 3487; x_wconf 89' lang='lat' dir='ltr'>Rhod.</span> <span class='ocrx_word' id='word_1_387' title='bbox 584 3449 627 3487; x_wconf 90' lang='grc' dir='ltr'>ΙΙ</span> <span class='ocrx_word' id='word_1_388' title='bbox 644 3478 655 3498; x_wconf 90' lang='grc'>,</span> <span class='ocrx_word' id='word_1_389' title='bbox 680 3447 776 3501; x_wconf 85' lang='grc'>394.</span> <span class='ocrx_word' id='word_1_390' title='bbox 803 3450 909 3493; x_wconf 90' lang='grc'><strong>1242</strong></span> <span class='ocrx_word' id='word_1_391' title='bbox 926 3478 938 3497; x_wconf 91' lang='grc'>,</span> <span class='ocrx_word' id='word_1_392' title='bbox 965 3448 1036 3502; x_wconf 86' lang='lat' dir='ltr'>qui</span> <span class='ocrx_word' id='word_1_393' title='bbox 1060 3461 1110 3487; x_wconf 90' lang='lat' dir='ltr'>eo</span> <span class='ocrx_word' id='word_1_394' title='bbox 1131 3447 1223 3488; x_wconf 88' lang='lat' dir='ltr'>loeo</span> <span class='ocrx_word' id='word_1_395' title='bbox 1244 3462 1328 3502; x_wconf 91' lang='lat' dir='ltr'>quo</span> 
     </span>
     <span class='ocr_line' id='line_1_52' title="bbox 94 3508 1328 3565; baseline 0.003 -18"><span class='ocrx_word' id='word_1_396' title='bbox 94 3511 243 3548; x_wconf 86' lang='lat' dir='ltr'>Noster</span> <span class='ocrx_word' id='word_1_397' title='bbox 261 3508 563 3548; x_wconf 86' lang='lat' dir='ltr'>Ecechirienses</span> <span class='ocrx_word' id='word_1_398' title='bbox 586 3517 800 3560; x_wconf 86' lang='lat' dir='ltr'>memorat,</span> <span class='ocrx_word' id='word_1_399' title='bbox 820 3510 1007 3565; x_wconf 83' lang='grc' dir='ltr'>Σάπειρας</span> <span class='ocrx_word' id='word_1_400' title='bbox 1027 3518 1224 3551; x_wconf 88' lang='lat' dir='ltr'>recenset.</span> <span class='ocrx_word' id='word_1_401' title='bbox 1246 3511 1328 3551; x_wconf 85' lang='lat' dir='ltr'>He-</span> 
     </span>
     <span class='ocr_line' id='line_1_53' title="bbox 97 3569 1328 3623; baseline 0.003 -13"><span class='ocrx_word' id='word_1_402' title='bbox 97 3578 245 3610; x_wconf 81' lang='lat' dir='ltr'>cataeus</span> <span class='ocrx_word' id='word_1_403' title='bbox 269 3569 296 3609; x_wconf 88' lang='lat' dir='ltr'>l.</span> <span class='ocrx_word' id='word_1_404' title='bbox 323 3569 351 3609; x_wconf 88' lang='lat' dir='ltr'>l.</span> <span class='ocrx_word' id='word_1_405' title='bbox 375 3570 529 3611; x_wconf 86' lang='lat' dir='ltr'>ibidem</span> <span class='ocrx_word' id='word_1_406' title='bbox 547 3572 718 3612; x_wconf 88' lang='lat' dir='ltr'>collocat</span> <span class='ocrx_word' id='word_1_407' title='bbox 739 3572 873 3623; x_wconf 87' lang='grc' dir='ltr'>Χοούς,</span> <span class='ocrx_word' id='word_1_408' title='bbox 894 3573 1021 3614; x_wconf 84' lang='grc' dir='ltr'><strong>1110άο</strong></span> <span class='ocrx_word' id='word_1_409' title='bbox 1039 3581 1149 3613; x_wconf 88' lang='lat' dir='ltr'>recte</span> <span class='ocrx_word' id='word_1_410' title='bbox 1174 3588 1328 3614; x_wconf 91' lang='lat' dir='ltr'>nomen</span> 
     </span>
    </p>
   </div>
   <div class='ocr_carea' id='block_1_4' title="bbox 97 3631 1328 3814">
    <p class='ocr_par' dir='ltr' id='par_1_9' title="bbox 97 3631 1328 3814">
     <span class='ocr_line' id='line_1_54' title="bbox 97 3631 1324 3690; baseline 0.004 -19"><span class='ocrx_word' id='word_1_411' title='bbox 97 3632 259 3671; x_wconf 86' lang='lat' dir='ltr'>habeat.</span> <span class='ocrx_word' id='word_1_412' title='bbox 280 3633 298 3682; x_wconf 78' lang='grc' dir='ltr'>Η</span> <span class='ocrx_word' id='word_1_413' title='bbox 315 3655 372 3661; x_wconf 90' lang='grc'><strong>-</strong></span> <span class='ocrx_word' id='word_1_414' title='bbox 393 3631 670 3688; x_wconf 81' lang='grc' dir='ltr'>Πόρδανις]</span> <span class='ocrx_word' id='word_1_415' title='bbox 702 3634 888 3688; x_wconf 75' lang='grc' dir='ltr'>Πρύτανις</span> <span class='ocrx_word' id='word_1_416' title='bbox 921 3635 1032 3690; x_wconf 88' lang='lat' dir='ltr'>apud</span> <span class='ocrx_word' id='word_1_417' title='bbox 1070 3636 1293 3677; x_wconf 87' lang='lat' dir='ltr'>Arrianum</span> <span class='ocrx_word' id='word_1_418' title='bbox 1313 3667 1324 3686; x_wconf 94' lang='lat'>,</span> 
     </span>
     <span class='ocr_line' id='line_1_55' title="bbox 99 3693 1328 3751; baseline 0.005 -19"><span class='ocrx_word' id='word_1_419' title='bbox 99 3693 222 3733; x_wconf 89' lang='lat' dir='ltr'>hodie</span> <span class='ocrx_word' id='word_1_420' title='bbox 251 3696 455 3734; x_wconf 69' lang='lat' dir='ltr'>Fur-tuna.</span> <span class='ocrx_word' id='word_1_421' title='bbox 485 3693 549 3734; x_wconf 83' lang='lat' dir='ltr'>Cf.</span> <span class='ocrx_word' id='word_1_422' title='bbox 576 3694 724 3736; x_wconf 88' lang='lat' dir='ltr'>Ukert.</span> <span class='ocrx_word' id='word_1_423' title='bbox 757 3699 834 3746; x_wconf 90' lang='lat' dir='ltr'>III,</span> <span class='ocrx_word' id='word_1_424' title='bbox 853 3710 894 3746; x_wconf 86' lang='lat'>2,</span> <span class='ocrx_word' id='word_1_425' title='bbox 919 3711 962 3751; x_wconf 89' lang='lat' dir='ltr'>p.</span> <span class='ocrx_word' id='word_1_426' title='bbox 981 3710 1078 3747; x_wconf 85' lang='lat'>210,</span> <span class='ocrx_word' id='word_1_427' title='bbox 1100 3706 1140 3737; x_wconf 90' lang='lat' dir='ltr'>et</span> <span class='ocrx_word' id='word_1_428' title='bbox 1164 3706 1251 3738; x_wconf 89' lang='lat' dir='ltr'>not.</span> <span class='ocrx_word' id='word_1_429' title='bbox 1275 3698 1328 3738; x_wconf 89' lang='lat' dir='ltr'>ad</span> 
     </span>
     <span class='ocr_line' id='line_1_56' title="bbox 98 3753 1328 3814; baseline 0.003 -19"><span class='ocrx_word' id='word_1_430' title='bbox 98 3757 211 3808; x_wconf 86' lang='grc'>582.</span> <span class='ocrx_word' id='word_1_431' title='bbox 234 3757 324 3806; x_wconf 66' lang='grc'>11-</span> <span class='ocrx_word' id='word_1_432' title='bbox 347 3753 530 3808; x_wconf 74' lang='grc' dir='ltr'>Ἀραὸὶς</span> <span class='ocrx_word' id='word_1_433' title='bbox 566 3756 799 3811; x_wconf 71' lang='grc' dir='ltr'>ποταμὸς,</span> <span class='ocrx_word' id='word_1_434' title='bbox 829 3758 979 3811; x_wconf 80' lang='grc' dir='ltr'>Λίμνη</span> <span class='ocrx_word' id='word_1_435' title='bbox 1012 3758 1180 3814; x_wconf 87' lang='grc' dir='ltr'>πόλις]</span> <span class='ocrx_word' id='word_1_436' title='bbox 1204 3759 1328 3814; x_wconf 88' lang='lat' dir='ltr'>Apud</span> 
     </span>
    </p>
   </div>
   <div class='ocr_carea' id='block_1_5' title="bbox 98 3818 1328 3998">
    <p class='ocr_par' dir='ltr' id='par_1_10' title="bbox 98 3818 1328 3998">
     <span class='ocr_line' id='line_1_57' title="bbox 98 3818 1328 3875; baseline 0.002 -16"><span class='ocrx_word' id='word_1_437' title='bbox 98 3818 320 3859; x_wconf 83' lang='lat' dir='ltr'>Arrianum</span> <span class='ocrx_word' id='word_1_438' title='bbox 351 3819 373 3869; x_wconf 88' lang='grc'>5</span> <span class='ocrx_word' id='word_1_439' title='bbox 399 3819 421 3858; x_wconf 91' lang='lat'>8</span> <span class='ocrx_word' id='word_1_440' title='bbox 459 3825 553 3871; x_wconf 90' lang='lat' dir='ltr'>post</span> <span class='ocrx_word' id='word_1_441' title='bbox 588 3819 761 3872; x_wconf 83' lang='lat' dir='ltr'>Pyxiten</span> <span class='ocrx_word' id='word_1_442' title='bbox 791 3821 975 3873; x_wconf 87' lang='lat' dir='ltr'>sequitur</span> <span class='ocrx_word' id='word_1_443' title='bbox 1002 3820 1215 3875; x_wconf 87' lang='grc' dir='ltr'>Ζάγατις</span> <span class='ocrx_word' id='word_1_444' title='bbox 1252 3823 1328 3862; x_wconf 87' lang='lat' dir='ltr'>ssu-</span> 
     </span>
     <span class='ocr_line' id='line_1_58' title="bbox 99 3878 1328 3935; baseline 0.005 -16"><span class='ocrx_word' id='word_1_445' title='bbox 99 3881 188 3920; x_wconf 87' lang='lat' dir='ltr'>vius</span> <span class='ocrx_word' id='word_1_446' title='bbox 212 3881 227 3933; x_wconf 94' lang='lat'>(</span> <span class='ocrx_word' id='word_1_447' title='bbox 247 3878 347 3920; x_wconf 88' lang='lat' dir='ltr'>hod.</span> <span class='ocrx_word' id='word_1_448' title='bbox 369 3879 501 3919; x_wconf 71' lang='lat' dir='ltr'>sacha</span> <span class='ocrx_word' id='word_1_449' title='bbox 522 3882 625 3919; x_wconf 73' lang='lat' dir='ltr'>Det-e</span> <span class='ocrx_word' id='word_1_450' title='bbox 641 3879 674 3934; x_wconf 89' lang='lat'>)‚</span> <span class='ocrx_word' id='word_1_451' title='bbox 697 3881 767 3934; x_wconf 88' lang='lat' dir='ltr'>qui</span> <span class='ocrx_word' id='word_1_452' title='bbox 791 3880 1039 3935; x_wconf 88' lang='lat' dir='ltr'>respondere</span> <span class='ocrx_word' id='word_1_453' title='bbox 1060 3881 1182 3924; x_wconf 90' lang='lat' dir='ltr'>debet</span> <span class='ocrx_word' id='word_1_454' title='bbox 1203 3885 1328 3925; x_wconf 83' lang='lat' dir='ltr'>Arabi</span> 
     </span>
     <span class='ocr_line' id='line_1_59' title="bbox 99 3942 1327 3998; baseline 0.003 -15"><span class='ocrx_word' id='word_1_455' title='bbox 99 3943 303 3998; x_wconf 79' lang='lat' dir='ltr'>Scylaceo.</span> <span class='ocrx_word' id='word_1_456' title='bbox 340 3943 402 3983; x_wconf 89' lang='lat' dir='ltr'>Ne</span> <span class='ocrx_word' id='word_1_457' title='bbox 423 3956 585 3983; x_wconf 82' lang='lat' dir='ltr'>censeas</span> <span class='ocrx_word' id='word_1_458' title='bbox 625 3942 780 3984; x_wconf 87' lang='lat' dir='ltr'>Arabin</span> <span class='ocrx_word' id='word_1_459' title='bbox 806 3957 891 3984; x_wconf 86' lang='lat' dir='ltr'>esse</span> <span class='ocrx_word' id='word_1_460' title='bbox 923 3944 1131 3985; x_wconf 86' lang='lat' dir='ltr'>Archabin</span> <span class='ocrx_word' id='word_1_461' title='bbox 1165 3948 1327 3988; x_wconf 87' lang='lat' dir='ltr'>Arriani</span> 
     </span>
    </p>
   </div>
   <div class='ocr_carea' id='block_1_6' title="bbox 1211 140 2624 205">
    <p class='ocr_par' dir='ltr' id='par_1_11' title="bbox 1211 140 2624 205">
     <span class='ocr_line' id='line_1_60' title="bbox 1211 140 2624 205; baseline 0.014 -20"><span class='ocrx_word' id='word_1_462' title='bbox 1211 140 1521 189; x_wconf 82' lang='lat' dir='ltr'>PERIPLUS.</span> <span class='ocrx_word' id='word_1_463' title='bbox 2567 166 2624 205; x_wconf 82' lang='grc'>63</span> 
     </span>
    </p>
   </div>
   <div class='ocr_carea' id='block_1_7' title="bbox 1393 251 2634 902">
    <p class='ocr_par' dir='ltr' id='par_1_12' title="bbox 1393 251 2628 362">
     <span class='ocr_line' id='line_1_61' title="bbox 1448 251 2628 315; baseline 0.009 -25"><span class='ocrx_word' id='word_1_464' title='bbox 1448 251 1516 290; x_wconf 89' lang='grc'>82,</span> <span class='ocrx_word' id='word_1_465' title='bbox 1548 251 1757 291; x_wconf 70' lang='grc' dir='ltr'>ΒΥΖΕΒΕε.</span> <span class='ocrx_word' id='word_1_466' title='bbox 1783 252 1882 291; x_wconf 85' lang='lat' dir='ltr'>Post</span> <span class='ocrx_word' id='word_1_467' title='bbox 1903 251 2078 310; x_wconf 83' lang='lat' dir='ltr'>Colchos</span> <span class='ocrx_word' id='word_1_468' title='bbox 2100 255 2284 307; x_wconf 87' lang='lat' dir='ltr'>sequitur</span> <span class='ocrx_word' id='word_1_469' title='bbox 2312 259 2510 311; x_wconf 89' lang='lat' dir='ltr'>Byzerum</span> <span class='ocrx_word' id='word_1_470' title='bbox 2532 277 2628 315; x_wconf 84' lang='lat' dir='ltr'>gens</span> 
     </span>
     <span class='ocr_line' id='line_1_62' title="bbox 1393 319 2250 362; baseline 0.005 -5"><span class='ocrx_word' id='word_1_471' title='bbox 1393 325 1434 357; x_wconf 89' lang='lat' dir='ltr'>et</span> <span class='ocrx_word' id='word_1_472' title='bbox 1455 319 1677 359; x_wconf 87' lang='lat' dir='ltr'>Daraanon</span> <span class='ocrx_word' id='word_1_473' title='bbox 1700 320 1849 360; x_wconf 84' lang='lat' dir='ltr'>fluvius</span> <span class='ocrx_word' id='word_1_474' title='bbox 1871 328 1911 360; x_wconf 90' lang='lat' dir='ltr'>et</span> <span class='ocrx_word' id='word_1_475' title='bbox 1932 321 2064 361; x_wconf 85' lang='lat' dir='ltr'>Arion</span> <span class='ocrx_word' id='word_1_476' title='bbox 2087 321 2250 362; x_wconf 86' lang='lat' dir='ltr'>fluvius.</span> 
     </span>
    </p>

    <p class='ocr_par' dir='ltr' id='par_1_13' title="bbox 1396 386 2634 575">
     <span class='ocr_line' id='line_1_63' title="bbox 1456 386 2632 445; baseline 0.009 -20"><span class='ocrx_word' id='word_1_477' title='bbox 1456 386 1525 425; x_wconf 90' lang='grc'>83.</span> <span class='ocrx_word' id='word_1_478' title='bbox 1557 387 1831 428; x_wconf 71' lang='lat' dir='ltr'>Eczcmnms.</span> <span class='ocrx_word' id='word_1_479' title='bbox 1861 389 1959 428; x_wconf 88' lang='lat' dir='ltr'>Post</span> <span class='ocrx_word' id='word_1_480' title='bbox 1991 389 2166 442; x_wconf 87' lang='lat' dir='ltr'>Byzeres</span> <span class='ocrx_word' id='word_1_481' title='bbox 2194 390 2381 442; x_wconf 86' lang='lat' dir='ltr'>sequitur</span> <span class='ocrx_word' id='word_1_482' title='bbox 2413 407 2510 445; x_wconf 87' lang='lat' dir='ltr'>gens</span> <span class='ocrx_word' id='word_1_483' title='bbox 2531 397 2632 436; x_wconf 88' lang='lat' dir='ltr'>Ece-</span> 
     </span>
     <span class='ocr_line' id='line_1_64' title="bbox 1398 451 2634 514; baseline 0.01 -22"><span class='ocrx_word' id='word_1_484' title='bbox 1398 452 1684 504; x_wconf 87' lang='lat' dir='ltr'>chiriensium,</span> <span class='ocrx_word' id='word_1_485' title='bbox 1707 464 1748 496; x_wconf 89' lang='lat' dir='ltr'>et</span> <span class='ocrx_word' id='word_1_486' title='bbox 1762 456 1912 496; x_wconf 85' lang='lat' dir='ltr'>fluvius</span> <span class='ocrx_word' id='word_1_487' title='bbox 1932 455 2133 497; x_wconf 89' lang='lat' dir='ltr'>Pordanis</span> <span class='ocrx_word' id='word_1_488' title='bbox 2151 455 2166 511; x_wconf 87' lang='lat'>(</span> <span class='ocrx_word' id='word_1_489' title='bbox 2181 451 2405 514; x_wconf 62' lang='lat' dir='ltr'>Prytanis)</span> <span class='ocrx_word' id='word_1_490' title='bbox 2430 469 2469 500; x_wconf 90' lang='lat' dir='ltr'>et</span> <span class='ocrx_word' id='word_1_491' title='bbox 2489 464 2634 504; x_wconf 86' lang='lat' dir='ltr'>Arabis</span> 
     </span>
     <span class='ocr_line' id='line_1_65' title="bbox 1396 520 2347 575; baseline 0.006 -15"><span class='ocrx_word' id='word_1_492' title='bbox 1396 520 1564 571; x_wconf 90' lang='lat' dir='ltr'>fluvius,</span> <span class='ocrx_word' id='word_1_493' title='bbox 1586 524 1735 563; x_wconf 88' lang='lat' dir='ltr'>Limne</span> <span class='ocrx_word' id='word_1_494' title='bbox 1750 524 1865 575; x_wconf 90' lang='lat' dir='ltr'>urbs,</span> <span class='ocrx_word' id='word_1_495' title='bbox 1880 523 2059 566; x_wconf 90' lang='lat' dir='ltr'>Odinius</span> <span class='ocrx_word' id='word_1_496' title='bbox 2072 524 2173 565; x_wconf 90' lang='lat' dir='ltr'>urbs</span> <span class='ocrx_word' id='word_1_497' title='bbox 2188 526 2347 566; x_wconf 83' lang='lat' dir='ltr'>Graeca.</span> 
     </span>
    </p>

    <p class='ocr_par' dir='ltr' id='par_1_14' title="bbox 1395 590 2633 712">
     <span class='ocr_line' id='line_1_66' title="bbox 1454 590 2633 648; baseline 0.008 -20"><span class='ocrx_word' id='word_1_498' title='bbox 1454 590 1522 636; x_wconf 96' lang='grc'>84.</span> <span class='ocrx_word' id='word_1_499' title='bbox 1555 591 1752 631; x_wconf 63' lang='lat' dir='ltr'>Bucam.</span> <span class='ocrx_word' id='word_1_500' title='bbox 1773 594 1873 632; x_wconf 90' lang='lat' dir='ltr'>Post</span> <span class='ocrx_word' id='word_1_501' title='bbox 1889 592 2122 632; x_wconf 86' lang='lat' dir='ltr'>Ecechiries</span> <span class='ocrx_word' id='word_1_502' title='bbox 2142 600 2203 632; x_wconf 88' lang='lat' dir='ltr'>est</span> <span class='ocrx_word' id='word_1_503' title='bbox 2226 607 2323 646; x_wconf 86' lang='lat' dir='ltr'>gens</span> <span class='ocrx_word' id='word_1_504' title='bbox 2348 595 2633 648; x_wconf 85' lang='lat' dir='ltr'>Bechirorum,</span> 
     </span>
     <span class='ocr_line' id='line_1_67' title="bbox 1395 656 2328 712; baseline 0.005 -16"><span class='ocrx_word' id='word_1_505' title='bbox 1395 656 1634 697; x_wconf 90' lang='lat' dir='ltr'>Bechiricus</span> <span class='ocrx_word' id='word_1_506' title='bbox 1654 666 1815 712; x_wconf 89' lang='lat' dir='ltr'>portus,</span> <span class='ocrx_word' id='word_1_507' title='bbox 1829 660 2037 700; x_wconf 89' lang='lat' dir='ltr'>Bechirias</span> <span class='ocrx_word' id='word_1_508' title='bbox 2054 660 2155 700; x_wconf 89' lang='lat' dir='ltr'>urbs</span> <span class='ocrx_word' id='word_1_509' title='bbox 2170 660 2328 702; x_wconf 85' lang='lat' dir='ltr'>Graeca.</span> 
     </span>
    </p>

    <p class='ocr_par' dir='ltr' id='par_1_15' title="bbox 1395 723 2634 902">
     <span class='ocr_line' id='line_1_68' title="bbox 1454 723 2628 782; baseline 0.009 -18"><span class='ocrx_word' id='word_1_510' title='bbox 1454 723 1523 765; x_wconf 87' lang='lat'>85.</span> <span class='ocrx_word' id='word_1_511' title='bbox 1555 726 1911 766; x_wconf 65' lang='lat' dir='ltr'>MAcnocEpum.</span> <span class='ocrx_word' id='word_1_512' title='bbox 1949 729 2048 767; x_wconf 91' lang='lat' dir='ltr'>Post</span> <span class='ocrx_word' id='word_1_513' title='bbox 2083 727 2274 768; x_wconf 86' lang='lat' dir='ltr'>Bechires</span> <span class='ocrx_word' id='word_1_514' title='bbox 2311 743 2406 782; x_wconf 87' lang='lat' dir='ltr'>gens</span> <span class='ocrx_word' id='word_1_515' title='bbox 2446 740 2506 772; x_wconf 86' lang='lat' dir='ltr'>est</span> <span class='ocrx_word' id='word_1_516' title='bbox 2543 734 2628 773; x_wconf 90' lang='lat' dir='ltr'>Ma·</span> 
     </span>
     <span class='ocr_line' id='line_1_69' title="bbox 1395 793 2634 853; baseline 0.007 -21"><span class='ocrx_word' id='word_1_517' title='bbox 1395 793 1735 848; x_wconf 85' lang='lat' dir='ltr'>crocephalorum</span> <span class='ocrx_word' id='word_1_518' title='bbox 1751 824 1762 844; x_wconf 92' lang='lat'>,</span> <span class='ocrx_word' id='word_1_519' title='bbox 1802 802 1843 834; x_wconf 91' lang='lat' dir='ltr'>et</span> <span class='ocrx_word' id='word_1_520' title='bbox 1877 794 2037 834; x_wconf 73' lang='lat' dir='ltr'>Psoron</span> <span class='ocrx_word' id='word_1_521' title='bbox 2082 804 2226 850; x_wconf 86' lang='lat' dir='ltr'>portus</span> <span class='ocrx_word' id='word_1_522' title='bbox 2239 827 2250 846; x_wconf 97' lang='lat'>,</span> <span class='ocrx_word' id='word_1_523' title='bbox 2290 798 2495 853; x_wconf 76' lang='lat' dir='ltr'>Trapezus</span> <span class='ocrx_word' id='word_1_524' title='bbox 2534 800 2634 841; x_wconf 89' lang='lat' dir='ltr'>urbs</span> 
     </span>
     <span class='ocr_line' id='line_1_70' title="bbox 1399 862 1559 902; baseline -0.006 0"><span class='ocrx_word' id='word_1_525' title='bbox 1399 862 1559 902; x_wconf 80' lang='lat' dir='ltr'>Graeca.</span> 
     </span>
    </p>
   </div>
   <div class='ocr_carea' id='block_1_8' title="bbox 1392 1006 2658 3997">
    <p class='ocr_par' dir='ltr' id='par_1_16' title="bbox 1397 1006 2635 1066">
     <span class='ocr_line' id='line_1_71' title="bbox 1397 1006 2635 1066; baseline 0.006 -20"><span class='ocrx_word' id='word_1_526' title='bbox 1397 1007 1520 1047; x_wconf 85' lang='lat' dir='ltr'>series</span> <span class='ocrx_word' id='word_1_527' title='bbox 1535 1006 1723 1047; x_wconf 88' lang='lat' dir='ltr'>locorum</span> <span class='ocrx_word' id='word_1_528' title='bbox 1745 1007 1894 1047; x_wconf 86' lang='lat' dir='ltr'>obstat.</span> <span class='ocrx_word' id='word_1_529' title='bbox 1915 1008 2028 1047; x_wconf 92' lang='lat' dir='ltr'>Num</span> <span class='ocrx_word' id='word_1_530' title='bbox 2058 1006 2111 1047; x_wconf 90' lang='lat' dir='ltr'>ad</span> <span class='ocrx_word' id='word_1_531' title='bbox 2136 1008 2208 1048; x_wconf 91' lang='lat' dir='ltr'>has</span> <span class='ocrx_word' id='word_1_532' title='bbox 2230 1010 2413 1062; x_wconf 81' lang='lat' dir='ltr'>regiones</span> <span class='ocrx_word' id='word_1_533' title='bbox 2434 1014 2635 1066; x_wconf 86' lang='lat' dir='ltr'>pertineat</span> 
     </span>
    </p>

    <p class='ocr_par' dir='ltr' id='par_1_17' title="bbox 1394 1068 2632 1126">
     <span class='ocr_line' id='line_1_72' title="bbox 1394 1068 2632 1126; baseline 0.006 -17"><span class='ocrx_word' id='word_1_534' title='bbox 1394 1068 1496 1109; x_wconf 92' lang='lat' dir='ltr'>illud</span> <span class='ocrx_word' id='word_1_535' title='bbox 1521 1068 1692 1124; x_wconf 74' lang='grc' dir='ltr'>Ἀραδίοις</span> <span class='ocrx_word' id='word_1_536' title='bbox 1710 1069 1836 1124; x_wconf 77' lang='grc' dir='ltr'>ἄρειον</span> <span class='ocrx_word' id='word_1_537' title='bbox 1857 1069 1970 1118; x_wconf 82' lang='grc' dir='ltr'><strong>ἄνθος</strong></span> <span class='ocrx_word' id='word_1_538' title='bbox 1988 1084 2054 1124; x_wconf 93' lang='lat' dir='ltr'>ap.</span> <span class='ocrx_word' id='word_1_539' title='bbox 2076 1070 2254 1125; x_wconf 87' lang='lat' dir='ltr'>AEschyl.</span> <span class='ocrx_word' id='word_1_540' title='bbox 2288 1073 2427 1112; x_wconf 91' lang='lat' dir='ltr'>Prom.</span> <span class='ocrx_word' id='word_1_541' title='bbox 2454 1077 2535 1122; x_wconf 95' lang='grc'>420</span> <span class='ocrx_word' id='word_1_542' title='bbox 2549 1106 2560 1126; x_wconf 92' lang='grc'>,</span> <span class='ocrx_word' id='word_1_543' title='bbox 2584 1085 2632 1116; x_wconf 90' lang='lat' dir='ltr'>ut</span> 
     </span>
    </p>

    <p class='ocr_par' dir='ltr' id='par_1_18' title="bbox 1395 1131 2627 1191">
     <span class='ocr_line' id='line_1_73' title="bbox 1395 1131 2627 1191; baseline 0.006 -21"><span class='ocrx_word' id='word_1_544' title='bbox 1395 1131 1635 1172; x_wconf 88' lang='lat' dir='ltr'>Clausenius</span> <span class='ocrx_word' id='word_1_545' title='bbox 1669 1140 1829 1181; x_wconf 89' lang='lat' dir='ltr'>censet,</span> <span class='ocrx_word' id='word_1_546' title='bbox 1861 1146 1948 1171; x_wconf 93' lang='lat' dir='ltr'>non</span> <span class='ocrx_word' id='word_1_547' title='bbox 1978 1145 2134 1185; x_wconf 86' lang='lat' dir='ltr'>quaero.</span> <span class='ocrx_word' id='word_1_548' title='bbox 2161 1131 2287 1184; x_wconf 90' lang='lat' dir='ltr'>Quod</span> <span class='ocrx_word' id='word_1_549' title='bbox 2313 1135 2455 1175; x_wconf 87' lang='lat' dir='ltr'>attinet</span> <span class='ocrx_word' id='word_1_550' title='bbox 2479 1137 2627 1191; x_wconf 83' lang='grc' dir='ltr'>Λίμνην</span> 
     </span>
    </p>

    <p class='ocr_par' dir='ltr' id='par_1_19' title="bbox 1395 1191 2634 1249">
     <span class='ocr_line' id='line_1_74' title="bbox 1395 1191 2634 1249; baseline 0.005 -17"><span class='ocrx_word' id='word_1_551' title='bbox 1395 1191 1525 1242; x_wconf 87' lang='grc' dir='ltr'>πόλιν,</span> <span class='ocrx_word' id='word_1_552' title='bbox 1546 1193 1719 1233; x_wconf 88' lang='lat' dir='ltr'>Vossius</span> <span class='ocrx_word' id='word_1_553' title='bbox 1742 1200 1860 1247; x_wconf 92' lang='lat' dir='ltr'>putat</span> <span class='ocrx_word' id='word_1_554' title='bbox 1881 1191 2056 1232; x_wconf 88' lang='lat' dir='ltr'>eandem</span> <span class='ocrx_word' id='word_1_555' title='bbox 2075 1206 2162 1232; x_wconf 87' lang='lat' dir='ltr'>esse</span> <span class='ocrx_word' id='word_1_556' title='bbox 2184 1207 2276 1246; x_wconf 84' lang='lat' dir='ltr'>quae</span> <span class='ocrx_word' id='word_1_557' title='bbox 2294 1203 2354 1235; x_wconf 89' lang='lat' dir='ltr'>est</span> <span class='ocrx_word' id='word_1_558' title='bbox 2373 1195 2515 1249; x_wconf 84' lang='grc' dir='ltr'>Ξυλίνη</span> <span class='ocrx_word' id='word_1_559' title='bbox 2538 1199 2634 1238; x_wconf 91' lang='lat' dir='ltr'>Pto-</span> 
     </span>
    </p>

    <p class='ocr_par' dir='ltr' id='par_1_20' title="bbox 1393 1254 2639 1375">
     <span class='ocr_line' id='line_1_75' title="bbox 1393 1254 2639 1311; baseline 0.005 -17"><span class='ocrx_word' id='word_1_560' title='bbox 1393 1254 1524 1295; x_wconf 87' lang='lat' dir='ltr'>lemaei</span> <span class='ocrx_word' id='word_1_561' title='bbox 1546 1254 1631 1310; x_wconf 92' lang='lat' dir='ltr'>(V,</span> <span class='ocrx_word' id='word_1_562' title='bbox 1655 1259 1695 1305; x_wconf 90' lang='lat'>6,</span> <span class='ocrx_word' id='word_1_563' title='bbox 1717 1269 1759 1309; x_wconf 91' lang='lat' dir='ltr'>p.</span> <span class='ocrx_word' id='word_1_564' title='bbox 1783 1255 1880 1302; x_wconf 84' lang='lat'>336,</span> <span class='ocrx_word' id='word_1_565' title='bbox 1900 1267 1949 1294; x_wconf 83' lang='lat'>12</span> <span class='ocrx_word' id='word_1_566' title='bbox 1966 1256 1998 1308; x_wconf 88' lang='lat'>)‚</span> <span class='ocrx_word' id='word_1_567' title='bbox 2021 1269 2071 1294; x_wconf 86' lang='lat' dir='ltr'>ex</span> <span class='ocrx_word' id='word_1_568' title='bbox 2090 1269 2174 1308; x_wconf 93' lang='lat' dir='ltr'>quo</span> <span class='ocrx_word' id='word_1_569' title='bbox 2190 1265 2383 1311; x_wconf 90' lang='lat' dir='ltr'>corrupta</span> <span class='ocrx_word' id='word_1_570' title='bbox 2401 1267 2540 1299; x_wconf 89' lang='lat' dir='ltr'>nostra</span> <span class='ocrx_word' id='word_1_571' title='bbox 2555 1260 2639 1300; x_wconf 88' lang='lat' dir='ltr'>sint</span> 
     </span>
     <span class='ocr_line' id='line_1_76' title="bbox 1395 1316 2638 1375; baseline 0.003 -17"><span class='ocrx_word' id='word_1_572' title='bbox 1395 1316 1656 1370; x_wconf 83' lang='lat' dir='ltr'>corrigenda.</span> <span class='ocrx_word' id='word_1_573' title='bbox 1674 1317 1807 1371; x_wconf 90' lang='lat' dir='ltr'>quue</span> <span class='ocrx_word' id='word_1_574' title='bbox 1826 1318 1859 1356; x_wconf 88' lang='lat' dir='ltr'>si</span> <span class='ocrx_word' id='word_1_575' title='bbox 1879 1317 2015 1357; x_wconf 87' lang='lat' dir='ltr'>literas</span> <span class='ocrx_word' id='word_1_576' title='bbox 2045 1317 2265 1357; x_wconf 91' lang='lat' dir='ltr'>nominum</span> <span class='ocrx_word' id='word_1_577' title='bbox 2298 1328 2467 1374; x_wconf 89' lang='lat' dir='ltr'>spectes,</span> <span class='ocrx_word' id='word_1_578' title='bbox 2487 1322 2638 1375; x_wconf 88' lang='lat' dir='ltr'>proba-</span> 
     </span>
    </p>

    <p class='ocr_par' dir='ltr' id='par_1_21' title="bbox 1394 1379 2639 1437">
     <span class='ocr_line' id='line_1_77' title="bbox 1394 1379 2639 1437; baseline 0.003 -17"><span class='ocrx_word' id='word_1_579' title='bbox 1394 1379 1475 1420; x_wconf 90' lang='lat' dir='ltr'>bile</span> <span class='ocrx_word' id='word_1_580' title='bbox 1493 1388 1577 1430; x_wconf 86' lang='lat' dir='ltr'>est;</span> <span class='ocrx_word' id='word_1_581' title='bbox 1609 1389 1651 1421; x_wconf 92' lang='lat' dir='ltr'>at</span> <span class='ocrx_word' id='word_1_582' title='bbox 1680 1382 1797 1431; x_wconf 90' lang='lat' dir='ltr'>situs,</span> <span class='ocrx_word' id='word_1_583' title='bbox 1833 1394 1958 1434; x_wconf 90' lang='lat' dir='ltr'>quem</span> <span class='ocrx_word' id='word_1_584' title='bbox 1989 1380 2150 1435; x_wconf 85' lang='lat' dir='ltr'>Xylinae</span> <span class='ocrx_word' id='word_1_585' title='bbox 2183 1380 2426 1422; x_wconf 81' lang='lat' dir='ltr'>Ptolemaeus</span> <span class='ocrx_word' id='word_1_586' title='bbox 2466 1385 2639 1437; x_wconf 83' lang='lat' dir='ltr'>assignat</span> 
     </span>
    </p>

    <p class='ocr_par' dir='ltr' id='par_1_22' title="bbox 1394 1442 2639 1498">
     <span class='ocr_line' id='line_1_78' title="bbox 1394 1442 2639 1498; baseline 0.005 -17"><span class='ocrx_word' id='word_1_587' title='bbox 1394 1442 1503 1483; x_wconf 91' lang='lat' dir='ltr'>inter</span> <span class='ocrx_word' id='word_1_588' title='bbox 1525 1443 1735 1484; x_wconf 88' lang='lat' dir='ltr'>Archabin</span> <span class='ocrx_word' id='word_1_589' title='bbox 1757 1451 1798 1483; x_wconf 89' lang='lat' dir='ltr'>et</span> <span class='ocrx_word' id='word_1_590' title='bbox 1816 1445 2047 1498; x_wconf 89' lang='lat' dir='ltr'>Apsorrum</span> <span class='ocrx_word' id='word_1_591' title='bbox 2062 1475 2073 1493; x_wconf 90' lang='lat'>,</span> <span class='ocrx_word' id='word_1_592' title='bbox 2097 1444 2266 1484; x_wconf 90' lang='lat' dir='ltr'>minime</span> <span class='ocrx_word' id='word_1_593' title='bbox 2282 1444 2470 1498; x_wconf 88' lang='lat' dir='ltr'>quadrat.</span> <span class='ocrx_word' id='word_1_594' title='bbox 2489 1447 2559 1487; x_wconf 91' lang='lat' dir='ltr'>Sin</span> <span class='ocrx_word' id='word_1_595' title='bbox 2579 1462 2639 1487; x_wconf 90' lang='lat' dir='ltr'>se-</span> 
     </span>
    </p>

    <p class='ocr_par' dir='ltr' id='par_1_23' title="bbox 1394 1505 2658 1626">
     <span class='ocr_line' id='line_1_79' title="bbox 1394 1505 2658 1560; baseline 0.005 -15"><span class='ocrx_word' id='word_1_596' title='bbox 1394 1505 1499 1544; x_wconf 85' lang='lat' dir='ltr'>riem</span> <span class='ocrx_word' id='word_1_597' title='bbox 1535 1505 1721 1546; x_wconf 91' lang='lat' dir='ltr'>locorum</span> <span class='ocrx_word' id='word_1_598' title='bbox 1748 1514 1929 1560; x_wconf 85' lang='lat' dir='ltr'>spectes,</span> <span class='ocrx_word' id='word_1_599' title='bbox 1959 1506 2083 1560; x_wconf 87' lang='grc' dir='ltr'>Λίμνη</span> <span class='ocrx_word' id='word_1_600' title='bbox 2116 1520 2270 1546; x_wconf 88' lang='lat' dir='ltr'>nomen</span> <span class='ocrx_word' id='word_1_601' title='bbox 2297 1521 2392 1547; x_wconf 89' lang='lat' dir='ltr'>cum</span> <span class='ocrx_word' id='word_1_602' title='bbox 2424 1509 2658 1551; x_wconf 89' lang='lat' dir='ltr'>Gronovio·</span> 
     </span>
     <span class='ocr_line' id='line_1_80' title="bbox 1394 1567 2636 1626; baseline 0.005 -19"><span class='ocrx_word' id='word_1_603' title='bbox 1394 1567 1535 1608; x_wconf 87' lang='lat' dir='ltr'>credas</span> <span class='ocrx_word' id='word_1_604' title='bbox 1558 1577 1803 1623; x_wconf 88' lang='lat' dir='ltr'>corruptum</span> <span class='ocrx_word' id='word_1_605' title='bbox 1823 1582 1910 1608; x_wconf 87' lang='lat' dir='ltr'>esse</span> <span class='ocrx_word' id='word_1_606' title='bbox 1928 1582 1979 1608; x_wconf 86' lang='lat' dir='ltr'>ex</span> <span class='ocrx_word' id='word_1_607' title='bbox 2006 1567 2166 1619; x_wconf 73' lang='grc' dir='ltr'>Ἀθήνης</span> <span class='ocrx_word' id='word_1_608' title='bbox 2188 1583 2286 1608; x_wconf 90' lang='lat' dir='ltr'>nam</span> <span class='ocrx_word' id='word_1_609' title='bbox 2302 1570 2476 1610; x_wconf 70' lang='lat' dir='ltr'>Athenae</span> <span class='ocrx_word' id='word_1_610' title='bbox 2497 1570 2510 1626; x_wconf 92' lang='lat'>(</span> <span class='ocrx_word' id='word_1_611' title='bbox 2535 1572 2636 1613; x_wconf 91' lang='lat' dir='ltr'>hod.</span> 
     </span>
    </p>

    <p class='ocr_par' dir='ltr' id='par_1_24' title="bbox 1394 1629 2635 1690">
     <span class='ocr_line' id='line_1_81' title="bbox 1394 1629 2635 1690; baseline 0.005 -20"><span class='ocrx_word' id='word_1_612' title='bbox 1394 1629 1530 1670; x_wconf 80' lang='lat' dir='ltr'>Atina</span> <span class='ocrx_word' id='word_1_613' title='bbox 1548 1633 1565 1685; x_wconf 89' lang='lat'><em>)</em></span> <span class='ocrx_word' id='word_1_614' title='bbox 1582 1640 1738 1687; x_wconf 90' lang='lat' dir='ltr'>septem</span> <span class='ocrx_word' id='word_1_615' title='bbox 1757 1639 1850 1686; x_wconf 91' lang='lat' dir='ltr'>post</span> <span class='ocrx_word' id='word_1_616' title='bbox 1861 1631 2030 1685; x_wconf 85' lang='lat' dir='ltr'>Zagatin</span> <span class='ocrx_word' id='word_1_617' title='bbox 2048 1631 2091 1671; x_wconf 88' lang='lat' dir='ltr'>fl.</span> <span class='ocrx_word' id='word_1_618' title='bbox 2114 1630 2257 1671; x_wconf 90' lang='lat' dir='ltr'>stadiis</span> <span class='ocrx_word' id='word_1_619' title='bbox 2274 1642 2558 1675; x_wconf 89' lang='lat' dir='ltr'>memorantur</span> <span class='ocrx_word' id='word_1_620' title='bbox 2570 1650 2635 1690; x_wconf 87' lang='lat' dir='ltr'>ap.</span> 
     </span>
    </p>

    <p class='ocr_par' dir='ltr' id='par_1_25' title="bbox 1395 1693 2639 1748">
     <span class='ocr_line' id='line_1_82' title="bbox 1395 1693 2639 1748; baseline 0.004 -15"><span class='ocrx_word' id='word_1_621' title='bbox 1395 1694 1635 1735; x_wconf 87' lang='lat' dir='ltr'>Arrianum.</span> <span class='ocrx_word' id='word_1_622' title='bbox 1658 1697 1747 1746; x_wconf 69' lang='lat'>11—-</span> <span class='ocrx_word' id='word_1_623' title='bbox 1778 1693 1892 1735; x_wconf 82' lang='grc' dir='ltr'>Ὠδε</span> <span class='ocrx_word' id='word_1_624' title='bbox 1907 1694 1948 1734; x_wconf 93' lang='grc' dir='ltr'>ίν</span> <span class='ocrx_word' id='word_1_625' title='bbox 1965 1695 2064 1748; x_wconf 87' lang='grc' dir='ltr'>ιος]</span> <span class='ocrx_word' id='word_1_626' title='bbox 2096 1694 2265 1742; x_wconf 81' lang='grc' dir='ltr'>ὡδείνιος</span> <span class='ocrx_word' id='word_1_627' title='bbox 2283 1695 2436 1746; x_wconf 81' lang='lat' dir='ltr'>codex3</span> <span class='ocrx_word' id='word_1_628' title='bbox 2463 1697 2639 1738; x_wconf 85' lang='lat' dir='ltr'>Godinio</span> 
     </span>
    </p>

    <p class='ocr_par' dir='ltr' id='par_1_26' title="bbox 1395 1755 2640 1876">
     <span class='ocr_line' id='line_1_83' title="bbox 1397 1755 2640 1813; baseline 0.003 -19"><span class='ocrx_word' id='word_1_629' title='bbox 1397 1756 1440 1794; x_wconf 93' lang='lat' dir='ltr'>in</span> <span class='ocrx_word' id='word_1_630' title='bbox 1462 1757 1615 1813; x_wconf 86' lang='lat' dir='ltr'>Geogr.</span> <span class='ocrx_word' id='word_1_631' title='bbox 1641 1759 1816 1806; x_wconf 89' lang='lat' dir='ltr'>Raven.;</span> <span class='ocrx_word' id='word_1_632' title='bbox 1835 1755 2019 1797; x_wconf 86' lang='lat' dir='ltr'>Ardineo</span> <span class='ocrx_word' id='word_1_633' title='bbox 2046 1756 2090 1795; x_wconf 89' lang='lat' dir='ltr'>in</span> <span class='ocrx_word' id='word_1_634' title='bbox 2106 1756 2210 1796; x_wconf 86' lang='lat' dir='ltr'>Tab.</span> <span class='ocrx_word' id='word_1_635' title='bbox 2230 1758 2438 1811; x_wconf 85' lang='lat' dir='ltr'>Peuting.;</span> <span class='ocrx_word' id='word_1_636' title='bbox 2474 1756 2640 1809; x_wconf 80' lang='grc' dir='ltr'>Ἀδιηνός</span> 
     </span>
     <span class='ocr_line' id='line_1_84' title="bbox 1395 1818 2637 1876; baseline 0.003 -19"><span class='ocrx_word' id='word_1_637' title='bbox 1395 1832 1461 1872; x_wconf 85' lang='lat' dir='ltr'>ap.</span> <span class='ocrx_word' id='word_1_638' title='bbox 1484 1821 1649 1860; x_wconf 89' lang='lat' dir='ltr'>Arrian.</span> <span class='ocrx_word' id='word_1_639' title='bbox 1668 1822 1690 1872; x_wconf 86' lang='grc'>5</span> <span class='ocrx_word' id='word_1_640' title='bbox 1715 1822 1762 1870; x_wconf 86' lang='grc'>8;</span> <span class='ocrx_word' id='word_1_641' title='bbox 1782 1818 1832 1867; x_wconf 87' lang='grc' dir='ltr'>εἰς</span> <span class='ocrx_word' id='word_1_642' title='bbox 1853 1818 2023 1870; x_wconf 81' lang='grc' dir='ltr'>Ἀδίνηον</span> <span class='ocrx_word' id='word_1_643' title='bbox 2042 1819 2162 1872; x_wconf 85' lang='grc'><strong>(516)</strong></span> <span class='ocrx_word' id='word_1_644' title='bbox 2183 1819 2306 1874; x_wconf 70' lang='grc' dir='ltr'>[τὸν]</span> <span class='ocrx_word' id='word_1_645' title='bbox 2330 1819 2402 1872; x_wconf 81' lang='grc' dir='ltr'>ἤδη</span> <span class='ocrx_word' id='word_1_646' title='bbox 2422 1820 2637 1876; x_wconf 83' lang='grc' dir='ltr'>λεγόμενον</span> 
     </span>
    </p>

    <p class='ocr_par' dir='ltr' id='par_1_27' title="bbox 1395 1880 2641 1994">
     <span class='ocr_line' id='line_1_85' title="bbox 1401 1880 2641 1938; baseline 0.003 -17"><span class='ocrx_word' id='word_1_647' title='bbox 1401 1880 1571 1934; x_wconf 82' lang='grc' dir='ltr'>Ἀδιηνύν</span> <span class='ocrx_word' id='word_1_648' title='bbox 1616 1886 1827 1938; x_wconf 84' lang='lat' dir='ltr'>Anonym.</span> <span class='ocrx_word' id='word_1_649' title='bbox 1865 1882 2016 1937; x_wconf 88' lang='lat' dir='ltr'>Peripl.</span> <span class='ocrx_word' id='word_1_650' title='bbox 2056 1884 2178 1922; x_wconf 89' lang='lat' dir='ltr'>Pont.</span> <span class='ocrx_word' id='word_1_651' title='bbox 2214 1885 2322 1923; x_wconf 86' lang='lat' dir='ltr'>Eux.</span> <span class='ocrx_word' id='word_1_652' title='bbox 2366 1886 2387 1936; x_wconf 84' lang='lat'>§</span> <span class='ocrx_word' id='word_1_653' title='bbox 2427 1885 2495 1937; x_wconf 89' lang='grc'>39.</span> <span class='ocrx_word' id='word_1_654' title='bbox 2519 1885 2641 1925; x_wconf 90' lang='lat' dir='ltr'>Nunc</span> 
     </span>
     <span class='ocr_line' id='line_1_86' title="bbox 1395 1945 2594 1994; baseline 0.002 -10"><span class='ocrx_word' id='word_1_655' title='bbox 1395 1945 1672 1987; x_wconf 59' lang='lat' dir='ltr'>Ahala-Bere.</span> <span class='ocrx_word' id='word_1_656' title='bbox 2592 1991 2594 1994; x_wconf 88' lang='lat'>.</span> 
     </span>
    </p>

    <p class='ocr_par' dir='ltr' id='par_1_28' title="bbox 1396 2007 2640 3058">
     <span class='ocr_line' id='line_1_87' title="bbox 1451 2007 2639 2063; baseline 0.001 -15"><span class='ocrx_word' id='word_1_657' title='bbox 1451 2009 1473 2059; x_wconf 86' lang='grc'>5</span> <span class='ocrx_word' id='word_1_658' title='bbox 1494 2010 1563 2056; x_wconf 94' lang='grc'>84.</span> <span class='ocrx_word' id='word_1_659' title='bbox 1591 2007 1848 2063; x_wconf 80' lang='grc' dir='ltr'>Βέχειροι]</span> <span class='ocrx_word' id='word_1_660' title='bbox 1882 2007 2024 2048; x_wconf 90' lang='lat' dir='ltr'>Paullo</span> <span class='ocrx_word' id='word_1_661' title='bbox 2045 2018 2139 2063; x_wconf 90' lang='lat' dir='ltr'>post</span> <span class='ocrx_word' id='word_1_662' title='bbox 2159 2009 2353 2063; x_wconf 80' lang='grc' dir='ltr'>Βέχειρας,</span> <span class='ocrx_word' id='word_1_663' title='bbox 2387 2022 2477 2062; x_wconf 85' lang='lat' dir='ltr'>quae</span> <span class='ocrx_word' id='word_1_664' title='bbox 2507 2008 2639 2049; x_wconf 85' lang='lat' dir='ltr'>forma</span> 
     </span>
     <span class='ocr_line' id='line_1_88' title="bbox 1399 2070 2636 2126; baseline 0 -16"><span class='ocrx_word' id='word_1_665' title='bbox 1399 2071 1592 2111; x_wconf 86' lang='lat' dir='ltr'>usitatior</span> <span class='ocrx_word' id='word_1_666' title='bbox 1614 2079 1689 2112; x_wconf 89' lang='lat' dir='ltr'>est.</span> <span class='ocrx_word' id='word_1_667' title='bbox 1707 2071 1902 2125; x_wconf 79' lang='grc' dir='ltr'>Βεχείροις</span> <span class='ocrx_word' id='word_1_668' title='bbox 1921 2072 2103 2111; x_wconf 88' lang='lat' dir='ltr'>occurrit</span> <span class='ocrx_word' id='word_1_669' title='bbox 2121 2086 2188 2126; x_wconf 88' lang='lat' dir='ltr'>ap.</span> <span class='ocrx_word' id='word_1_670' title='bbox 2213 2070 2349 2125; x_wconf 89' lang='lat' dir='ltr'>Apoll.</span> <span class='ocrx_word' id='word_1_671' title='bbox 2367 2071 2446 2110; x_wconf 84' lang='lat' dir='ltr'>Rh.</span> <span class='ocrx_word' id='word_1_672' title='bbox 2464 2073 2520 2119; x_wconf 89' lang='lat' dir='ltr'>II,</span> <span class='ocrx_word' id='word_1_673' title='bbox 2541 2072 2636 2124; x_wconf 84' lang='lat'>395,</span> 
     </span>
     <span class='ocr_line' id='line_1_89' title="bbox 1396 2132 2636 2188; baseline 0.002 -17"><span class='ocrx_word' id='word_1_674' title='bbox 1396 2132 1562 2173; x_wconf 82' lang='lat' dir='ltr'>Becheri</span> <span class='ocrx_word' id='word_1_675' title='bbox 1584 2148 1651 2188; x_wconf 92' lang='lat' dir='ltr'>ap.</span> <span class='ocrx_word' id='word_1_676' title='bbox 1685 2133 1837 2173; x_wconf 89' lang='lat' dir='ltr'>Melam</span> <span class='ocrx_word' id='word_1_677' title='bbox 1866 2135 1902 2182; x_wconf 94' lang='lat' dir='ltr'>I,</span> <span class='ocrx_word' id='word_1_678' title='bbox 1943 2146 2009 2186; x_wconf 87' lang='lat'>19,</span> <span class='ocrx_word' id='word_1_679' title='bbox 2049 2146 2114 2173; x_wconf 88' lang='lat'>11.</span> <span class='ocrx_word' id='word_1_680' title='bbox 2160 2133 2224 2174; x_wconf 87' lang='lat' dir='ltr'>Cf.</span> <span class='ocrx_word' id='word_1_681' title='bbox 2260 2133 2400 2187; x_wconf 80' lang='lat' dir='ltr'>steph.</span> <span class='ocrx_word' id='word_1_682' title='bbox 2434 2134 2557 2174; x_wconf 87' lang='lat' dir='ltr'>Thes.</span> <span class='ocrx_word' id='word_1_683' title='bbox 2595 2148 2636 2174; x_wconf 78' lang='lat' dir='ltr'>v,</span> 
     </span>
     <span class='ocr_line' id='line_1_90' title="bbox 1396 2195 2640 2250; baseline 0.001 -16"><span class='ocrx_word' id='word_1_684' title='bbox 1396 2195 1544 2249; x_wconf 78' lang='grc' dir='ltr'>Βέχειρ.</span> <span class='ocrx_word' id='word_1_685' title='bbox 1571 2197 1585 2249; x_wconf 80' lang='grc' dir='ltr'>Η</span> <span class='ocrx_word' id='word_1_686' title='bbox 1605 2221 1662 2226; x_wconf 88' lang='grc'><strong>-</strong></span> <span class='ocrx_word' id='word_1_687' title='bbox 1676 2197 1776 2249; x_wconf 81' lang='grc' dir='ltr'>Βεχ</span> <span class='ocrx_word' id='word_1_688' title='bbox 1790 2211 1857 2250; x_wconf 88' lang='grc' dir='ltr'>ειρ</span> <span class='ocrx_word' id='word_1_689' title='bbox 1872 2195 1984 2249; x_wconf 79' lang='grc' dir='ltr'>ική]</span> <span class='ocrx_word' id='word_1_690' title='bbox 2007 2196 2064 2236; x_wconf 86' lang='grc'>516</span> <span class='ocrx_word' id='word_1_691' title='bbox 2082 2195 2389 2250; x_wconf 81' lang='grc' dir='ltr'><strong>6ο(1.;Βε’χειροι</strong></span> <span class='ocrx_word' id='word_1_692' title='bbox 2411 2195 2528 2236; x_wconf 87' lang='lat' dir='ltr'>editt.</span> <span class='ocrx_word' id='word_1_693' title='bbox 2550 2199 2640 2249; x_wconf 83' lang='grc' dir='ltr'>Η-</span> 
     </span>
     <span class='ocr_line' id='line_1_91' title="bbox 1396 2256 2639 2312; baseline 0.002 -18"><span class='ocrx_word' id='word_1_694' title='bbox 1396 2256 1574 2312; x_wconf 85' lang='grc' dir='ltr'>Βεχειρ</span> <span class='ocrx_word' id='word_1_695' title='bbox 1591 2257 1691 2312; x_wconf 87' lang='grc' dir='ltr'>ιὰς]</span> <span class='ocrx_word' id='word_1_696' title='bbox 1728 2258 1927 2304; x_wconf 90' lang='lat' dir='ltr'>Vossius;</span> <span class='ocrx_word' id='word_1_697' title='bbox 1967 2258 2138 2312; x_wconf 75' lang='grc' dir='ltr'>Βεχειρὶς</span> <span class='ocrx_word' id='word_1_698' title='bbox 2178 2258 2419 2307; x_wconf 85' lang='lat' dir='ltr'>Salmasius3</span> <span class='ocrx_word' id='word_1_699' title='bbox 2458 2258 2639 2312; x_wconf 79' lang='grc' dir='ltr'>Βεχειρὰς</span> 
     </span>
     <span class='ocr_line' id='line_1_92' title="bbox 1396 2318 2633 2374; baseline 0 -16"><span class='ocrx_word' id='word_1_700' title='bbox 1396 2318 1542 2358; x_wconf 84' lang='lat' dir='ltr'>codex.</span> <span class='ocrx_word' id='word_1_701' title='bbox 1580 2320 1675 2359; x_wconf 92' lang='lat' dir='ltr'>Non</span> <span class='ocrx_word' id='word_1_702' title='bbox 1708 2327 1767 2359; x_wconf 89' lang='lat' dir='ltr'>est</span> <span class='ocrx_word' id='word_1_703' title='bbox 1788 2319 2005 2374; x_wconf 92' lang='lat' dir='ltr'>proprium</span> <span class='ocrx_word' id='word_1_704' title='bbox 2033 2333 2202 2369; x_wconf 90' lang='lat' dir='ltr'>nomen,</span> <span class='ocrx_word' id='word_1_705' title='bbox 2227 2318 2300 2359; x_wconf 90' lang='lat' dir='ltr'>sed</span> <span class='ocrx_word' id='word_1_706' title='bbox 2328 2319 2633 2373; x_wconf 83' lang='lat' dir='ltr'>appellativum.</span> 
     </span>
     <span class='ocr_line' id='line_1_93' title="bbox 1396 2380 2636 2436; baseline 0 -16"><span class='ocrx_word' id='word_1_707' title='bbox 1396 2383 1487 2421; x_wconf 84' lang='lat' dir='ltr'>Jam</span> <span class='ocrx_word' id='word_1_708' title='bbox 1511 2395 1642 2435; x_wconf 92' lang='lat' dir='ltr'>quum</span> <span class='ocrx_word' id='word_1_709' title='bbox 1670 2395 1794 2436; x_wconf 91' lang='lat' dir='ltr'>supra</span> <span class='ocrx_word' id='word_1_710' title='bbox 1818 2395 1869 2421; x_wconf 88' lang='lat' dir='ltr'>ex</span> <span class='ocrx_word' id='word_1_711' title='bbox 1900 2382 2123 2435; x_wconf 90' lang='lat' dir='ltr'>Anonymo</span> <span class='ocrx_word' id='word_1_712' title='bbox 2153 2380 2434 2433; x_wconf 85' lang='lat' dir='ltr'>collegerimus</span> <span class='ocrx_word' id='word_1_713' title='bbox 2466 2381 2636 2420; x_wconf 89' lang='lat' dir='ltr'>Ecechi-</span> 
     </span>
     <span class='ocr_line' id='line_1_94' title="bbox 1396 2442 2637 2497; baseline -0.001 -14"><span class='ocrx_word' id='word_1_714' title='bbox 1396 2444 1579 2483; x_wconf 89' lang='lat' dir='ltr'>rensium</span> <span class='ocrx_word' id='word_1_715' title='bbox 1617 2451 1659 2484; x_wconf 87' lang='lat' dir='ltr'>et</span> <span class='ocrx_word' id='word_1_716' title='bbox 1689 2443 1910 2484; x_wconf 90' lang='lat' dir='ltr'>Bechirum</span> <span class='ocrx_word' id='word_1_717' title='bbox 1929 2457 2045 2483; x_wconf 91' lang='lat' dir='ltr'>oram</span> <span class='ocrx_word' id='word_1_718' title='bbox 2062 2456 2193 2497; x_wconf 90' lang='lat' dir='ltr'>usque</span> <span class='ocrx_word' id='word_1_719' title='bbox 2211 2442 2264 2482; x_wconf 85' lang='lat' dir='ltr'>ad</span> <span class='ocrx_word' id='word_1_720' title='bbox 2283 2442 2538 2497; x_wconf 86' lang='lat' dir='ltr'>Ophiuntem</span> <span class='ocrx_word' id='word_1_721' title='bbox 2561 2443 2637 2482; x_wconf 90' lang='lat' dir='ltr'>ssu-</span> 
     </span>
     <span class='ocr_line' id='line_1_95' title="bbox 1397 2503 2636 2562; baseline -0.001 -16"><span class='ocrx_word' id='word_1_722' title='bbox 1397 2507 1511 2546; x_wconf 83' lang='lat' dir='ltr'>vium</span> <span class='ocrx_word' id='word_1_723' title='bbox 1532 2507 1754 2562; x_wconf 86' lang='lat' dir='ltr'>pertinere,</span> <span class='ocrx_word' id='word_1_724' title='bbox 1783 2505 1884 2546; x_wconf 87' lang='lat' dir='ltr'>urbs</span> <span class='ocrx_word' id='word_1_725' title='bbox 1902 2520 2002 2546; x_wconf 86' lang='lat' dir='ltr'>vero</span> <span class='ocrx_word' id='word_1_726' title='bbox 2023 2506 2132 2545; x_wconf 89' lang='lat' dir='ltr'>inter</span> <span class='ocrx_word' id='word_1_727' title='bbox 2154 2503 2364 2547; x_wconf 90' lang='lat' dir='ltr'>Adienum</span> <span class='ocrx_word' id='word_1_728' title='bbox 2386 2513 2427 2545; x_wconf 91' lang='lat' dir='ltr'>et</span> <span class='ocrx_word' id='word_1_729' title='bbox 2444 2505 2636 2559; x_wconf 90' lang='lat' dir='ltr'>Ophiun-</span> 
     </span>
     <span class='ocr_line' id='line_1_96' title="bbox 1397 2565 2635 2620; baseline -0.002 -12"><span class='ocrx_word' id='word_1_730' title='bbox 1397 2575 1481 2608; x_wconf 90' lang='lat' dir='ltr'>tem</span> <span class='ocrx_word' id='word_1_731' title='bbox 1506 2568 1672 2608; x_wconf 90' lang='lat' dir='ltr'>nonnisi</span> <span class='ocrx_word' id='word_1_732' title='bbox 1687 2581 1772 2607; x_wconf 86' lang='lat' dir='ltr'>una</span> <span class='ocrx_word' id='word_1_733' title='bbox 1786 2575 1885 2608; x_wconf 89' lang='lat' dir='ltr'>nota</span> <span class='ocrx_word' id='word_1_734' title='bbox 1912 2568 1964 2607; x_wconf 90' lang='lat' dir='ltr'>sit</span> <span class='ocrx_word' id='word_1_735' title='bbox 1978 2567 2131 2607; x_wconf 71' lang='lat' dir='ltr'>Rhizfis</span> <span class='ocrx_word' id='word_1_736' title='bbox 2155 2567 2171 2619; x_wconf 91' lang='lat'>(</span> <span class='ocrx_word' id='word_1_737' title='bbox 2186 2581 2297 2607; x_wconf 92' lang='lat' dir='ltr'>nunc</span> <span class='ocrx_word' id='word_1_738' title='bbox 2312 2565 2439 2607; x_wconf 70' lang='lat' dir='ltr'>Rizelz</span> <span class='ocrx_word' id='word_1_739' title='bbox 2454 2568 2470 2620; x_wconf 90' lang='lat'><em>)</em></span> <span class='ocrx_word' id='word_1_740' title='bbox 2487 2565 2539 2606; x_wconf 85' lang='lat' dir='ltr'>ad</span> <span class='ocrx_word' id='word_1_741' title='bbox 2557 2567 2635 2606; x_wconf 91' lang='lat' dir='ltr'>ssu-</span> 
     </span>
     <span class='ocr_line' id='line_1_97' title="bbox 1398 2626 2640 2683; baseline -0.003 -13"><span class='ocrx_word' id='word_1_742' title='bbox 1398 2631 1513 2670; x_wconf 86' lang='lat' dir='ltr'>vium</span> <span class='ocrx_word' id='word_1_743' title='bbox 1537 2630 1842 2683; x_wconf 83' lang='lat' dir='ltr'>cognominem,</span> <span class='ocrx_word' id='word_1_744' title='bbox 1875 2643 1923 2669; x_wconf 88' lang='lat' dir='ltr'>ac</span> <span class='ocrx_word' id='word_1_745' title='bbox 1941 2630 2112 2669; x_wconf 88' lang='lat' dir='ltr'>omnino</span> <span class='ocrx_word' id='word_1_746' title='bbox 2132 2628 2209 2668; x_wconf 91' lang='lat' dir='ltr'>alia</span> <span class='ocrx_word' id='word_1_747' title='bbox 2229 2628 2342 2668; x_wconf 91' lang='lat' dir='ltr'>nulla</span> <span class='ocrx_word' id='word_1_748' title='bbox 2363 2627 2415 2667; x_wconf 91' lang='lat' dir='ltr'>sit</span> <span class='ocrx_word' id='word_1_749' title='bbox 2447 2626 2640 2682; x_wconf 88' lang='lat' dir='ltr'>deinceps</span> 
     </span>
     <span class='ocr_line' id='line_1_98' title="bbox 1397 2690 2638 2746; baseline -0.002 -14"><span class='ocrx_word' id='word_1_750' title='bbox 1397 2693 1496 2732; x_wconf 87' lang='lat' dir='ltr'>urbs</span> <span class='ocrx_word' id='word_1_751' title='bbox 1519 2706 1650 2746; x_wconf 91' lang='lat' dir='ltr'>usque</span> <span class='ocrx_word' id='word_1_752' title='bbox 1679 2691 1732 2732; x_wconf 91' lang='lat' dir='ltr'>ad</span> <span class='ocrx_word' id='word_1_753' title='bbox 1760 2692 2063 2746; x_wconf 89' lang='lat' dir='ltr'>Trapezuntem</span> <span class='ocrx_word' id='word_1_754' title='bbox 2084 2704 2196 2732; x_wconf 89' lang='lat' dir='ltr'>:non</span> <span class='ocrx_word' id='word_1_755' title='bbox 2217 2690 2364 2731; x_wconf 86' lang='lat' dir='ltr'>dubito</span> <span class='ocrx_word' id='word_1_756' title='bbox 2387 2690 2488 2744; x_wconf 92' lang='lat' dir='ltr'>quin</span> <span class='ocrx_word' id='word_1_757' title='bbox 2509 2691 2638 2745; x_wconf 87' lang='lat' dir='ltr'>ipsam</span> 
     </span>
     <span class='ocr_line' id='line_1_99' title="bbox 1398 2751 2639 2796; baseline -0.002 -1"><span class='ocrx_word' id='word_1_758' title='bbox 1398 2755 1505 2796; x_wconf 88' lang='lat' dir='ltr'>hanc</span> <span class='ocrx_word' id='word_1_759' title='bbox 1532 2754 1779 2795; x_wconf 86' lang='lat' dir='ltr'>Rhizuntem</span> <span class='ocrx_word' id='word_1_760' title='bbox 1807 2754 1851 2793; x_wconf 93' lang='lat' dir='ltr'>in</span> <span class='ocrx_word' id='word_1_761' title='bbox 1870 2753 2090 2794; x_wconf 90' lang='lat' dir='ltr'>Bechirum</span> <span class='ocrx_word' id='word_1_762' title='bbox 2116 2767 2190 2794; x_wconf 89' lang='lat' dir='ltr'>ora</span> <span class='ocrx_word' id='word_1_763' title='bbox 2207 2754 2327 2793; x_wconf 89' lang='lat' dir='ltr'>sitam</span> <span class='ocrx_word' id='word_1_764' title='bbox 2357 2760 2501 2792; x_wconf 85' lang='lat' dir='ltr'>auctor</span> <span class='ocrx_word' id='word_1_765' title='bbox 2533 2751 2639 2792; x_wconf 81' lang='lat' dir='ltr'>desi-</span> 
     </span>
     <span class='ocr_line' id='line_1_100' title="bbox 1398 2813 2636 2872; baseline -0.003 -14"><span class='ocrx_word' id='word_1_766' title='bbox 1398 2833 1523 2872; x_wconf 85' lang='lat' dir='ltr'>gnare</span> <span class='ocrx_word' id='word_1_767' title='bbox 1545 2817 1735 2857; x_wconf 89' lang='lat' dir='ltr'>voluerit.</span> <span class='ocrx_word' id='word_1_768' title='bbox 1766 2815 1876 2856; x_wconf 90' lang='lat' dir='ltr'>Vide</span> <span class='ocrx_word' id='word_1_769' title='bbox 1902 2815 2076 2857; x_wconf 90' lang='lat' dir='ltr'>Ptolem.</span> <span class='ocrx_word' id='word_1_770' title='bbox 2109 2816 2166 2866; x_wconf 88' lang='lat' dir='ltr'>V,</span> <span class='ocrx_word' id='word_1_771' title='bbox 2205 2818 2229 2855; x_wconf 87' lang='lat'>6</span> <span class='ocrx_word' id='word_1_772' title='bbox 2250 2829 2293 2869; x_wconf 89' lang='lat' dir='ltr'>p.</span> <span class='ocrx_word' id='word_1_773' title='bbox 2327 2813 2432 2864; x_wconf 81' lang='lat'><strong>3353</strong></span> <span class='ocrx_word' id='word_1_774' title='bbox 2472 2815 2636 2855; x_wconf 89' lang='lat' dir='ltr'>Arrian.</span> 
     </span>
     <span class='ocr_line' id='line_1_101' title="bbox 1398 2876 2639 2935; baseline -0.005 -13"><span class='ocrx_word' id='word_1_775' title='bbox 1398 2885 1420 2935; x_wconf 89' lang='grc'>5</span> <span class='ocrx_word' id='word_1_776' title='bbox 1445 2896 1493 2935; x_wconf 82' lang='grc'>7;</span> <span class='ocrx_word' id='word_1_777' title='bbox 1511 2883 1687 2935; x_wconf 87' lang='lat' dir='ltr'>Procop.</span> <span class='ocrx_word' id='word_1_778' title='bbox 1713 2882 1761 2920; x_wconf 94' lang='lat' dir='ltr'>B.</span> <span class='ocrx_word' id='word_1_779' title='bbox 1782 2880 1835 2920; x_wconf 93' lang='lat' dir='ltr'>G.</span> <span class='ocrx_word' id='word_1_780' title='bbox 1867 2880 1924 2928; x_wconf 92' lang='lat' dir='ltr'>V,</span> <span class='ocrx_word' id='word_1_781' title='bbox 1948 2892 1972 2919; x_wconf 89' lang='grc'><strong>2</strong></span> <span class='ocrx_word' id='word_1_782' title='bbox 1995 2879 2009 2935; x_wconf 86' lang='grc'>(</span> <span class='ocrx_word' id='word_1_783' title='bbox 2031 2877 2202 2925; x_wconf 77' lang='grc' dir='ltr'>Ῥιζαῖον</span> <span class='ocrx_word' id='word_1_784' title='bbox 2220 2876 2233 2933; x_wconf 93' lang='grc'>)</span> <span class='ocrx_word' id='word_1_785' title='bbox 2252 2893 2263 2927; x_wconf 88' lang='grc'>;</span> <span class='ocrx_word' id='word_1_786' title='bbox 2283 2876 2387 2918; x_wconf 89' lang='lat' dir='ltr'>Tab.</span> <span class='ocrx_word' id='word_1_787' title='bbox 2406 2878 2524 2918; x_wconf 90' lang='lat' dir='ltr'>Peut.</span> <span class='ocrx_word' id='word_1_788' title='bbox 2541 2877 2639 2929; x_wconf 88' lang='lat' dir='ltr'>(ubi</span> 
     </span>
     <span class='ocr_line' id='line_1_102' title="bbox 1398 2940 2639 2998; baseline -0.004 -14"><span class='ocrx_word' id='word_1_789' title='bbox 1398 2952 1593 2998; x_wconf 85' lang='lat' dir='ltr'>corrupte</span> <span class='ocrx_word' id='word_1_790' title='bbox 1605 2942 1772 2997; x_wconf 80' lang='lat' dir='ltr'>Reila);</span> <span class='ocrx_word' id='word_1_791' title='bbox 1792 2944 2001 2982; x_wconf 88' lang='lat' dir='ltr'>Mannert.</span> <span class='ocrx_word' id='word_1_792' title='bbox 2019 2943 2096 2992; x_wconf 92' lang='lat' dir='ltr'>VI,</span> <span class='ocrx_word' id='word_1_793' title='bbox 2124 2954 2149 2981; x_wconf 94' lang='grc'><strong>2</strong></span> <span class='ocrx_word' id='word_1_794' title='bbox 2167 2955 2210 2996; x_wconf 89' lang='lat' dir='ltr'>p.</span> <span class='ocrx_word' id='word_1_795' title='bbox 2234 2941 2313 2994; x_wconf 84' lang='lat'>372</span> <span class='ocrx_word' id='word_1_796' title='bbox 2337 2954 2427 2995; x_wconf 90' lang='lat' dir='ltr'>sqq.</span> <span class='ocrx_word' id='word_1_797' title='bbox 2448 2940 2639 2980; x_wconf 87' lang='lat' dir='ltr'>Ceterum</span> 
     </span>
     <span class='ocr_line' id='line_1_103' title="bbox 1399 3004 1969 3058; baseline -0.004 -11"><span class='ocrx_word' id='word_1_798' title='bbox 1399 3009 1462 3047; x_wconf 89' lang='lat' dir='ltr'>De</span> <span class='ocrx_word' id='word_1_799' title='bbox 1476 3006 1658 3046; x_wconf 89' lang='lat' dir='ltr'>Bechiris</span> <span class='ocrx_word' id='word_1_800' title='bbox 1677 3004 1731 3045; x_wconf 90' lang='lat' dir='ltr'>cf.</span> <span class='ocrx_word' id='word_1_801' title='bbox 1753 3013 1841 3045; x_wconf 87' lang='lat' dir='ltr'>not.</span> <span class='ocrx_word' id='word_1_802' title='bbox 1860 3007 1882 3058; x_wconf 89' lang='grc'>5</span> <span class='ocrx_word' id='word_1_803' title='bbox 1900 3006 1969 3046; x_wconf 88' lang='grc'>82.</span> 
     </span>
    </p>

    <p class='ocr_par' dir='ltr' id='par_1_29' title="bbox 1392 3062 2638 3997">
     <span class='ocr_line' id='line_1_104' title="bbox 1455 3062 2638 3122; baseline -0.007 -12"><span class='ocrx_word' id='word_1_804' title='bbox 1455 3072 1477 3122; x_wconf 92' lang='grc'>5</span> <span class='ocrx_word' id='word_1_805' title='bbox 1509 3069 1577 3110; x_wconf 88' lang='grc'>85.</span> <span class='ocrx_word' id='word_1_806' title='bbox 1605 3068 1792 3122; x_wconf 85' lang='grc' dir='ltr'>Ψωρῶν</span> <span class='ocrx_word' id='word_1_807' title='bbox 1815 3067 1841 3107; x_wconf 90' lang='grc' dir='ltr'>λ</span> <span class='ocrx_word' id='word_1_808' title='bbox 1855 3083 1864 3106; x_wconf 89' lang='grc' dir='ltr'>ι</span> <span class='ocrx_word' id='word_1_809' title='bbox 1877 3065 1934 3122; x_wconf 84' lang='grc' dir='ltr'>μὴ</span> <span class='ocrx_word' id='word_1_810' title='bbox 1950 3082 1968 3108; x_wconf 92' lang='grc' dir='ltr'><strong>ν</strong></span> <span class='ocrx_word' id='word_1_811' title='bbox 1985 3068 1999 3122; x_wconf 95' lang='grc'>]</span> <span class='ocrx_word' id='word_1_812' title='bbox 2021 3066 2138 3107; x_wconf 91' lang='lat' dir='ltr'>Idem</span> <span class='ocrx_word' id='word_1_813' title='bbox 2154 3080 2241 3107; x_wconf 90' lang='lat' dir='ltr'>esse</span> <span class='ocrx_word' id='word_1_814' title='bbox 2263 3064 2385 3105; x_wconf 88' lang='lat' dir='ltr'>debet</span> <span class='ocrx_word' id='word_1_815' title='bbox 2404 3065 2474 3118; x_wconf 88' lang='lat' dir='ltr'>qui</span> <span class='ocrx_word' id='word_1_816' title='bbox 2493 3062 2638 3103; x_wconf 80' lang='grc' dir='ltr'><strong>Ὕσσου</strong></span> 
     </span>
     <span class='ocr_line' id='line_1_105' title="bbox 1399 3126 2633 3188; baseline -0.006 -16"><span class='ocrx_word' id='word_1_817' title='bbox 1399 3131 1519 3188; x_wconf 82' lang='grc' dir='ltr'>λιμὴν</span> <span class='ocrx_word' id='word_1_818' title='bbox 1551 3133 1566 3185; x_wconf 90' lang='grc'>(</span> <span class='ocrx_word' id='word_1_819' title='bbox 1582 3130 1781 3187; x_wconf 90' lang='lat' dir='ltr'>assuvio)</span> <span class='ocrx_word' id='word_1_820' title='bbox 1813 3130 1966 3171; x_wconf 88' lang='lat' dir='ltr'>dicitur</span> <span class='ocrx_word' id='word_1_821' title='bbox 1995 3144 2061 3185; x_wconf 89' lang='lat' dir='ltr'>ap.</span> <span class='ocrx_word' id='word_1_822' title='bbox 2094 3130 2279 3179; x_wconf 90' lang='lat' dir='ltr'>Arrian.,</span> <span class='ocrx_word' id='word_1_823' title='bbox 2300 3127 2491 3175; x_wconf 69' lang='lat' dir='ltr'>Ptolem„</span> <span class='ocrx_word' id='word_1_824' title='bbox 2531 3126 2633 3166; x_wconf 88' lang='lat' dir='ltr'>Tab.</span> 
     </span>
     <span class='ocr_line' id='line_1_106' title="bbox 1400 3188 2638 3248; baseline -0.007 -12"><span class='ocrx_word' id='word_1_825' title='bbox 1400 3196 1589 3248; x_wconf 87' lang='lat' dir='ltr'>Peuting.</span> <span class='ocrx_word' id='word_1_826' title='bbox 1621 3203 1662 3234; x_wconf 88' lang='lat' dir='ltr'>et</span> <span class='ocrx_word' id='word_1_827' title='bbox 1695 3195 1738 3233; x_wconf 90' lang='lat' dir='ltr'>in</span> <span class='ocrx_word' id='word_1_828' title='bbox 1768 3194 1925 3233; x_wconf 86' lang='lat' dir='ltr'>Notitia</span> <span class='ocrx_word' id='word_1_829' title='bbox 1953 3193 2115 3247; x_wconf 87' lang='lat' dir='ltr'>imperii</span> <span class='ocrx_word' id='word_1_830' title='bbox 2146 3193 2294 3232; x_wconf 89' lang='lat' dir='ltr'>orient.</span> <span class='ocrx_word' id='word_1_831' title='bbox 2327 3204 2364 3230; x_wconf 89' lang='lat' dir='ltr'>c.</span> <span class='ocrx_word' id='word_1_832' title='bbox 2407 3202 2474 3241; x_wconf 83' lang='lat'>27.</span> <span class='ocrx_word' id='word_1_833' title='bbox 2512 3188 2638 3228; x_wconf 87' lang='lat' dir='ltr'>Aliud</span> 
     </span>
     <span class='ocr_line' id='line_1_107' title="bbox 1400 3250 2636 3312; baseline -0.008 -14"><span class='ocrx_word' id='word_1_834' title='bbox 1400 3257 1583 3312; x_wconf 86' lang='lat' dir='ltr'>ejusdem</span> <span class='ocrx_word' id='word_1_835' title='bbox 1594 3270 1744 3296; x_wconf 89' lang='lat' dir='ltr'>nomen</span> <span class='ocrx_word' id='word_1_836' title='bbox 1757 3255 1912 3310; x_wconf 87' lang='lat' dir='ltr'>praebet</span> <span class='ocrx_word' id='word_1_837' title='bbox 1923 3257 2133 3309; x_wconf 83' lang='lat' dir='ltr'>Anonym.</span> <span class='ocrx_word' id='word_1_838' title='bbox 2151 3252 2302 3307; x_wconf 89' lang='lat' dir='ltr'>Peripl.</span> <span class='ocrx_word' id='word_1_839' title='bbox 2315 3255 2336 3304; x_wconf 91' lang='grc'>5</span> <span class='ocrx_word' id='word_1_840' title='bbox 2350 3252 2401 3292; x_wconf 85' lang='grc'>38</span> <span class='ocrx_word' id='word_1_841' title='bbox 2416 3264 2425 3290; x_wconf 87' lang='lat'>:</span> <span class='ocrx_word' id='word_1_842' title='bbox 2443 3250 2529 3290; x_wconf 71' lang='grc' dir='ltr'>Ἀπὸ</span> <span class='ocrx_word' id='word_1_843' title='bbox 2538 3250 2636 3304; x_wconf 88' lang='grc' dir='ltr'>Τρα-</span> 
     </span>
     <span class='ocr_line' id='line_1_108' title="bbox 1399 3313 2637 3371; baseline -0.01 -8"><span class='ocrx_word' id='word_1_844' title='bbox 1399 3324 1605 3369; x_wconf 73' lang='grc' dir='ltr'>πεζοῦντος</span> <span class='ocrx_word' id='word_1_845' title='bbox 1623 3318 1673 3366; x_wconf 84' lang='grc' dir='ltr'>εἷς</span> <span class='ocrx_word' id='word_1_846' title='bbox 1691 3317 1837 3358; x_wconf 52' lang='lat' dir='ltr'>‘&#39;Yon-50⁸)</span> <span class='ocrx_word' id='word_1_847' title='bbox 1853 3317 2007 3371; x_wconf 82' lang='grc' dir='ltr'>λιμένα,</span> <span class='ocrx_word' id='word_1_848' title='bbox 2028 3315 2098 3367; x_wconf 83' lang='grc' dir='ltr'>τὴν</span> <span class='ocrx_word' id='word_1_849' title='bbox 2116 3318 2181 3356; x_wconf 77' lang='grc' dir='ltr'>νῦν</span> <span class='ocrx_word' id='word_1_850' title='bbox 2208 3314 2425 3369; x_wconf 77' lang='grc' dir='ltr'>λεγομένην</span> <span class='ocrx_word' id='word_1_851' title='bbox 2446 3313 2637 3367; x_wconf 81' lang='grc' dir='ltr'>Σουσάρια</span> 
     </span>
     <span class='ocr_line' id='line_1_109' title="bbox 1402 3376 2635 3437; baseline -0.007 -14"><span class='ocrx_word' id='word_1_852' title='bbox 1402 3383 1723 3437; x_wconf 84' lang='grc' dir='ltr'>(Σουσάρμαιναν</span> <span class='ocrx_word' id='word_1_853' title='bbox 1740 3380 1803 3434; x_wconf 74' lang='grc' dir='ltr'>Ρ),</span> <span class='ocrx_word' id='word_1_854' title='bbox 1831 3380 1938 3419; x_wconf 64' lang='lat' dir='ltr'>ms.</span> <span class='ocrx_word' id='word_1_855' title='bbox 1963 3377 2037 3433; x_wconf 86' lang='grc' dir='ltr'>ρπ’.</span> <span class='ocrx_word' id='word_1_856' title='bbox 2072 3377 2329 3431; x_wconf 87' lang='lat' dir='ltr'>(Procopius</span> <span class='ocrx_word' id='word_1_857' title='bbox 2357 3377 2406 3415; x_wconf 88' lang='lat' dir='ltr'>B.</span> <span class='ocrx_word' id='word_1_858' title='bbox 2432 3376 2485 3416; x_wconf 94' lang='lat' dir='ltr'>G.</span> <span class='ocrx_word' id='word_1_859' title='bbox 2516 3377 2592 3425; x_wconf 89' lang='lat' dir='ltr'>IV,</span> <span class='ocrx_word' id='word_1_860' title='bbox 2611 3389 2635 3415; x_wconf 87' lang='lat'><strong>2</strong></span> 
     </span>
     <span class='ocr_line' id='line_1_110' title="bbox 1401 3437 2635 3501; baseline -0.009 -14"><span class='ocrx_word' id='word_1_861' title='bbox 1401 3448 1535 3501; x_wconf 77' lang='grc' dir='ltr'>κώμην</span> <span class='ocrx_word' id='word_1_862' title='bbox 1564 3443 1874 3497; x_wconf 80' lang='grc' dir='ltr'>Σουσούρμαιναν</span> <span class='ocrx_word' id='word_1_863' title='bbox 1894 3455 1978 3482; x_wconf 88' lang='lat' dir='ltr'>una</span> <span class='ocrx_word' id='word_1_864' title='bbox 2003 3455 2099 3480; x_wconf 90' lang='lat' dir='ltr'>cum</span> <span class='ocrx_word' id='word_1_865' title='bbox 2127 3444 2182 3495; x_wconf 75' lang='grc' dir='ltr'>τῷ</span> <span class='ocrx_word' id='word_1_866' title='bbox 2203 3437 2360 3493; x_wconf 83' lang='grc' dir='ltr'>Ῥιζαίῳ</span> <span class='ocrx_word' id='word_1_867' title='bbox 2386 3445 2599 3478; x_wconf 89' lang='lat' dir='ltr'>memorat.</span> <span class='ocrx_word' id='word_1_868' title='bbox 2619 3440 2635 3491; x_wconf 91' lang='lat'><em>)</em></span> 
     </span>
     <span class='ocr_line' id='line_1_111' title="bbox 1400 3498 2637 3556; baseline -0.009 -7"><span class='ocrx_word' id='word_1_869' title='bbox 1400 3508 1536 3555; x_wconf 87' lang='lat' dir='ltr'>Hodie</span> <span class='ocrx_word' id='word_1_870' title='bbox 1552 3521 1561 3548; x_wconf 87' lang='lat'>:</span> <span class='ocrx_word' id='word_1_871' title='bbox 1583 3505 1793 3548; x_wconf 79' lang='lat' dir='ltr'>Surmeneh</span> <span class='ocrx_word' id='word_1_872' title='bbox 1813 3504 1875 3544; x_wconf 89' lang='lat' dir='ltr'>vel</span> <span class='ocrx_word' id='word_1_873' title='bbox 1890 3507 2004 3544; x_wconf 81' lang='lat' dir='ltr'>Kara</span> <span class='ocrx_word' id='word_1_874' title='bbox 2019 3506 2137 3543; x_wconf 81' lang='lat' dir='ltr'>Dere.</span> <span class='ocrx_word' id='word_1_875' title='bbox 2151 3502 2307 3555; x_wconf 82' lang='grc' dir='ltr'>Ψωρῶν</span> <span class='ocrx_word' id='word_1_876' title='bbox 2324 3498 2460 3556; x_wconf 81' lang='grc' dir='ltr'>λιμὴν,</span> <span class='ocrx_word' id='word_1_877' title='bbox 2483 3499 2637 3539; x_wconf 73' lang='lat' dir='ltr'>scabiei</span> 
     </span>
     <span class='ocr_line' id='line_1_112' title="bbox 1392 3562 2635 3628; baseline -0.009 -16"><span class='ocrx_word' id='word_1_878' title='bbox 1392 3581 1557 3628; x_wconf 75' lang='lat' dir='ltr'>portus,</span> <span class='ocrx_word' id='word_1_879' title='bbox 1579 3569 1714 3609; x_wconf 91' lang='lat' dir='ltr'>dictus</span> <span class='ocrx_word' id='word_1_880' title='bbox 1736 3567 1859 3608; x_wconf 87' lang='lat' dir='ltr'>suerit</span> <span class='ocrx_word' id='word_1_881' title='bbox 1888 3566 1938 3607; x_wconf 89' lang='lat' dir='ltr'>ab</span> <span class='ocrx_word' id='word_1_882' title='bbox 1957 3574 2122 3607; x_wconf 85' lang='lat' dir='ltr'>eventu.</span> <span class='ocrx_word' id='word_1_883' title='bbox 2139 3564 2414 3606; x_wconf 85' lang='lat' dir='ltr'>Sordidorum</span> <span class='ocrx_word' id='word_1_884' title='bbox 2442 3562 2635 3604; x_wconf 85' lang='lat' dir='ltr'>Phthiro-</span> 
     </span>
     <span class='ocr_line' id='line_1_113' title="bbox 1399 3624 2632 3689; baseline -0.009 -16"><span class='ocrx_word' id='word_1_885' title='bbox 1399 3634 1628 3689; x_wconf 88' lang='lat' dir='ltr'>phagorum</span> <span class='ocrx_word' id='word_1_886' title='bbox 1653 3631 1809 3670; x_wconf 89' lang='lat' dir='ltr'>vicinos</span> <span class='ocrx_word' id='word_1_887' title='bbox 1827 3631 2151 3683; x_wconf 85' lang='lat' dir='ltr'>Macropogones</span> <span class='ocrx_word' id='word_1_888' title='bbox 2169 3641 2255 3667; x_wconf 88' lang='lat' dir='ltr'>esse</span> <span class='ocrx_word' id='word_1_889' title='bbox 2274 3625 2374 3666; x_wconf 88' lang='lat' dir='ltr'>dicit</span> <span class='ocrx_word' id='word_1_890' title='bbox 2392 3624 2539 3666; x_wconf 86' lang='lat' dir='ltr'>Strabo</span> <span class='ocrx_word' id='word_1_891' title='bbox 2557 3624 2632 3670; x_wconf 90' lang='lat' dir='ltr'>XI,</span> 
     </span>
     <span class='ocr_line' id='line_1_114' title="bbox 1398 3686 2633 3751; baseline -0.011 -16"><span class='ocrx_word' id='word_1_892' title='bbox 1398 3711 1440 3751; x_wconf 89' lang='lat' dir='ltr'>p.</span> <span class='ocrx_word' id='word_1_893' title='bbox 1461 3699 1558 3748; x_wconf 87' lang='grc'>492,</span> <span class='ocrx_word' id='word_1_894' title='bbox 1577 3694 1648 3747; x_wconf 91' lang='lat' dir='ltr'>qui</span> <span class='ocrx_word' id='word_1_895' title='bbox 1669 3707 1692 3733; x_wconf 92' lang='lat' dir='ltr'>a</span> <span class='ocrx_word' id='word_1_896' title='bbox 1706 3690 2027 3746; x_wconf 88' lang='lat' dir='ltr'>Macrocephalis</span> <span class='ocrx_word' id='word_1_897' title='bbox 2051 3691 2120 3730; x_wconf 81' lang='lat' dir='ltr'>vix</span> <span class='ocrx_word' id='word_1_898' title='bbox 2150 3688 2301 3729; x_wconf 89' lang='lat' dir='ltr'>diversi</span> <span class='ocrx_word' id='word_1_899' title='bbox 2318 3687 2484 3728; x_wconf 85' lang='lat' dir='ltr'>suerint.</span> <span class='ocrx_word' id='word_1_900' title='bbox 2510 3686 2633 3725; x_wconf 86' lang='lat' dir='ltr'>Feros</span> 
     </span>
     <span class='ocr_line' id='line_1_115' title="bbox 1399 3746 2634 3808; baseline -0.012 -10"><span class='ocrx_word' id='word_1_901' title='bbox 1399 3767 1438 3799; x_wconf 88' lang='lat' dir='ltr'>et</span> <span class='ocrx_word' id='word_1_902' title='bbox 1471 3755 1704 3797; x_wconf 84' lang='lat' dir='ltr'>inconditos</span> <span class='ocrx_word' id='word_1_903' title='bbox 1739 3753 2150 3808; x_wconf 80' lang='lat' dir='ltr'>Macrocephalorum</span> <span class='ocrx_word' id='word_1_904' title='bbox 2179 3765 2315 3792; x_wconf 88' lang='lat' dir='ltr'>mores</span> <span class='ocrx_word' id='word_1_905' title='bbox 2346 3749 2475 3801; x_wconf 85' lang='lat' dir='ltr'>tangit</span> <span class='ocrx_word' id='word_1_906' title='bbox 2511 3746 2634 3785; x_wconf 88' lang='lat' dir='ltr'>etiam</span> 
     </span>
     <span class='ocr_line' id='line_1_116' title="bbox 1399 3805 2633 3873; baseline -0.014 -12"><span class='ocrx_word' id='word_1_907' title='bbox 1399 3821 1504 3862; x_wconf 80' lang='lat' dir='ltr'>Mela</span> <span class='ocrx_word' id='word_1_908' title='bbox 1526 3823 1561 3870; x_wconf 91' lang='lat' dir='ltr'>I,</span> <span class='ocrx_word' id='word_1_909' title='bbox 1598 3833 1663 3872; x_wconf 88' lang='lat'>19,</span> <span class='ocrx_word' id='word_1_910' title='bbox 1695 3805 1767 3873; x_wconf 87' lang='lat' dir='ltr'>qui</span> <span class='ocrx_word' id='word_1_911' title='bbox 1794 3832 1887 3858; x_wconf 91' lang='lat' dir='ltr'>cum</span> <span class='ocrx_word' id='word_1_912' title='bbox 1912 3816 2045 3857; x_wconf 91' lang='lat' dir='ltr'>Plinio</span> <span class='ocrx_word' id='word_1_913' title='bbox 2075 3817 2152 3865; x_wconf 91' lang='lat' dir='ltr'>VI,</span> <span class='ocrx_word' id='word_1_914' title='bbox 2184 3818 2209 3863; x_wconf 90' lang='grc'>4</span> <span class='ocrx_word' id='word_1_915' title='bbox 2246 3812 2407 3854; x_wconf 85' lang='lat' dir='ltr'>easdem</span> <span class='ocrx_word' id='word_1_916' title='bbox 2444 3807 2557 3848; x_wconf 89' lang='lat' dir='ltr'>sedes</span> <span class='ocrx_word' id='word_1_917' title='bbox 2585 3806 2633 3844; x_wconf 91' lang='lat' dir='ltr'>iis</span> 
     </span>
     <span class='ocr_line' id='line_1_117' title="bbox 1401 3867 2632 3938; baseline -0.014 -16"><span class='ocrx_word' id='word_1_918' title='bbox 1401 3883 1603 3935; x_wconf 87' lang='lat' dir='ltr'>assignat,</span> <span class='ocrx_word' id='word_1_919' title='bbox 1625 3894 1726 3934; x_wconf 85' lang='lat' dir='ltr'>quas</span> <span class='ocrx_word' id='word_1_920' title='bbox 1752 3881 1792 3919; x_wconf 88' lang='lat' dir='ltr'>in</span> <span class='ocrx_word' id='word_1_921' title='bbox 1814 3878 1977 3933; x_wconf 85' lang='lat' dir='ltr'>Periplo</span> <span class='ocrx_word' id='word_1_922' title='bbox 1996 3885 2138 3918; x_wconf 82' lang='lat' dir='ltr'>tenent</span> <span class='ocrx_word' id='word_1_923' title='bbox 2158 3878 2173 3929; x_wconf 95' lang='lat'>(</span> <span class='ocrx_word' id='word_1_924' title='bbox 2191 3875 2244 3916; x_wconf 65' lang='lat' dir='ltr'>cll.</span> <span class='ocrx_word' id='word_1_925' title='bbox 2265 3889 2305 3914; x_wconf 89' lang='lat' dir='ltr'>n.</span> <span class='ocrx_word' id='word_1_926' title='bbox 2333 3875 2354 3924; x_wconf 92' lang='grc'>5</span> <span class='ocrx_word' id='word_1_927' title='bbox 2387 3873 2438 3911; x_wconf 90' lang='grc'>82</span> <span class='ocrx_word' id='word_1_928' title='bbox 2461 3871 2492 3922; x_wconf 87' lang='grc'>).</span> <span class='ocrx_word' id='word_1_929' title='bbox 2518 3867 2632 3938; x_wconf 42' lang='lat' dir='ltr'>IMfl-o</span> 
     </span>
     <span class='ocr_line' id='line_1_118' title="bbox 1401 3934 2633 3997; baseline -0.015 -11"><span class='ocrx_word' id='word_1_930' title='bbox 1401 3958 1545 3986; x_wconf 86' lang='lat' dir='ltr'>eorum</span> <span class='ocrx_word' id='word_1_931' title='bbox 1565 3958 1645 3984; x_wconf 85' lang='lat' dir='ltr'>sec.</span> <span class='ocrx_word' id='word_1_932' title='bbox 1665 3942 1872 3997; x_wconf 71' lang='lat' dir='ltr'>Scylacem</span> <span class='ocrx_word' id='word_1_933' title='bbox 1892 3941 1944 3981; x_wconf 85' lang='lat' dir='ltr'>ab</span> <span class='ocrx_word' id='word_1_934' title='bbox 1960 3940 2172 3994; x_wconf 86' lang='lat' dir='ltr'>Ophiunte</span> <span class='ocrx_word' id='word_1_935' title='bbox 2195 3936 2276 3977; x_wconf 89' lang='lat' dir='ltr'>sere</span> <span class='ocrx_word' id='word_1_936' title='bbox 2291 3934 2416 3975; x_wconf 72' lang='lat' dir='ltr'>fluvio</span> <span class='ocrx_word' id='word_1_937' title='bbox 2436 3936 2633 3986; x_wconf 73' lang='lat' dir='ltr'>pertinuit</span> 
     </span>
    </p>
   </div>
  </div>
 </body>
</html>
