2808 4342
119 147 262 208 (nuda.
288 155 318 192 t.
340 154 414 201 111,
431 163 471 201 p.
493 157 534 200 2,
557 143 598 205 3)

119 248 360 296 στενότατον
395 245 524 308 ταύτῃ
547 244 594 290 τὸ
625 244 759 303 στόμα
783 248 854 289 τοῦ
888 243 1049 290 Πόντου
1067 242 1318 304 καλούμενον
1334 278 1356 300 ,-

118 317 259 364 καθότι
277 314 483 362 εἷσὸάλλει
509 315 563 365 εἷς
585 311 659 368 τὴν
684 311 966 374 Προποντίδα.

332 425 499 470 Βιθυνίας
513 429 576 472 τῆς
595 425 683 475 πρὸς
701 427 755 474 τῷ
779 424 909 474 Πόντῳ
930 424 1139 473 περίπλους,

179 541 215 572 8.
254 522 414 570 Ἀπὸ“δὲ
431 527 501 569 τοῦ
517 521 647 584 Ἱεροῦ
675 519 940 582 ΔιὸςΟὖρίου
962 519 1128 568 πλέοντι
1150 520 1191 564 ἐν
1214 521 1264 580 τῇ
1287 519 1354 564 δε-

81 592 180 655 5ξιᾷ
209 595 263 644 εἷς
286 591 448 648 Ῥήὸαν
472 589 656 650 ποταμὸν
674 625 688 648 ,
719 587 863 634 στάδια
890 587 943 649 ζ’·
966 588 1147 649 γίνονται
1167 586 1209 633 δὲ
1234 587 1352 647 μίλια

119 661 192 708 ιδ’.
262 661 362 708 Ἀπὸ
386 660 427 706 δὲ
452 658 590 715 Ῥήὸα
621 661 809 717 ποταμοῦ
835 657 889 708 εἷς
922 656 1137 704 Μέλαιναν
1153 691 1165 712 ,
1185 655 1259 712 τὴν
1283 660 1350 701 νῦν

114 732 339 794 λεγομένην
365 729 510 786 Καλὴν
538 727 693 792 ἄκραν,
718 725 864 772 στάδια
885 726 967 788 ρν’,
987 725 1104 787 μίλια
1127 724 1183 772 κ’.
1253 725 1352 772 Ἀπὸ

117 799 160 846 δὲ
194 802 340 855 Καλῆς
373 798 500 860 ἄκρας
529 799 586 849 εἷς
627 797 823 859 Ἀρτάνην
865 795 1053 856 ποταμὸν
1091 795 1161 841 καὶ
1197 795 1350 858 χωρίον

116 869 262 915 στάδια
285 867 365 930 ρν’,
399 867 516 928 μίλια
539 867 595 914 κ’.
663 865 871 913 Ἐνταῦθα
903 865 1026 928 ὅρμος
1047 865 1167 911 ναυσὶ
1190 873 1353 927 μικραῖς

53 954 91 983 10
115 937 215 1001 πρὸς
247 940 344 1000 ἱερῷ
370 935 621 1001 Ἀφροδίτης·
644 935 894 998 παράκειται
919 933 961 980 δὲ
982 933 1054 981 καὶ
1076 934 1230 992 νησίον,
1252 935 1351 998 ὅπερ

115 1006 310 1060 σκεπάζει
328 1006 396 1053 τὸν
415 1004 582 1067 λιμένα.

176 1093 211 1123 4.
249 1076 348 1125 Ἀπὸ
373 1076 415 1122 δὲ
439 1075 635 1139 Ἀρτάνου
658 1077 848 1134 ποταμοῦ
875 1075 930 1126 εἷς
951 1071 1144 1121 Ψιλλίδόι
1166 1073 1352 1132 ποταμὸν

114 1146 184 1191 καὶ
203 1147 355 1209 χωρίον
389 1146 537 1191 στάδια
563 1144 643 1207 pis,
670 1145 787 1204 μίλια
809 1143 861 1189 κ’·
884 1142 955 1188 καὶ
978 1144 1103 1188 πλοῖα
1131 1141 1259 1204 μικρὰ
1282 1145 1350 1204 ὁρ-

117 1215 271 1276 μίζοιτο
304 1215 352 1261 ἂν
382 1215 482 1278 πρὸς
505 1218 555 1278 τῇ
579 1214 711 1277 πέτρᾳ
732 1217 783 1276 τῇ
809 1213 1013 1275 ἀνεχούσῃ
1046 1213 1091 1258 οὗ
1115 1211 1255 1274 πόρρω
1278 1215 1352 1256 τοῦ

52 1303 92 1332 15
115 1289 303 1345 ποταμοῦ
320 1287 399 1330 τῶν
419 1284 618 1330 ἐκὸολῶν.

178 1372 212 1400 5.
248 1353 347 1400 Ἀπὸ
371 1353 413 1398 δὲ
435 1357 506 1398 τοῦ
529 1352 734 1403 Ψιλλίδος
759 1354 946 1411 ποταμοῦ
977 1351 1032 1402 εἷς
1067 1349 1244 1406 Κάλπην
1277 1351 1352 1395 λι-

116 1421 219 1481 μένα
237 1421 308 1466 καὶ
337 1420 524 1481 ποταμὸν
548 1421 696 1466 στάδια
719 1419 798 1478 σι’,
823 1421 941 1480 μίλια
973 1419 1056 1475 κη’·
1075 1423 1193 1464 τοῦτο
1212 1418 1259 1464 τὸ
1279 1420 1352 1474 ἔμ-

116 1490 254 1553 πόριόν
300 1492 409 1534 ἐστιν
446 1489 762 1550 εΗρακλεωτῶν.
830 1489 883 1536 ‘O
920 1488 962 1534 δὲ
1004 1488 1184 1545 Κάλπης
1227 1486 1353 1549 λιμὴν

115 1558 252 1604 ὁποῖόν
278 1577 317 1603 τι
338 1556 490 1620 χωρίον
515 1557 628 1617 ἐστὶ,
650 1558 720 1601 καὶ
752 1561 890 1609 ὁποῖος
909 1558 1052 1620 ὅρμος,
1072 1557 1143 1603 καὶ
1160 1556 1222 1602 ὅτι
1238 1556 1352 1618 πηγὴ

1 1670 7 1676 ,
55 1642 96 1672 20
115 1629 156 1673 ἐν
182 1630 292 1691 αὐτῷ
314 1629 471 1690 ψυχροῦ
489 1625 559 1671 καὶ
578 1629 760 1687 καθαροῦ
780 1625 944 1683 ὕδατος,
964 1626 1036 1671 καὶ
1059 1625 1120 1670 ὅτι
1140 1621 1236 1670 ῧλαι
1254 1626 1353 1688 πρὸς

115 1700 166 1760 τῇ
190 1695 379 1759 θαλάσσῃ
404 1696 532 1749 ξύλων
555 1694 905 1756 ναυπηγησίμων,
931 1694 1001 1740 καὶ
1022 1689 1144 1739 «Em
1167 1694 1352 1757 ἔνθηροι,

115 1770 246 1811 ταῦτα
271 1765 505 1826 Ξενοφῶντι
526 1767 585 1827 τῷ
607 1763 873 1827 πρεσὸυτέρῳ
894 1763 1101 1810 λέλεκται.

179 1851 213 1882 6.
248 1833 347 1879 Ἀπὸ
372 1831 414 1878 δὲ
444 1833 621 1888 Κάλπης
653 1831 816 1893 λιμένος
848 1834 904 1884 εἷς
934 1831 1085 1889 Ῥόην,
1108 1833 1149 1877 ἐν
1181 1825 1354 1893 ἧὸρμος

115 1903 235 1950 ναυσὶ
256 1909 444 1965 μικραῖς,
464 1902 610 1948 στάδια
633 1902 693 1960 κ’,
714 1901 830 1962 μίλια
856 1901 909 1959 6',
937 1902 1012 1964 [ι’
1033 1900 1073 1954 ς’
1088 1903 1122 1963 ].
1193 1901 1292 1948 Ἀπὸ
1313 1901 1354 1946 δὲ

51 1986 92 2015 25
118 1972 240 2029 Ῥόης
265 1974 319 2025 εἷς
341 1971 618 2019 Ἀπολλωνίαν
632 2007 645 2032 ,
664 1975 788 2027 νῆσον
813 1971 963 2034 μικρὰν
986 1971 1061 2028 τὴν
1084 1975 1153 2016 νῦν
1177 1970 1355 2031 λεγομέ-

125 2062 198 2099 νην
223 2042 392 2105 Δάφνην
408 2077 419 2098 ,
453 2041 588 2103 ὀλίγον
621 2042 861 2103 ἀπέχουσαν
886 2041 966 2086 ἀπὸ
989 2045 1062 2097 τῆς
1096 2040 1289 2103 ἠπείρου,
1315 2043 1354 2086 ἐν

116 2106 144 2174 ᾗ
167 2111 291 2173 λιμὴν
316 2112 422 2175 (ὑπὸ
441 2111 554 2175 νήσῳ
575 2112 612 2174 ),
639 2112 787 2157 στάδια
804 2112 843 2157 κ’
862 2147 874 2171 ,
895 2111 1012 2172 μίλια
1037 2114 1088 2174 β’,
1109 2110 1149 2155 .'.'
1171 2110 1227 2162 ς’.

179 2181 296 2239 Αὕτη
331 2181 373 2227 δὲ
406 2185 432 2237 ἡ
456 2180 733 2232 Ἀπολλωνιὰς
772 2185 891 2236 νῆσος
915 2181 1000 2242 ἔχει
1033 2183 1073 2225 ἕν
1102 2183 1207 2242 αὑτῇ
1237 2179 1355 2224 πόλιν

117 2250 342 2311 λεγομένην
365 2249 575 2308 Θυνιάδα,
603 2248 657 2295 ‘H
666 2250 909 2311 ρακλεωτῶν
945 2249 1128 2294 ἄποικον.
1196 2248 1295 2294 Ἀπὸ
1315 2248 1356 2293 δὲ

56 2334 98 2364 30
119 2319 444 2370 Ἀπολλωνιάδος
480 2318 605 2374 νήσου
635 2321 708 2372 τῆς
736 2317 805 2362 καὶ
838 2317 1096 2381 Δαφνουσίας
1119 2319 1175 2369 εἷς
1211 2317 1356 2372 Χηλὰς

119 2387 266 2432 στάδια
285 2387 346 2444 κ’,
371 2386 487 2446 μίλια
513 2385 565 2447 β’,
586 2385 625 2429 ,ε’
650 2384 704 2436 ς’·
727 2384 830 2441 αὕτη
856 2386 963 2432 ἐστὶν
987 2390 1013 2442 ἡ
1035 2385 1235 2447 λεγομένη
1255 2388 1358 2441 Χη-

119 2456 190 2501 λαὶ
209 2457 454 2510 Μηδιανῶν.

186 2542 223 2573 7.
263 2523 363 2571 Ἀπὸ
381 2524 422 2569 δὲ
436 2526 590 2580 Χηλῶν
615 2525 671 2574 εἷς
694 2523 928 2586 Σαγγάριον
942 2560 955 2585 ,
976 2523 1161 2585 ποταμὸν
1181 2523 1357 2580 πλωτὸν,

122 2594 269 2640 στάδια
291 2592 381 2656 ρπ’,
404 2593 522 2653 μίλια
543 2592 621 2639 κδ’.

118 2738 284 2780 nymus,
302 2738 384 2778 qua
401 2724 446 2763 in
464 2738 509 2763 re
534 2724 591 2764 ita
610 2732 837 2779 computat,
858 2732 904 2765 ut
922 2724 1159 2765 milliarium
1179 2724 1357 2779 spatium

118 2787 172 2828 sit
194 2785 423 2827 stadiorum
437 2793 593 2840 septem
605 2812 607 2814 -
617 2795 657 2826 et
671 2785 891 2827 dimidiati.

176 2851 198 2902 5
229 2853 269 2891 3.
293 2848 522 2896 Βιθυνίας
554 2848 642 2889 κτλ.
663 2850 678 2904 ]
703 2849 867 2890 Titulus
895 2849 964 2890 hic
986 2849 1133 2890 unicus
1159 2857 1219 2889 est
1234 2863 1358 2903 quem

119 2920 326 2953 servatum
334 2911 533 2952 habemus
547 2912 613 2962 ;in
624 2912 792 2966 reliquis
805 2912 1056 2966 segminibus
1068 2919 1285 2966 excerptor
1297 2911 1359 2952 vel

118 2973 310 3014 librarius
333 2973 621 3028 inscriptiones
638 2974 792 3014 omisit.
818 2974 834 3028 Η
853 2998 910 3005 —
926 2989 967 3029 7.
984 2974 1017 3014 K
1031 2972 1124 3025 αλὴ
1139 2989 1158 3014 ν
1182 2974 1236 3014 &z
1253 2975 1354 3029 ραν]

104 3035 217 3077 ‘cod.
235 3030 493 3091 Καλίνακρον,
515 3044 556 3076 01
570 3035 721 3076 deinde
740 3035 995 3092 Καλινάκρου.
1016 3037 1259 3077 Recentiora
1279 3051 1356 3077 no-

119 3099 247 3150 mina,
270 3114 360 3154 quae
374 3099 525 3154 passim
545 3099 588 3139 in
602 3099 762 3154 periplo
774 3107 918 3140 nostro
934 3098 1180 3150 afferuntur,
1200 3099 1252 3140 ab
1268 3100 1358 3154 ipso

122 3163 365 3216 Anonymo,
401 3161 570 3203 homine
594 3161 820 3216 Byzantino
839 3160 1024 3217 adeoque
1047 3161 1130 3202 fere
1156 3162 1352 3211 Pontico,

122 3221 261 3264 addita
279 3223 488 3265 videntur.
526 3225 542 3278 ll
561 3248 617 3254 —
637 3225 677 3265 8.
714 3222 749 3264 'A
763 3224 963 3279 ρτάνην]
1003 3223 1177 3281 Ἀρτάνον
1208 3224 1354 3275 codex,

123 3284 237 3337 quod
256 3285 502 3326 mutandum
519 3300 604 3326 esse
625 3286 669 3326 in
694 3285 871 3341 Ἀρτάνην
888 3296 1038 3342 praeter
1056 3288 1280 3329 Arrianum
1295 3288 1359 3329 vel

123 3354 312 3386 accentus
337 3345 505 3387 indicat.
533 3347 669 3387 Etiam
687 3347 826 3388 locum
850 3348 974 3389 fuisse
993 3350 1121 3390 ssuvio
1144 3351 1357 3403 cognomi-

122 3422 219 3448 nem
247 3409 445 3449 Arrianus
474 3408 665 3449 disertius
690 3409 861 3463 quidem
894 3426 979 3452 non
1002 3411 1123 3462 dicit,
1145 3427 1194 3452 eo
1218 3420 1357 3452 tamen

126 3471 260 3523 arguit
278 3469 391 3524 quod
407 3478 500 3524 post
515 3473 583 3510 τοῦ
606 3469 781 3525 Ἀρτάνου
794 3472 908 3512 fluvii
923 3474 1176 3513 mentionem
1195 3474 1327 3528 pergit
1346 3487 1355 3514 :

128 3532 203 3573 ἀπὸ
232 3531 455 3587 Ἀρτάνης
484 3532 570 3573 κτλ.
595 3532 611 3586 Η
637 3556 694 3563 -
716 3548 757 3586 9.
784 3534 901 3588 ὅρμος
1004 3533 1232 3590 Ἀφροδίτης.
1262 3537 1360 3577 Haee

126 3595 251 3635 verba
269 3593 411 3634 eadem
431 3594 555 3635 habet
579 3595 779 3635 Arrianus
793 3626 804 3646 ,
837 3595 938 3635 dum
961 3597 1003 3636 in
1023 3598 1221 3651 Menippo
1249 3599 1359 3638 Mar-

126 3657 231 3698 ciani
255 3655 403 3709 legitur
427 3654 510 3710 ἔχει
531 3655 597 3696 καὶ
623 3656 796 3712 λιμένιον
820 3657 1036 3713 πορθμίαις.
1066 3683 1122 3689 —-
1155 3660 1217 3699 De
1247 3658 1359 3713 adja-

126 3727 243 3760 cente
272 3717 403 3758 insula
424 3718 526 3758 nihil
556 3718 680 3759 habet
702 3720 927 3770 Arrianus,
960 3720 1031 3761 sed
1055 3720 1200 3762 iisdem
1224 3722 1359 3762 verbis

126 3797 191 3822 res
214 3788 467 3821 memoratur
486 3780 529 3820 in
549 3781 746 3836 Menippo
764 3782 978 3823 Marciani.

183 3847 205 3897 5
231 3849 272 3894 4,
294 3843 322 3884 l.
345 3856 410 3884 12.
431 3842 575 3883 Ψιλλ
590 3843 628 3883 ίδ
640 3845 687 3898 α]
710 3844 832 3885 Ψίλιν
850 3846 1034 3896 Arrian.;
1059 3845 1231 3888 Ψίλλιον
1247 3849 1357 3888 Μ3ι·-

128 3906 232 3947 cian.
258 3906 274 3960 Η
297 3907 422 3953 -14,
443 3903 501 3946 πό
515 3920 534 3959 ρ
548 3920 606 3959 ρω
625 3906 738 3959 τοῦ]
748 3905 876 3961 πόρρω
893 3905 967 3948 ἀπὸ
989 3910 1056 3948 τοῦ
1075 3910 1236 3964 scripsit
1258 3912 1355 3951 Gai-

128 3968 221 4020 lius,
245 3966 359 4023 quod
375 3966 433 4008 sic
448 3967 646 4008 Arrianus
660 3967 797 4008 habet.
852 3996 868 4023 t

837 142 1130 188 ANONYMI
1157 111 1455 209 PEiiIPLUs
1487 141 1668 186 PONTI
1698 140 1929 186 EUXINI.

2559 162 2646 199 403

1419 250 1566 300 Ponti,
1584 248 1698 304 quod
1712 256 1876 298 vocant,
1897 250 2228 302 angustissimum
2243 282 2254 301 ,
2272 266 2346 306 per
2364 256 2475 308 quod
2491 258 2532 298 in
2554 262 2653 300 Pro..

1418 315 1635 373 pontidem
1653 316 1836 369 labitur(
1853 318 1924 356 Ex
1941 315 2124 357 Arriano
2147 320 2170 369 S
2194 331 2259 372 17.
2276 319 2289 374 )

1691 432 1867 475 Bithyniae
1882 434 1999 466 Ponto
2012 432 2204 474 adjacentis
2216 434 2382 477 periplus.

1478 523 1518 562 3.
1551 524 1588 563 Α
1611 523 1724 562 Fano
1745 521 1855 561 Iovis
1873 521 1965 561 Urii
1988 521 2216 562 secundum
2240 522 2344 563 latus
2367 523 2556 567 dextrum
2586 543 2654 569 na·

1420 591 1574 644 viganti
1604 589 1656 631 ad
1689 590 1875 630 Rhebam
1901 590 2075 631 fluvium
2094 591 2223 632 stadia
2242 601 2337 633 sunt
2357 607 2432 646 90,
2454 595 2565 636 milia
2589 611 2652 637 12.

1421 660 1458 700 A
1482 659 1625 700 Rheba
1646 667 1784 700 autem
1802 660 1929 700 fluvio
1952 660 2003 701 ad
2024 661 2237 702 Melaenam
2260 677 2333 703 seu
2355 665 2524 718 Nigram
2545 681 2656 707 nunc

1420 743 1518 769 vero
1541 729 1664 770 Calen
1687 744 1759 770 seu
1780 730 2113 773 Pulcramacram
2123 731 2360 786 appellatam
2376 763 2387 783 ,
2409 733 2538 775 stadia
2561 736 2652 785 150,

1421 798 1533 840 milia
1557 812 1625 840 20.
1686 801 1723 841 A
1742 799 1834 841 Cale
1860 814 1953 842 acra
1975 800 2027 840 ad
2050 803 2245 842 Artanem
2265 803 2439 845 fluvium
2457 812 2496 844 et
2515 806 2656 845 castel-

1419 867 1508 909 lum
1540 867 1668 910 stadia
1703 868 1795 918 150,
1831 869 1944 910 milia
1976 883 2050 919 203
2079 870 2135 910 ibi
2159 871 2277 912 statio
2313 873 2448 926 parvis
2484 874 2656 928 navigiis

1413 937 1534 991 juxta
1553 939 1728 979 Veneris
1746 938 1887 979 fanum
1904 955 1915 991 ;
1934 938 2091 993 adjacet
2108 940 2231 980 etiam
2251 941 2382 983 insula
2401 954 2525 997 parva
2537 974 2548 994 ,
2567 957 2658 998 quae

1419 1008 1598 1062 protegit
1626 1016 1796 1063 portum
1819 1009 1889 1062 (E
1919 1008 2163 1065 Menippo).

1476 1082 1518 1128 4.
1547 1079 1613 1121 Ab
1643 1082 1799 1121 Artane
1830 1081 1958 1121 fluvio
1980 1080 2032 1121 ad
2056 1081 2223 1122 Psillida
2245 1082 2418 1123 fluvium
2454 1092 2495 1124 et
2520 1084 2658 1125 locum

1421 1153 1552 1202 stadia
1577 1153 1669 1204 150,
1695 1155 1808 1194 milia
1829 1168 1904 1205 203
1930 1155 1987 1195 ibi
2007 1156 2152 1209 exigua
2173 1157 2335 1210 navigia
2353 1157 2570 1198 commode
2590 1173 2659 1213 ap-

1419 1226 1568 1281 pellere
1589 1227 1748 1281 possint
1779 1226 1831 1267 ad
1851 1235 2006 1282 petram
2032 1242 2117 1268 non
2142 1229 2286 1283 procul
2305 1244 2329 1269 a
2354 1230 2535 1270 fluminis
2554 1232 2659 1271 ostio

1421 1295 1670 1335 eminentem
1689 1296 1706 1348 (
1720 1298 1791 1335 Ex
1808 1295 1992 1336 Arriano
2013 1298 2035 1348 §
2059 1309 2107 1349 17
2123 1298 2156 1349 ).

1479 1365 1519 1404 5.
1551 1365 1588 1404 A
1623 1362 1786 1404 Psillide
1808 1363 1935 1404 fluvio
1964 1362 2017 1404 ad
2047 1364 2199 1418 Calpen
2222 1373 2388 1419 portum
2423 1372 2465 1405 et
2487 1365 2660 1406 fluvium

1422 1430 1554 1471 stadia
1586 1444 1682 1482 210,
1717 1431 1830 1471 milia
1853 1433 1904 1473 28
1921 1447 1933 1482 ;
1954 1431 2034 1472 1100
2057 1432 2290 1486 emporium
2324 1440 2384 1472 est
2415 1433 2659 1474 Heracleen-

1422 1499 1530 1539 sium
1557 1498 1573 1551 (
1598 1501 1638 1539 E
1667 1498 1865 1554 Menippo
1888 1498 1920 1554 ).
1982 1498 2125 1551 Qualis
2147 1507 2284 1540 autem
2306 1499 2420 1540 locus
2446 1501 2497 1541 sit
2519 1502 2661 1557 Calpes

1422 1575 1568 1621 portus
1582 1597 1593 1617 ,
1619 1566 1831 1621 qualisque
1849 1567 1992 1617 statio,
2014 1575 2053 1607 et
2072 1567 2128 1607 ibi
2151 1567 2307 1608 sontem
2330 1583 2415 1609 esse
2438 1568 2595 1623 frigidae
2613 1585 2659 1610 ac

1423 1636 1601 1691 limpidae
1617 1650 1747 1691 aquae,
1765 1644 1805 1676 et
1825 1636 1943 1677 silvas
1960 1637 2061 1676 mari
2079 1637 2230 1677 vicinas
2248 1636 2454 1691 lignorum
2470 1637 2523 1678 ad
2539 1654 2660 1679 naves

1424 1705 1699 1746 conficiendas
1716 1736 1728 1756 ,
1754 1705 1921 1760 illasque
1943 1705 2038 1745 feris
2054 1706 2265 1747 abundare
2278 1737 2290 1757 ‚
2314 1707 2402 1749 haec
2422 1708 2660 1764 Xenophon

1424 1774 1562 1813 senior
1584 1774 1704 1826 (An.
1743 1777 1784 1823 6,
1810 1776 1852 1822 4,
1892 1775 1942 1827 1)
1966 1774 2146 1814 narravit
2171 1773 2271 1829 (Ex
2293 1774 2476 1815 Arriano
2504 1779 2526 1829 5
2560 1790 2608 1832 '17
2626 1780 2657 1830 ).

1483 1844 1523 1881 6.
1556 1842 1593 1882 A
1629 1840 1772 1895 Calpes
1805 1854 1904 1880 vero
1937 1849 2062 1895 portu
2087 1840 2140 1883 ad
2162 1842 2331 1893 Rhoen,
2364 1843 2408 1883 in
2431 1857 2512 1897 qua
2543 1846 2662 1887 statio

1427 1908 1562 1963 parvis
1601 1898 1801 1962 navigiis,
1842 1906 1973 1948 stadia
1995 1922 2071 1959 2ο,
2096 1908 2220 1950 ,1111113
2251 1922 2276 1949 2
2298 1916 2333 1965 ξ.
2394 1912 2431 1951 Α
2464 1910 2579 1951 Rhoe
2610 1911 2662 1952 ad

1425 1977 1761 2032 Apolloniadem,
1783 1977 1959 2018 insulam
1977 1978 2168 2031 exiguam
2191 1979 2314 2033 (quae
2342 1994 2454 2019 nunc
2490 1981 2663 2035 Daphne

1425 2043 1708 2101 appellatur),
1740 2060 1826 2086 non
1850 2046 1995 2101 procul
2025 2061 2049 2087 a
2080 2047 2316 2088 continente
2335 2056 2558 2099 remotam,
2591 2049 2662 2088 ubi

1423 2122 1584 2169 portus,
1610 2114 1738 2155 stadia
1760 2127 1813 2155 20
1830 2114 1943 2155 milia
1962 2128 1986 2154 2
2002 2117 2058 2171 -ζ-
2079 2115 2095 2167 (
2115 2118 2185 2156 Ex
2199 2115 2371 2157 Arrian.
2395 2119 2416 2168 §
2440 2119 2488 2158 18
2507 2119 2540 2170 ).

1483 2185 1581 2222 Haec
1606 2191 1743 2222 autem
1773 2182 2011 2236 Apollonias
2038 2183 2170 2224 insula
2190 2183 2336 2223 urbem
2358 2184 2479 2224 habet
2497 2186 2664 2225 nomine

1425 2250 1682 2305 Thyniadem
1697 2282 1709 2302 ,
1751 2251 2083 2292 Heracleensium
2119 2252 2337 2294 coloniam.
2397 2253 2463 2294 Ab
2498 2254 2662 2308 Apollo-

1430 2317 1550 2359 niade
1573 2318 1726 2369 insula,
1758 2332 1850 2373 quae
1872 2333 1986 2358 nune
2008 2320 2245 2374 Daphnusia
2262 2351 2273 2370 ,
2296 2319 2348 2360 ad
2371 2321 2514 2364 Chelas
2533 2321 2663 2363 stadia

1431 2399 1498 2436 20,
1524 2386 1636 2426 milia
1683 2391 1708 2416 2
1735 2389 1802 2440 -ξς
1836 2386 1923 2426 haec
1945 2386 2045 2426 urbs
2067 2385 2177 2427 dicta
2200 2396 2260 2427 est
2282 2388 2415 2428 Chelae
2449 2388 2662 2430 111οἀ13110-

1430 2468 1523 2494 rum
1544 2454 1612 2507 (E
1622 2452 1744 2506 fonte
1762 2452 1912 2493 incerto
1930 2455 1963 2507 ).

1486 2539 1527 2578 7.
1558 2526 1595 2564 A
1613 2523 1749 2564 Chelis
1767 2522 1820 2563 ad
1841 2524 2081 2577 Sangarium
2100 2524 2275 2565 fluvium
2296 2525 2563 2579 navigabilem
2584 2535 2659 2567 sta·
2726 2560 2728 2562 .

1431 2592 1498 2633 dia
1517 2593 1609 2642 180,
1630 2591 1743 2632 milia
1760 2594 1811 2640 24
1837 2592 1908 2645 (Ε
1932 2592 2129 2648 Menippo
2146 2602 2184 2633 et
2200 2593 2375 2634 Arriam.
2400 2597 2423 2646 5
2441 2597 2489 2636 18
2507 2596 2547 2648 ).

1488 2726 1573 2774 §5,
1598 2723 1626 2763 l.
1650 2727 1716 2764 16.
1739 2720 1804 2770 εἴς
1830 2722 2035 2774 Κάλπην
2066 2723 2277 2778 λιμένα]
2313 2723 2363 2772 εἰς
2394 2724 2551 2777 Κάλπης
2575 2725 2659 2780 λιμ.

1430 2786 1596 2827 Arrian.
1628 2786 1643 2839 Η
1667 2809 1724 2816 —-
1749 2800 1816 2840 17.
1840 2784 1926 2840 σι’]
1952 2785 2046 2826 cod.
2074 2793 2114 2826 01
2134 2785 2249 2827 editt.
2274 2786 2348 2837 σκ’;
2371 2786 2443 2827 sed
2462 2790 2514 2829 28
2539 2788 2662 2829 millia

1428 2847 1613 2888 efficiunt
1625 2847 1730 2889 stad.
1745 2862 1841 2898 210,
1857 2856 1960 2903 quot
1969 2848 2094 2889 habet
2105 2849 2322 2899 Arrianus,
2337 2858 2379 2890 et
2396 2858 2499 2904 quot
2512 2850 2664 2904 flagitat

1430 2924 1591 2950 summa
1611 2909 1839 2950 stadiorum
1878 2909 1984 2951 1550
2021 2923 2112 2964 quae
2144 2923 2229 2950 esse
2251 2909 2448 2951 dicuntur
2469 2925 2596 2966 usque
2613 2913 2662 2952 ad

1430 2972 1684 3013 Heracleam.
1703 2974 1752 3012 In
1769 2972 1982 3013 Marciano
1996 2972 2041 3012 h.
2059 2971 2088 3012 l.
2109 2971 2268 3014 lacuna.

1486 3038 1508 3088 S
1527 3041 1568 3086 6,
1579 3035 1605 3076 l.
1619 3038 1687 3084 24.
1711 3035 1821 3090 μίλια
1834 3033 1871 3089 β’
1886 3035 1900 3089 [
1914 3033 2016 3089 ι’ςΊ]
2026 3065 2036 3074 .
2050 3034 2212 3074 Inclusa
2226 3033 2385 3074 addidit
2397 3035 2565 3075 Gailius.
2588 3036 2663 3088 Η-

1430 3102 1498 3138 26.
1513 3098 1542 3137 Δ
1554 3099 1577 3138 ά
1590 3114 1614 3153 φ
1627 3113 1646 3138 ν
1657 3114 1679 3150 η
1690 3113 1708 3138 ν
1725 3099 1841 3152 ]Ηο0
1856 3096 1908 3137 de
1922 3111 1997 3137 suo
2006 3095 2164 3136 addidit
2173 3098 2430 3151 Anonymus,
2443 3105 2486 3137 ut
2495 3099 2659 3151 passim.

1429 3163 1529 3201 Mox
1552 3176 1630 3216 pro
1650 3161 1802 3216 Δάφνην
1823 3159 1924 3200 dicit
1938 3158 2189 3215 Δαφνουσὶαν,
2209 3159 2327 3198 sicuti
2346 3159 2441 3199 alibi
2466 3157 2661 3200 Ἀπολλω-

1431 3224 1513 3264 νίαν
1526 3223 1627 3264 dicit
1635 3231 1675 3263 01
1692 3221 1978 3264 Ἀπολλωνιάδα
1991 3229 2067 3261 010.
2088 3221 2166 3274 ΙΙ-
2178 3233 2247 3275 27.
2260 3219 2280 3260 ὓ
2290 3219 2345 3261 πὸ
2362 3234 2380 3261 ν
2391 3220 2415 3272 ή
2428 3235 2450 3259 σ
2461 3221 2514 3276 ῳ]
2534 3220 2663 3262 inclu-

1430 3286 1479 3326 si.
1505 3288 1590 3327 Aut
1604 3286 1714 3326 enim
1729 3283 1952 3338 dicendum
1970 3291 2056 3323 erat
2075 3295 2085 3323 ε
2105 3281 2143 3323 ἐν
2160 3277 2183 3338 ᾗ
2204 3280 2340 3337 λιμήν,
2360 3282 2506 3322 στάδιοι
2522 3281 2573 3331 κ’,
2590 3291 2659 3324 301

1430 3363 1525 3389 00111
1548 3348 1753 3389 Arriano:
1782 3347 1927 3387 στάδιοι
1957 3343 2007 3385 κ’·
2035 3342 2153 3399 λιμὴν
2183 3343 2256 3384 ὑπὸ
2274 3343 2392 3399 νήσῳ.
2420 3345 2523 3395 Quae
2546 3338 2662 3384 dein-

1429 3425 1522 3466 ceps
1543 3417 1771 3464 sequuntur
1789 3409 1926 3449 neseio
1948 3421 2000 3448 an
2018 3406 2212 3446 fluxerint
2227 3421 2250 3446 0
2268 3407 2446 3460 Scymno
2465 3405 2592 3462 Chio,
2610 3420 2659 3446 ex

1430 3487 1513 3528 quo
1535 3471 1726 3527 pleraque
1741 3470 1792 3510 de
1811 3469 1980 3510 urbium
2010 3468 2238 3522 originibus
2260 3468 2442 3508 mutuari
2461 3467 2563 3507 solet
2577 3468 2661 3508 No-

1430 3545 1526 3585 ster,
1556 3535 1633 3574 nisi
1662 3532 1775 3587 quod
1794 3532 1996 3572 distantiae
2020 3539 2162 3571 notam
2179 3531 2370 3574 sumserit
2384 3544 2434 3570 ex
2464 3530 2656 3571 Arriano.

1428 3601 1622 3640 Poterant
1658 3604 1795 3635 tamen
1832 3609 1854 3633 0
1888 3593 2086 3648 Menippo
2118 3594 2227 3648 peti,
2260 3593 2332 3647 qui
2370 3592 2456 3647 ipse
2495 3606 2660 3652 quoque

1428 3675 1451 3700 a
1475 3658 1724 3700 Heracleotis
1747 3657 1948 3698 coloniam
1971 3655 2180 3697 conditam
2204 3669 2289 3695 esse
2311 3656 2507 3704 narravit,
2532 3656 2591 3696 uti
2613 3655 2659 3695 li-

1429 3730 1528 3776 quet
1544 3736 1591 3761 ex
1606 3719 2076 3774 compendioMarciani.
2099 3718 2115 3773 11
2138 3742 2194 3750 -
2207 3718 2274 3759 33.
2294 3717 2361 3765 εἰς
2393 3716 2487 3768 Χηλ
2503 3716 2551 3763 ὰς
2569 3718 2584 3771 ]
2611 3716 2661 3763 εἰς

1427 3782 1559 3836 Χηλὴν
1574 3782 1686 3832 0οἀ.;
1704 3780 1775 3822 sed
1791 3796 1889 3822 mox
1907 3781 2034 3834 Χηλαὶ
2052 3781 2278 3837 pluraliter,
2300 3789 2347 3821 ut
2369 3794 2434 3834 ap.
2454 3780 2618 3820 Arrian.
2640 3781 2654 3833 Η

1427 3869 1482 3876 -
1494 3846 1560 3885 32.
1583 3845 1656 3895 Μη
1668 3845 1771 3883 διαν
1785 3847 1844 3883 ῶν
1864 3843 1878 3897 ]
1901 3844 1998 3883 Haec
2015 3857 2094 3884 vox
2110 3858 2211 3884 num
2226 3851 2335 3883 recte
2355 3842 2499 3882 habeat
2514 3855 2657 3890 necne,

1426 3908 1538 3948 dictu
1560 3906 1737 3946 difficile.
1762 3907 1871 3947 Num
1895 3905 1999 3947 forte
2027 3915 2113 3946 erat
2132 3904 2436 3960 ΜαριανδυνῶνῬ

1485 3972 1507 4023 S
1523 3973 1563 4019 7,
1588 3968 1616 4008 l.
1644 3969 1711 4009 33.
1746 3968 1882 4009 πλωτ
1896 3968 1970 4022 ὸν]
1990 3970 2146 4008 Vocem
2170 3968 2275 4008 hanc
2293 3966 2416 4008 habet
2442 3965 2660 4021 Menippus

2433 4039 2488 4070 26.
