2808 4342
80 129 236 187 (ω.)

77 245 139 276 765
161 230 295 286 Τόμοι
319 230 354 274 δ’
379 227 542 274 ἄποικοι
557 225 768 286 γενόμενοι
786 224 1032 283 Μιλησίων,

171 298 250 343 ὑπὸ
271 298 441 344 Σκυθῶν
460 293 599 356 κύκλῳ
615 292 656 338 δὲ
676 291 1018 355 περιοικούμενοι.

935 429 1064 481 Πόλις

165 500 324 563 Ἴστρος
344 498 426 544 ἀπὸ
448 502 518 544 τοῦ
541 502 731 556 ποταμοῦ
754 497 941 543 λαὸοῧσα
957 498 1154 559 τοῦνομα.

609 565 780 623 Ταύτην
802 565 877 622 τὴν
897 565 1016 612 πόλιν

75 655 137 686 770
162 635 361 692 Μιλήσιοι
383 635 612 692 κτίζουσιν,
636 634 757 690 ἡνίκα
776 637 946 681 Σκυθῶν
965 655 968 657 ’

161 709 217 758 εἰς
232 704 306 761 τὴν
327 704 465 751 Ἀσίαν
486 704 724 769 στράτευμα
743 703 858 760 διέὸη
877 704 1099 766 βαρὸοίρων

154 774 200 820 τὸ
227 773 476 837 Κιμμερίους
501 775 645 819 διῶκον
672 774 720 819 ἐκ
741 777 811 819 τοῦ
833 773 1070 837 Βοσπόρου.

739 907 900 970 Ἴστρος
924 913 945 954 ὃ
967 910 1167 971 ποταμός·

156 979 369 1042 κατέρχετ’
397 979 477 1025 ἀπὸ
499 981 580 1025 τῶν
600 979 798 1041 ἑσπερίων
816 972 931 1031 οὗτος
953 979 1088 1025 τόπων

72 1062 134 1097 775
156 1048 230 1104 τὴν
254 1049 427 1103 ἒκὸολὴν
451 1047 572 1094 πέντε
597 1047 777 1108 στόμασι
801 1047 1067 1108 ποιούμενος·

158 1118 229 1164 καὶ
249 1119 341 1164 δυσὶ
358 1117 400 1164 δὲ
427 1120 488 1182 ῥεῖ
507 1117 744 1179 σχιζόμενος
765 1119 821 1169 εἷς
836 1117 904 1162 τὸν
924 1117 1102 1179 Ἀδρίαν.

161 1187 323 1246 Ἀμέλει
343 1185 384 1232 δὲ
409 1185 534 1248 μέχρι
555 1189 627 1241 τῆς
654 1187 859 1241 Κελτικῆς
877 1185 1138 1247 γινώσκεται.

157 1255 228 1302 καὶ
247 1260 306 1316 τῷ
326 1255 431 1317 θέρει
449 1256 518 1301 τὸν
534 1254 671 1301 πάντα
693 1254 896 1315 διαμένων
915 1254 1060 1317 χρόνον
1077 1270 1088 1281 ·

163 1327 338 1386 χειμῶνι
359 1324 432 1385 μὲν
456 1323 536 1387 γὰρ
560 1316 725 1378 αὔξεται
747 1325 1030 1388 πληρούμενος

74 1409 138 1440 780
163 1394 244 1446 τοῖς
265 1393 488 1454 γινομένοις
509 1393 726 1455 ὄμὸροισιν
739 1428 752 1450 ,
775 1395 815 1438 ἐν
840 1392 883 1438 δὲ
902 1396 961 1454 τῷ
984 1393 1088 1455 θέρει

157 1462 236 1507 ἀπὸ
257 1465 330 1516 τῆς
347 1461 483 1523 χιόνος
498 1496 510 1517 ,
536 1460 590 1513 ὥς
613 1480 737 1523 φασι,
752 1461 824 1514 τὰς
848 1461 1080 1525 ἓπιρρύσεις

161 1533 241 1575 τῶν
264 1529 503 1590 τηκομένων
527 1549 571 1575 τε
591 1530 818 1590 λαμὸάνων
840 1531 903 1575 ἀεὶ
922 1532 1066 1592 πάγων
1080 1566 1091 1588 ,

158 1599 203 1644 τὸ
223 1599 375 1662 ῥεῖθρον
395 1598 546 1655 ἐξίησιν
569 1598 769 1650 ὡσαύτως
785 1598 891 1647 ἴσον.

71 1686 132 1716 785
156 1667 279 1729 ’Έχει
299 1667 341 1712 δὲ
361 1667 430 1713 καὶ
455 1667 600 1723 νήσους
618 1669 659 1713 ἐν
681 1669 792 1730 αὑτῷ
807 1666 1000 1728 κειμένας

70 1828 253 1883 Tempus
280 1842 389 1868 unus
409 1829 559 1869 Noster
582 1827 724 1869 tradit.
752 1830 861 1874 Ante
882 1828 1143 1869 Heracleotas
1173 1828 1310 1870 locum

71 1889 269 1930 insedisse
278 1889 459 1930 Milesios
474 1888 663 1930 nonnulli
678 1897 842 1944 putant,
863 1889 1069 1945 siquidem
1082 1891 1190 1932 Mela
1209 1893 1266 1942 Π,
1287 1904 1312 1931 2

75 1951 246 1992 Callatin
258 1965 285 1991 a
296 1951 479 1993 Milesiis
490 1950 723 2000 deductam,
738 1951 895 1993 Plinius
906 1967 1003 1993 vero
1011 1953 1040 1994 l.
1052 1953 1080 1994 l.
1092 1954 1238 1994 urbem
1246 1968 1317 1993 an·

73 2023 138 2054 tea
149 2013 372 2055 Acervetin
386 2013 436 2071 (Ρ)
452 2022 641 2055 vocatam
655 2013 841 2055 tradunt.
860 2018 963 2068 Quae
975 2015 1145 2070 quidem
1158 2024 1317 2056 senten-

74 2076 130 2117 tia
144 2090 231 2118 non
249 2077 401 2118 certior
420 2085 481 2118 est
498 2091 625 2132 quam
647 2076 772 2117 altera
794 2077 875 2127 illa,
897 2092 947 2118 ex
976 2092 1059 2133 qua
1077 2079 1315 2119 Heracleam

47 2165 53 2169 -
73 2146 114 2180 et
127 2141 371 2195 Byzantium
384 2139 524 2181 denuo
539 2139 684 2180 incolis
696 2139 999 2195 frequentatam
1011 2156 1036 2182 a
1047 2141 1216 2182 Milesiis
1231 2155 1316 2181 esse

72 2210 254 2251 censent,
276 2202 474 2257 quoniam
490 2201 677 2242 conditas
699 2215 767 2241 eas
783 2216 807 2241 a
824 2202 994 2241 Milesiis
1009 2201 1154 2242 dicunt
1170 2202 1317 2242 Strabo

71 2275 114 2318 p.
139 2262 218 2312 542
236 2271 277 2303 et
290 2261 472 2317 Vellejus
486 2265 544 2312 H,
570 2261 634 2302 15.
652 2261 763 2302 Vide
779 2262 944 2303 Miiller.
965 2262 1076 2303 Min.
1093 2276 1135 2317 p.
1152 2263 1231 2316 293
1252 2276 1313 2316 sq.

77 2325 94 2378 ΙΙ
117 2348 174 2355 -
191 2323 270 2377 765
299 2338 362 2378 sq.
386 2326 603 2379 Anom.p.
629 2336 695 2373 12,
714 2325 805 2373 -H.,
823 2338 874 2378 p.
904 2328 1002 2374 226,
1026 2337 1043 2363 1
1071 2327 1123 2364 G.
1146 2336 1155 2363 :
1177 2324 1318 2378 Τομέοι

72 2385 226 2427 ἄποικοι
250 2386 450 2441 γινόμενοι
468 2385 673 2437 Μιλησίων
694 2385 766 2426 ὑπὸ
792 2385 947 2425 Σκυθῶν
973 2384 1012 2425 ἐν
1035 2384 1164 2440 κύκλῳ
1191 2384 1318 2425 οἰκού-

75 2462 197 2503 μενοι.
223 2447 404 2488 Refinxit
437 2448 702 2488 Letronnius.
723 2449 805 2487 Pro
824 2447 967 2501 Τομὲοι
985 2446 1080 2487 fort.
1107 2445 1229 2487 fuisse
1247 2448 1320 2486 To.

75 2512 159 2565 μεῖς
186 2509 294 2564 conj.
315 2508 562 2550 Meinekius.
591 2509 606 2563 ΙΙ
629 2532 687 2539 -
706 2512 906 2562 667-672.
928 2510 1078 2548 Anom.
1093 2523 1143 2564 p.
1170 2521 1219 2547 12
1239 2511 1316 2559 H„

69 2588 116 2629 p.
151 2571 247 2623 225,
281 2585 330 2614 10
350 2574 401 2612 G.
427 2584 437 2611 ι
462 2570 564 2622 Αὕτη
587 2570 612 2622 ἣ
633 2570 743 2618 πόλις
775 2570 924 2626 ’Ίστρος
943 2569 1019 2612 ἀπὸ
1044 2573 1112 2612 τοῦ
1144 2574 1320 2626 ποταμοῦ

76 2634 213 2675 ἔλαῧεν
242 2633 288 2675 τὸ
305 2634 430 2689 ὄνομα
445 2633 510 2675 καὶ
533 2633 674 2686 ταύτην
690 2631 760 2684 τὴν
777 2633 891 2674 πόλιν
915 2633 1002 2674 κτλ.
1022 2633 1202 2674 Refinxit
1218 2634 1320 2674 Mei-

72 2696 240 2747 nekius3
260 2695 376 2736 ἔλαῧε
391 2698 507 2736 τοῦτο
523 2694 695 2751 τοῦνομα
710 2694 826 2736 dedit
840 2696 1106 2736 Letronnius.
1127 2696 1318 2735 Ceterum

73 2757 200 2798 verba
216 2757 358 2810 ταύτην
381 2755 451 2809 τὴν
475 2765 516 2798 et
537 2772 587 2798 ex
609 2771 724 2812 seqq.
750 2758 878 2799 διε....
905 2757 975 2812 βαρ
995 2766 1035 2798 et
1060 2758 1205 2812 βοσπορ
1221 2772 1319 2798 con-

74 2821 307 2877 spiciuntur
324 2821 369 2860 in
385 2819 539 2861 codicis
550 2820 724 2861 Parisini
743 2820 901 2875 paginae
916 2820 1070 2860 ultimae
1085 2820 1158 2860 lin.
1178 2819 1216 2860 5.
1235 2823 1276 2868 4.
1296 2821 1318 2860 3

74 2882 126 2923 ab
147 2883 244 2923 ima.
270 2884 333 2923 De
350 2883 458 2923 Istro
478 2882 736 2923 Milesiorum
756 2881 918 2922 colonia
937 2881 989 2922 cf.
1016 2881 1162 2922 Strabo
1174 2895 1216 2936 p.
1240 2882 1319 2935 319

74 2951 116 2984 et
141 2945 330 2985 Eustath.
353 2944 405 2985 ad
437 2944 595 2998 Perieg.
621 2936 748 2985 Dion.
779 2945 875 2985 823.
906 2946 969 2985 De
988 2952 1174 2999 tempore
1196 2945 1256 2984 rei
1279 2959 1319 2985 v.

74 3006 318 3062 Hieronym.
337 3007 405 3048 ad.
427 3021 496 3047 an.
518 3006 676 3048 Abrah.
699 3007 834 3059 1363(
851 3006 918 3046 Ol.
941 3006 1010 3056 31,
1027 3006 1067 3046 3.
1091 3005 1171 3054 654
1185 3021 1223 3046 a.
1242 3006 1321 3059 C.)

75 3068 140 3108 vel
170 3069 321 3110 Euseb.
365 3072 485 3111 Arm.
514 3069 567 3110 ad
589 3084 657 3110 an.
684 3070 790 3110 1362
817 3082 826 3109 :
850 3069 1067 3109 Acanthus
1088 3068 1255 3108 condita
1284 3078 1324 3108 et

76 3130 256 3183 Stagira.
281 3134 423 3172 Istrus
447 3131 491 3173 in
520 3134 653 3172 Ponto
671 3131 855 3172 condita.
881 3135 1135 3188 Lampsacus
1157 3130 1324 3171 condita

78 3200 118 3231 et
139 3192 319 3233 Abdera.
341 3197 395 3234 In
423 3193 571 3235 Sicilia
588 3194 747 3235 Selinus
765 3193 948 3235 condita.
966 3196 1019 3234 In
1044 3196 1176 3234 Ponto
1198 3197 1323 3247 Bory-

79 3252 236 3300 sthenes
255 3255 436 3296 condita.
462 3255 527 3296 Cf.
552 3256 727 3312 Syncell.
749 3270 791 3312 p.
815 3257 912 3306 213,
940 3258 988 3297 B.
1016 3255 1153 3309 Vulgo
1186 3263 1324 3296 tamen

0 3322 1 3325 ’
81 3313 136 3355 ob
157 3315 400 3370 Scytharum
430 3317 737 3373 expeditionem
767 3333 893 3373 quam
921 3319 1072 3360 Noster
1093 3327 1322 3369 memorat,

83 3375 304 3417 deductam
331 3380 486 3420 Istrum
508 3388 694 3421 statuunt
716 3381 825 3421 circa
842 3381 908 3422 Ol.
939 3381 1008 3431 36,
1035 3383 1076 3430 4.
1110 3381 1188 3422 633
1213 3395 1251 3421 a.
1274 3381 1320 3421 C.

85 3436 100 3492 (
116 3451 156 3477 v.
179 3437 360 3480 Clinton.
378 3442 487 3482 Fast.
504 3442 610 3482 Hell.
635 3450 738 3482 tom.
755 3444 792 3492 I,
809 3456 853 3497 p.
872 3445 953 3491 204
972 3444 1217 3496 ).,Αῑῐεωευ
1239 3457 1324 3483 non

84 3507 236 3540 temere
256 3502 412 3555 positus
426 3503 492 3543 ille
509 3504 676 3545 Eusebii
697 3510 912 3554 numeruS,
933 3505 1143 3560 ipsiusque
1167 3506 1325 3560 Ephori

84 3561 248 3602 calculis
276 3563 352 3603 niti
384 3563 560 3605 videtur.
593 3567 656 3606 De
690 3580 775 3620 quo
798 3566 986 3620 pluribus
1013 3581 1219 3622 exponere
1240 3582 1325 3608 non

83 3622 153 3662 hic
171 3630 231 3663 est
249 3623 377 3665 locus.
413 3625 607 3673 Ceterum
635 3626 688 3667 de
719 3629 828 3667 Istro
848 3628 953 3668 urbe
971 3627 1038 3668 adi
1059 3630 1326 3671 Mannertum

86 3685 300 3735 tom.VII‚
325 3700 368 3741 p.
395 3686 470 3726 125
483 3701 574 3741 sqq.
598 3689 614 3742 ΙΙ
631 3712 687 3719 -
704 3689 905 3743 773-791.
930 3692 1080 3731 Anom.
1101 3705 1148 3746 p.
1178 3705 1223 3731 11
1246 3694 1323 3740 H„

79 3761 130 3803 p.
156 3749 253 3797 224,
281 3747 303 3788 5
329 3750 380 3789 G.
405 3761 415 3788 t
437 3745 560 3797 Οὗτος
589 3749 611 3789 ὁ
627 3749 775 3805 Ἴστρος
796 3751 968 3807 ποταμὸς
987 3753 1003 3805 (
1020 3752 1042 3792 ὁ
1056 3752 1122 3793 καὶ
1144 3753 1329 3801 Δανοῧὸις

87 3808 326 3864 καλούμενος
351 3812 367 3864 )
391 3811 617 3867 κατέρχεται
649 3811 724 3853 ἀπὸ
753 3817 830 3854 τῶν
866 3813 1048 3869 ἐσπερίων
1082 3815 1227 3867 τόπων,
1256 3814 1327 3868 τὴν

90 3868 255 3921 ἔκὸολὴν
285 3870 372 3912 κτλ.
401 3873 500 3914 Haec
524 3874 581 3914 ita
614 3872 710 3914 dedi
744 3883 791 3915 ut
821 3875 988 3916 refinxit
1020 3876 1253 3918 Meinekius
1283 3878 1326 3918 in

88 3932 251 3974 Praefat.
278 3947 322 3989 p.
356 3949 417 3977 x1.
449 3937 499 3976 In
532 3936 622 3992 ipso
656 3945 853 3978 contextu
883 3939 1101 3993 scripserat
1132 3952 1142 3981 :
1179 3939 1327 3995 Ἴστρος

1066 127 1240 202 ORBIS
1273 128 1638 175 DESCRIPTIO.

2522 152 2545 189 2
2553 153 2576 189 2
2588 154 2609 192 7

1386 235 1510 275 Tomi
1529 235 1690 276 colonia
1710 242 1771 276 est
1789 236 2061 286 Milesiorum,

1389 315 1414 341 a
1431 302 1591 357 Scythis
1613 302 1798 357 undique
1817 303 1951 344 cincta
1973 303 2134 344 accolis.

2002 440 2114 482 Urbs

1386 507 1515 546 Istrus
1533 521 1558 547 a
1576 507 1704 548 fluvio
1726 522 1848 548 suum
1864 516 1983 548 nacta
2003 521 2174 548 nomen.

1468 581 1472 586 '
1887 576 2006 615 Hanc
2019 574 2168 615 urbem

1385 641 1532 682 Milesii
1550 641 1751 692 condunt,
1777 641 1944 696 quando
1962 642 2206 696 Scytharum

1386 708 1660 757 barbarorum
1682 710 1885 749 exercitus
1903 710 1948 749 in
1970 709 2111 750 Asiam
2132 712 2312 762 transiit,

1387 777 1632 818 Cimmerios
1655 790 1677 816 e
1692 778 1879 831 Bosporo
1895 775 2097 829 fugientes
2119 792 2378 834 persequens.

1953 865 2060 879 .—

2119 916 2218 957 Ister
2235 918 2396 959 fluvius.

1387 986 1428 1024 Is
1443 998 1495 1025 ex
1515 982 1700 1024 occiduis
1719 982 1887 1023 devenit.
1911 982 2012 1023 locis

1389 1053 1575 1107 quinque
1593 1052 1708 1093 ostiis
1730 1052 1774 1092 in
1803 1053 1986 1092 Pontum
2011 1052 2166 1103 exiens,
2272 1102 2277 1106 .

1387 1120 1552 1161 duobus
1574 1134 1673 1161 vero
1691 1120 1839 1160 scissus
1857 1120 1901 1160 in
1919 1118 2093 1161 Adriam
2115 1135 2279 1176 quoque
2300 1123 2451 1165 influit.

1387 1190 1455 1232 Ad
1469 1190 1664 1231 Celticam
1681 1181 1812 1244 usque
1833 1190 1929 1230 satis
1951 1198 2074 1230 notus
2090 1198 2164 1231 est.
2187 1221 2198 1232 .
2221 1222 2230 1232 .

1390 1259 1405 1313 [
1422 1258 1526 1300 idem
1532 1258 1624 1313 sere
1639 1267 1679 1299 et
1696 1258 1850 1313 hieme]
1872 1266 1913 1298 et
1931 1266 2066 1300 aestate
2088 1260 2201 1299 omni
2221 1274 2389 1302 manens
2408 1271 2618 1318 tempore3

1385 1341 1483 1367 nam
1500 1326 1637 1367 hieme
1662 1325 1833 1381 quidem
1851 1334 2024 1380 augetur
2046 1326 2321 1382 impleturque

1386 1409 1478 1450 quae
1494 1394 1602 1436 fiunt
1618 1395 1767 1450 pluviis
1780 1426 1792 1446 ‚
1815 1403 1951 1436 aestate
1973 1404 2111 1436 autem

1386 1479 1410 1505 a
1438 1465 1547 1514 nive,
1568 1473 1616 1505 ut
1634 1464 1788 1515 ferunt,
1810 1473 2029 1518 augmenta

1385 1532 1685 1588 liquefactaque
1706 1533 1882 1574 subinde
1899 1548 2065 1574 sumens
2087 1535 2228 1588 glacie,

1304 1599 1308 1602 ’
1386 1601 1591 1642 fluentum
1613 1601 1765 1642 emittit
1778 1602 1931 1657 pariter
1947 1603 2116 1656 aequale.

1386 1669 1522 1710 Habet
1546 1670 1670 1710 etiam
1687 1670 1838 1710 insulas
1861 1671 1906 1710 in
1929 1671 2019 1725 ipso
2035 1671 2130 1710 sitas

1383 1829 1405 1869 ὁ
1426 1828 1599 1884 ποταμὸς
1621 1829 1627 1884 Ι
1648 1828 1709 1884 ἀφ’
1742 1828 1922 1884 ἑσπερίων
1951 1829 2066 1884 μόνος
2088 1829 2336 1884 κατέρχεται,
2363 1830 2553 1872 seductus
2578 1835 2638 1874 iis·

1387 1906 1478 1947 quae
1526 1891 1692 1933 laudato
1743 1895 1909 1947 Scy-mne
1965 1890 2088 1931 affert
2132 1891 2260 1932 schol.
2306 1893 2440 1947 Apoll.
2486 1895 2621 1936 Rhod.

1386 1955 1464 2005 IV,
1483 1957 1581 2004 284,
1605 1953 1658 1994 de
1678 1968 1762 2008 quo
1787 1953 1878 1994 loco
1897 1967 1936 1994 v.
1955 1952 2141 2006 Prolegg.
2161 1954 2411 1995 Letronnius
2432 1957 2592 2011 scripsit
2614 1972 2622 1997 :

1389 2016 1537 2072 Ἴστρος
1552 2016 1592 2057 δὲ
1610 2016 1781 2072 ποταμὸς
1803 2017 1810 2070 1
1828 2017 2054 2071 κατέρχεται
2076 2014 2142 2071 μὲν
2166 2015 2347 2071 ἑσπερίων
2371 2016 2445 2058 ἀπὸ
2464 2023 2538 2059 τῶν
2562 2021 2626 2060 τό-

1387 2094 1484 2120 πων.
1515 2080 1688 2119 Vossius
1708 2079 1860 2119 luserat
1883 2092 1892 2119 :
1912 2078 2060 2133 ’Ίστρος
2077 2078 2250 2134 ποταμὸς
2270 2079 2291 2119 ὅ
2310 2094 2350 2120 τε
2364 2063 2546 2129 Δοῗνουῧις
2564 2097 2628 2122 κα-

1387 2139 1596 2194 λούμενοςΙ
1614 2140 1840 2194 κατέρχεται
1865 2139 1931 2194 μὲν
1957 2138 2031 2180 ἀπὸ
2046 2143 2122 2180 τῶν
2143 2138 2325 2195 ἑσπερίων
2341 2141 2482 2181 τόπων.
2505 2143 2626 2183 Mitto

1387 2201 1670 2250 Holstenium‚
1695 2201 1766 2254 qui
1786 2201 1923 2240 minus
1948 2201 2072 2241 etiam
2094 2214 2218 2255 quam
2239 2202 2411 2241 Vossius
2431 2217 2625 2244 numeros

1389 2262 1561 2303 curavit.
1584 2262 1601 2316 ΙΙ
1616 2285 1674 2292 —-
1688 2265 1785 2316 776.
1797 2264 2042 2316 Anonymus
2057 2263 2113 2303 ita
2131 2276 2141 2303 :
2156 2262 2242 2303 δυσὶ
2256 2261 2296 2303 δὲ
2314 2261 2627 2319 περισχιζόμενος

1389 2323 1519 2370 καὶείς
1529 2323 1595 2363 τὸν
1617 2322 1760 2377 Ἀδρίαν
1782 2323 1853 2378 ῥεῖ.
1870 2326 1973 2375 Quae
1988 2323 2152 2364 refinxi.
2169 2325 2417 2364 Letronnius
2427 2327 2621 2367 tentavit:

1389 2385 1474 2425 δυσὶ
1493 2384 1533 2425 δὲ
1561 2385 1854 2439 διασχιζόμενος
1873 2384 1908 2431 ἐς
1935 2384 2080 2439 Ἀδρίαν
2100 2384 2188 2439 ῥέει.
2214 2385 2443 2426 Meinekius
2461 2399 2471 2427 :
2499 2404 2515 2425 ιι
2534 2389 2625 2432 Hoc

1391 2462 1537 2498 unum,
1551 2448 1700 2501 inquit,
1711 2446 1831 2487 video
1842 2446 1952 2501 apud
1963 2449 2230 2502 Anonymum
2243 2446 2367 2487 verba
2378 2462 2427 2488 ex
2440 2448 2626 2502 pluribus

1392 2524 1477 2550 esse
1498 2517 1708 2550 contracta
1735 2517 1776 2549 et
1794 2509 1901 2549 inter
1922 2503 2008 2563 περὶ
2027 2516 2068 2549 et
2086 2509 2317 2564 σχιζόμενος
2338 2509 2492 2564 aliquid
2514 2513 2624 2552 exci-

1392 2571 1514 2613 disse.
1545 2571 1595 2612 Id
1617 2571 1736 2626 quale
1760 2570 1885 2611 fuerit
1917 2571 2115 2626 suspicari
2136 2571 2231 2611 licet
2247 2585 2298 2611 ex
2326 2571 2391 2611 his
2415 2572 2622 2626 Apollonii

1392 2634 1528 2675 Rhod.
1543 2636 1619 2684 IV,
1642 2634 1718 2674 321
1738 2646 1748 2674 ε
1766 2632 1857 2673 Οὕθ’
1878 2633 1915 2674 οἳ
1929 2633 2014 2688 περὶ
2025 2633 2186 2688 Λαύριον
2206 2631 2279 2684 ἤδη
2296 2633 2427 2673 Σίνδοι
2439 2632 2625 2689 ἐρημαῖον

1393 2696 1521 2737 πεδίον
1545 2696 1643 2750 μέγα
1668 2695 1928 2745 ναιετάοντες,
1950 2702 1991 2735 et
2015 2695 2156 2750 paucis
2173 2693 2394 2748 interjectis
2414 2707 2424 2735 ;
2445 2695 2510 2735 καὶ
2524 2696 2627 2738 ἄπω-

1394 2760 1455 2799 θεν
1494 2757 1607 2799 ἐόντα
1637 2757 1829 2813 ἀγγούρου
1863 2757 1970 2812 ὄρεος
2006 2757 2196 2798 σκόπελον
2229 2756 2331 2811 παρὰ
2363 2757 2598 2799 Καυλιακοῖο
2613 2791 2623 2809 ,

1391 2819 1424 2878 ᾧ
1443 2822 1526 2877 πέρι
1547 2819 1593 2872 δὴ
1618 2820 1763 2875 σχίζων
1784 2819 1933 2874 ’Ίστρος
1951 2818 2039 2874 ῥόον
2061 2818 2153 2859 ἔνθα
2174 2818 2239 2859 καὶ
2258 2817 2350 2859 ἔνθα
2367 2818 2504 2873 βάλλει
2518 2820 2623 2871 ἁλὸς,

1391 2884 1463 2924 ubi
1495 2882 1588 2924 vide
1620 2882 1768 2933 schol„
1790 2882 1940 2922 collato
1962 2881 2171 2936 Stephano
2205 2882 2303 2935 Byz.
2335 2894 2376 2922 v.
2412 2880 2597 2923 Καυλικοί
2613 2914 2623 2933 ,

1393 2945 1501 2994 ἔθνος
1511 2945 1609 2987 κατὰ
1631 2945 1697 2986 τὸν
1721 2943 1860 2985 Ἰόνιον
1876 2944 2040 2994 κόλπον,
2066 2942 2268 2990 Ἑκαταῖος
2283 2942 2462 3000 Εὐρώπῃ.
2480 2943 2626 2996 Κέκλη.

1391 3025 1454 3051 ται
1473 3010 1507 3050 δ’
1532 3008 1607 3051 ἀπὶ)
1628 3009 1750 3064 ὄρους.
1768 3010 1913 3063 Itaque
1927 3021 2013 3048 non
2028 3006 2346 3062 vituperaverim
2364 3005 2554 3060 equidem
2565 3037 2578 3057 ,
2592 3009 2625 3047 si

1393 3074 1484 3127 quis
1508 3072 1675 3127 Scymni
1692 3070 1817 3111 verba
1833 3070 1921 3111 haec
1942 3069 2026 3110 fere
2056 3067 2179 3109 fuisse
2205 3066 2394 3121 conjiciat
2416 3080 2425 3107 z
2458 3067 2562 3107 δυσὶν
2585 3067 2626 3108 δὲ

1393 3134 1478 3190 περ)Ι
1503 3134 1687 3189 [Σίνδους
1709 3133 1795 3188 ὄρος
1814 3147 1854 3172 τε
1877 3130 2066 3171 Καυλικὸν
2090 3130 2128 3184 J}
2150 3129 2378 3184 σχιζόμενος
2408 3126 2544 3180 ἐξίησιν
2575 3128 2626 3175 εἰς

1393 3196 1460 3238 τὸν
1485 3195 1647 3252 Ἀδρίαν.
1672 3213 1687 3234 »
1709 3195 1904 3248 Quinque
1918 3193 2013 3233 Istri
2036 3191 2138 3232 ostia
2155 3198 2302 3246 praeter
2321 3191 2518 3230 Nostrum
2540 3204 2626 3232 me·

1394 3268 1560 3301 morant
1589 3256 1791 3300 Herodot.
1814 3257 1891 3306 IV,
1930 3257 1998 3308 47,
2021 3255 2077 3303 H,
2107 3266 2181 3303 103
2208 3252 2400 3307 Ephorus
2422 3265 2489 3306 ap.
2514 3252 2625 3293 Stra-

1394 3321 1495 3363 bon.
1520 3323 1623 3371 VII,
1657 3334 1700 3374 p.
1728 3317 1838 3367 3053
1865 3317 2029 3358 Arrian.
2056 3316 2137 3356 An.
2158 3315 2200 3364 Ι,
2234 3314 2275 3354 3.
2306 3314 2361 3363 V,
2387 3315 2438 3363 4;
2471 3314 2621 3368 Peripl.

1394 3399 1438 3440 p.
1464 3385 1538 3434 233
1574 3383 1747 3436 Dionys.
1778 3382 1873 3421 Per.
1907 3378 2008 3427 3013
2046 3376 2233 3418 Eustath.
2268 3374 2320 3416 ad
2357 3376 2484 3416 Dion.
2519 3377 2599 3430 298
2612 3393 2623 3427 ;

1393 3445 1501 3487 Mela
1521 3446 1577 3495 H,
1603 3458 1621 3484 1
1639 3459 1649 3493 ;
1671 3441 1883 3483 Claudian.
1906 3441 1969 3479 De
1980 3437 2087 3479 bello
2098 3438 2193 3479 Get.
2212 3437 2317 3492 387;
2343 3438 2428 3478 Leo
2448 3436 2621 3477 Diacon.

1394 3509 1512 3558 VIII,
1546 3520 1583 3547 1.
1602 3505 1682 3547 Alii
1704 3504 1834 3544 aliter.
1855 3503 1911 3542 V.
1927 3500 2074 3542 Ukert.
2094 3501 2172 3550 ΠΙ,
2205 3512 2243 3550 1,
2263 3513 2307 3554 p.
2333 3499 2427 3553 159.
2452 3500 2515 3539 De
2532 3500 2626 3539 Istri

1394 3569 1563 3610 brachio
1586 3566 1799 3608 Adriatico
1826 3562 2016 3604 bifariam
2050 3576 2192 3603 rursus
2219 3561 2316 3602 fisso
2348 3575 2389 3602 v.
2431 3559 2624 3615 Apollon.

1394 3631 1474 3672 Rh.
1498 3631 1575 3679 IV,
1597 3641 1673 3681 291
1691 3658 1702 3677 ,
1721 3626 1821 3681 ibiq.
1854 3625 1983 3666 schol.
2006 3632 2047 3665 et
2072 3622 2221 3665 Ukert.
2238 3624 2321 3673 111,
2347 3635 2386 3673 1,
2408 3636 2452 3677 p.
2483 3624 2575 3675 147.
2606 3622 2621 3674 ll

1393 3716 1451 3724 —
1472 3694 1567 3745 477.
1590 3688 1630 3730 δὲ
1654 3688 1767 3743 μέχρι
1791 3701 1869 3742 pro
1898 3685 1939 3727 δὲ
1960 3685 2074 3741 ἄχρι,
2099 3683 2215 3740 quod
2229 3686 2382 3726 Anom.
2400 3683 2537 3732 habet,
2563 3696 2625 3722 re-

1395 3755 1533 3811 posuit
1546 3750 1798 3801 Meinekius;
1825 3750 1859 3790 δ’
1886 3749 1997 3805 ἄχρις
2017 3748 2267 3791 Letronnius
2290 3762 2312 3788 ε
2334 3745 2442 3799 conj.
2467 3745 2625 3784 Boisso-

1395 3815 1523 3858 nadii.
1565 3815 1582 3869 ΙΙ
1604 3838 1661 3845 —-
1682 3814 1884 3868 778-784.
1920 3812 1986 3853 Sic
2016 3811 2104 3852 haec
2146 3809 2358 3851 constituit
2397 3804 2626 3847 Meinekius

1395 3893 1439 3935 p.
1464 3881 1532 3932 47.
1566 3876 1730 3918 Priores
1759 3888 1899 3915 versus
1932 3872 2038 3913 duos
2065 3879 2175 3912 recte
2206 3870 2329 3911 habet
2359 3870 2624 3921 AnonymuS,

1397 3938 1545 3980 deinde
1566 3952 1662 3978 vero
1684 3937 1818 3992 pergit
1836 3937 1892 3977 ita
1909 3949 1919 3976 ι
1937 3936 2020 3982 τοῖς
2039 3933 2254 3989 γινομένοις
2276 3929 2451 3985 ὄμὸροισι
2467 3926 2533 3967 καὶ
2550 3925 2625 3967 ἀπὸ

2401 4007 2453 4036 15.
