2782 4348
77 191 165 243 zzz-i

74 288 273 341 λινναῖον,
303 286 543 343 Σκοτοῦσα,
575 279 792 344 Κραννών.
859 279 957 326 Εἰσὶ
995 278 1037 323 δὲ
1071 278 1143 324 καὶ
1179 278 1303 324 ἄλλαι

74 354 211 407 πόλεις
233 355 455 401 Θετταλῶν
481 352 522 396 ἐν
545 347 760 411 μεσογείᾳ.
829 347 884 395 Ἤ
918 348 961 392 δὲ
984 347 1196 394 Θετταλία
1219 366 1304 392 πα-

78 424 193 485 ρήκει
219 425 259 468 ἐν
294 419 488 482 μεσογείᾳ
518 418 621 480 ὑπὲρ
655 417 858 478 Αἰνιάνων
895 416 966 462 καὶ
1003 415 1199 462 Δολόπων
1233 415 1305 461 καὶ

76 491 269 539 Μαλιέων
302 488 373 535 καὶ
398 485 572 549 Ἀχαιῶν
595 486 666 532 καὶ
687 485 926 546 Μαγνήτων
947 484 1071 547 μέχρι
1099 487 1301 544 Τεμπῶν.

76 564 164 608 Τοῦ
179 559 222 605 δὲ
240 560 540 617 Παγασητικοῦ
557 555 713 602 κόλπου
734 555 866 615 μῆκός
880 556 989 601 ἐστιν
1003 554 1085 600 ἀπὸ
1102 553 1306 612 στόματος

74 632 131 680 εἷς
153 628 221 673 τὸν
242 626 374 688 μυχὸν
397 627 614 687 Παγασῶν
635 626 764 677 πλοῦς
786 623 1106 686 προαριστίδιος.
1175 623 1237 670 Τὸ
1261 621 1304 668 δὲ

73 697 205 756 στόμα
229 698 354 742 αὐτοῦ
384 695 472 742 ἐστὶ
490 695 640 741 στάδια
665 695 712 750 ε’.
777 695 853 741 Ἐν
878 694 921 740 δὲ
940 697 999 758 τῷ
1021 696 1307 756 Παγασητικῷ

71 766 213 828 κόλπῳ
233 766 319 812 ἐστὶ
340 768 462 821 νῆσος
482 764 709 820 Κικύνηθος
732 764 803 810 καὶ
824 763 958 816 πόλις.

131 851 187 883 65.
223 839 512 883 ΜΑΓΝΗΤΕΣ.
535 833 683 887 Ἔθνος
707 834 794 880 ἐστὶ
816 833 1054 894 Μαγνήτων
1077 832 1193 896 παρὰ
1227 832 1306 878 θά-

69 906 223 951 λατταν
238 943 249 961 ,
272 906 342 951 καὶ
362 904 501 957 πόλεις
517 902 621 950 αἵδε·
647 903 814 956 Ἰωλκὸς
828 939 839 960 ,
862 903 1039 960 Μεθώνη
1054 939 1067 961 ,
1088 902 1278 966 Κορακαὶ
1293 937 1306 959 ,

72 974 345 1038 Σπάλαυθρα,
365 973 556 1030 Ὀλιζὼν,
572 971 686 1020 Ἴσαι
701 973 844 1032 λιμήν.
866 972 980 1026 Ἔξω
1001 971 1042 1018 δὲ
1065 976 1137 1018 τοῦ
1153 971 1308 1018 κόλπου

73 1046 370 1104 Παγασητικοῦ
400 1043 633 1104 Μελίὸοια,
657 1043 838 1101 Ῥιζοῦς,
868 1042 1126 1104 Εὐρυμεναὶ,
1149 1041 1308 1103 Μύραι.

71 1113 146 1159 Ἐν
161 1113 354 1176 μεσογείοι
372 1112 414 1158 δὲ
432 1115 662 1158 ἐποικοῦσιν
685 1112 795 1164 ἔθνος
814 1111 1041 1174 Περραιὸοὶ
1054 1147 1065 1168 ,
1085 1110 1305 1167 εΈλληνες.

71 1182 211 1244 Μέχρι
235 1184 408 1228 ἐνταῦθά
435 1185 542 1228 ἐστιν
565 1182 647 1227 ἀπὸ
676 1181 933 1244 Ἀμὸρακίας
957 1180 1129 1242 συνεχὴς
1153 1184 1179 1236 ἡ
1203 1180 1305 1226 Ἑλ-

71 1251 166 1303 λάς·
203 1254 390 1304 ἐπιεικῶς
428 1252 470 1297 δὲ
496 1251 566 1297 καὶ
602 1249 681 1316 [ἡ]
707 1252 784 1297 ’ἐπὶ
820 1250 1002 1310 θαλάττῃ
1039 1257 1156 1295 πᾶσα
1196 1251 1304 1311 [ἐν]

72 1321 242 1367 Ἑλλάδι
264 1321 412 1380 ὁμοίως
433 1321 537 1368 ἐστί.
874 1329 878 1332 ’

72 1461 87 1511 (
104 1463 194 1499 Zur
204 1463 331 1499 Kar-te
345 1458 388 1498 d.
407 1474 449 1499 n.
470 1461 542 1499 Gr.
557 1472 600 1513 p.
624 1459 692 1512 37.
719 1472 767 1498 21
788 1460 820 1511 ),
839 1459 911 1512 qui
927 1458 1074 1512 Κιέριον
1096 1458 1220 1498 scribi
1240 1473 1310 1498 vo·

71 1522 144 1562 luit
166 1536 216 1561 ex
244 1521 450 1576 Stephano
476 1534 486 1560 ;
512 1520 679 1575 Ἄρνη...
710 1520 821 1567 πόλις
853 1519 1080 1570 Θεσσαλίας,
1106 1521 1130 1572 ἢ
1162 1520 1309 1575 Κιέριον

71 1584 261 1624 καλεῖται.
283 1585 405 1624 Nune
423 1583 481 1623 ibi
499 1586 755 1635 Mataranga
769 1584 899 1623 vicus.
920 1585 976 1623 V.
1001 1583 1137 1624 Leake
1158 1586 1310 1624 Trans-

71 1647 231 1687 actions
254 1646 308 1699 of
329 1647 394 1686 the
418 1645 549 1700 Royal
574 1645 728 1699 society
751 1648 875 1700 1827.
908 1646 990 1686 vol.
1027 1648 1062 1696 I,
1087 1661 1130 1701 p.
1160 1646 1238 1695 154
1271 1655 1312 1687 et

70 1711 220 1752 North.
236 1713 308 1750 Gr.
324 1711 400 1760 IV,
422 1724 465 1764 p.
486 1711 583 1762 498,
611 1709 626 1762 ΙΙ
660 1708 752 1748 -Π
765 1708 815 1749 ελ
827 1723 863 1749 ιν
875 1723 893 1749 ν
905 1711 1037 1762 αῖον]
1059 1709 1309 1762 Πελληναῖον

69 1787 212 1827 apogr.
233 1773 443 1822 Vatican.;
468 1772 548 1812 hoc
566 1772 599 1811 si
619 1770 751 1811 codex
769 1772 979 1812 Parisinus
993 1772 1178 1822 haberet,
1211 1774 1309 1812 seri-

72 1835 167 1875 bere
205 1835 344 1875 liceret
389 1835 626 1886 Πεληναῖον,
666 1833 781 1888 quod
817 1835 860 1874 in
903 1836 1086 1874 nummis
1132 1836 1312 1875 occurrit

71 1897 87 1948 (
102 1896 270 1936 Eckhel.
290 1898 342 1936 D.
368 1897 421 1937 N.
443 1896 524 1936 vol.
550 1898 606 1946 ΙΙ,
628 1910 671 1951 p.
698 1899 774 1945 146
792 1898 825 1950 );
847 1898 1066 1952 scriptores
1082 1906 1152 1937 aut
1173 1897 1312 1937 Πελιν-

70 1960 178 1999 ναῖον
203 1958 349 1999 dicunt
377 1958 577 2012 (Pindar.
604 1960 651 1999 P.
673 1959 729 2008 X,
763 1962 815 2008 4;
853 1960 999 2000 Strabo
1026 1961 1104 2010 IX,
1132 1974 1175 2014 p.
1202 1960 1308 2014 4373

69 2023 234 2062 Arrian.
257 2021 392 2064 Anah.
410 2024 446 2072 I,
467 2037 516 2076 73
535 2022 677 2062 Livius
699 2023 900 2072 XXXVI,
927 2037 977 2064 10
997 2025 1012 2076 )
1035 2031 1106 2063 aut
1121 2022 1309 2063 Πέλινναν

69 2085 86 2137 (
115 2085 173 2125 St.
213 2086 309 2139 Byz.
347 2099 381 2125 S.
422 2099 482 2135 V.;
517 2084 674 2125 Plinius
707 2085 785 2135 IV,
809 2084 875 2124 -15
897 2087 929 2138 ).
965 2086 1022 2126 V.
1063 2085 1197 2126 Leake
1232 2086 1308 2134 IV,

66 2161 108 2202 p.
136 2149 232 2188 288.
257 2147 272 2200 ΙΙ
295 2172 352 2179 -—
373 2147 636 2203 Κραννών]
658 2147 807 2202 Κράνον
828 2147 986 2198 codex;
1008 2162 1088 2188 em.
1118 2149 1308 2188 Vossius,

72 2211 87 2264 ΙΙ
107 2233 162 2241 —
177 2210 209 2249 l(
224 2209 292 2250 ικῦ
304 2224 323 2250 ν
336 2225 359 2262 η
376 2210 484 2263 θος]
520 2209 703 2257 Κικυνθὸς
720 2209 875 2260 codex3
895 2224 976 2250 em.
1002 2211 1125 2250 Voss.
1148 2224 1170 2249 e
1203 2211 1312 2250 Stra·

69 2269 167 2312 bon.
192 2273 270 2323 IX,
290 2286 333 2326 p.
353 2273 450 2326 936.

125 2337 147 2386 S
172 2334 239 2376 65.
273 2334 417 2382 ἔθνος
456 2333 588 2386 sorti]
613 2333 720 2380 ἔθνος
756 2333 798 2373 δὲ
826 2348 968 2388 apogr.
1005 2334 1195 2374 Vatican.
1230 2337 1312 2375 Pro

71 2411 185 2437 more
204 2405 347 2437 auctor
362 2396 513 2437 dixerit
531 2410 540 2437 ε
566 2396 676 2437 Μετὰ
695 2396 735 2436 δὲ
758 2396 974 2438 Θετταλίαν
1003 2395 1110 2443 ἔθνος
1127 2396 1207 2437 ἐστὶ
1221 2397 1308 2437 κτλ.

73 2460 88 2511 Η
111 2484 167 2489 -
185 2459 390 2510 Μεθώνη
412 2462 426 2511 ]
445 2459 616 2511 Μοθώνη
638 2458 796 2510 codex3
822 2475 905 2501 em„
918 2460 1107 2500 Vossius.
1128 2461 1183 2499 V.
1201 2460 1313 2500 Thu‹

70 2521 163 2575 cyd.
185 2523 262 2572 VI,
285 2537 308 2576 7
325 2538 336 2572 ;
355 2522 501 2563 Strabo
515 2524 592 2573 IX,
613 2537 657 2578 p.
677 2523 781 2573 436;
803 2523 959 2564 Plinius
973 2524 1050 2572 IV,
1074 2526 1148 2573 163
1168 2523 1308 2578 steph.

72 2597 109 2622 v.
159 2583 341 2635 Μεθώνη.
370 2585 385 2638 ΙΙ
403 2607 461 2615 -
502 2584 534 2624 K
550 2585 756 2639 ορακαί]
798 2585 967 2639 Κόρα-και
1007 2584 1163 2634 codex3
1211 2586 1312 2626 urbs

69 2645 235 2686 aliunde
257 2661 342 2686 non
359 2654 472 2687 nota.
500 2650 515 2701 11
542 2671 599 2678 -
619 2647 918 2702 Σπάλαυθρα
934 2651 948 2700 ]
972 2648 1038 2687 Sic
1057 2647 1187 2687 codex
1199 2664 1210 2698 ;
1232 2649 1312 2689 Pli-

69 2708 161 2747 nius
183 2710 260 2759 IV,
290 2713 338 2749 16
362 2722 372 2749 ε
407 2709 647 2764 Spalatlzra.
670 2710 901 2765 Stephanus
927 2723 936 2750 :
962 2709 1180 2764 Σπαλέθρη,
1204 2711 1314 2759 πόλις

70 2769 294 2818 Θεσσαλίας.
329 2769 558 2819 Ἑλλάνικος
587 2772 628 2812 δὲ
656 2772 889 2827 Σπάλαθραν
925 2772 1185 2827 (Σπάλαθρον
1215 2774 1309 2815 cod.

70 2834 327 2887 Vossianus)
352 2833 469 2886 αὐτήν
485 2851 590 2890 φησι·
614 2835 660 2875 τὸ
692 2835 840 2876 ἐθνικὸν
859 2834 1143 2890 Σπαλαθραῖος.
1165 2837 1217 2876 Νἰ
1243 2836 1314 2877 sal-

71 2895 147 2946 lor,
177 2897 291 2939 urbis
309 2896 433 2952 hujus
451 2899 608 2939 mentio
629 2898 677 2939 fit
697 2897 808 2954 apud
832 2898 1097 2953 Lycophron.
1122 2901 1219 2952 899,
1239 2900 1312 2940 ubi

70 2959 372 3000 Tenthredonis
393 2961 501 3001 filius
523 2962 747 3013 Prothous,
781 2962 853 3016 qui
892 2963 1133 3015 Magnetum
1158 2962 1245 3002 dux
1269 2964 1313 3003 in

71 3020 196 3061 Iliade
227 3031 302 3073 est,
338 3022 359 3062 ὁ
392 3022 432 3064 ἐκ
466 3023 705 3079 Παλαύθρων
743 3023 1091 3078 (ΣπαλαύθρωνΡ)
1124 3033 1309 3065 vocatur.

73 3082 268 3124 Miillerus
291 3088 382 3125 Zur·
410 3088 538 3126 Kar-te
551 3085 621 3126 cles
641 3101 683 3127 η.
718 3089 792 3127 Gr.
824 3101 868 3142 p.
902 3102 925 3140 9
944 3085 1154 3141 Πάλαυθρα
1183 3089 1313 3142 Lyco-

73 3143 242 3197 phronis
263 3148 503 3201 Magnetum
522 3147 696 3189 dialecto
726 3147 838 3188 idem
861 3148 986 3189 fuisse
1016 3157 1168 3199 censet,
1199 3150 1313 3204 quod

76 3206 195 3259 vulgo
214 3208 364 3250 dicitur
384 3210 639 3266 Πελεθρόνιον
660 3210 714 3252 ad
731 3211 891 3252 Pelium
906 3220 1091 3252 montem
1107 3213 1124 3266 (
1141 3214 1197 3253 V.
1215 3214 1312 3254 Vir-

76 3268 143 3320 gil.
170 3270 318 3323 Geogr.
349 3274 426 3323 III,
460 3273 553 3325 115,
585 3274 727 3329 ibique
744 3275 909 3315 Servius
938 3282 979 3315 et
1006 3274 1311 3330 Philargyrius3

76 3329 231 3371 Plinius
248 3333 345 3382 VH,
369 3334 436 3389 573
454 3337 606 3390 Hygin.
622 3335 709 3377 fab.
725 3340 806 3391 274
823 3352 834 3387 ;
856 3337 1002 3378 Strabo
1020 3338 1118 3387 VH,
1138 3351 1182 3392 p.
1202 3350 1283 3392 299
1300 3354 1311 3389 3

78 3393 216 3447 Steph.
234 3396 329 3448 Byz.
354 3410 386 3437 s.
405 3412 445 3438 v.
469 3398 484 3449 ΙΙ
502 3398 697 3439 -Ἶσαι
725 3399 777 3439 λι
794 3398 984 3455 μὴν]5ἱο
996 3399 1142 3440 codex.
1168 3420 1184 3436 «
1205 3403 1313 3455 Lege

84 3453 250 3502 Ὀλιζὼν
272 3457 336 3496 καὶ
352 3458 489 3513 λιμήν,
511 3468 559 3500 ut
575 3461 806 3502 Salmasius.
838 3482 855 3498 ι»
879 3465 1080 3513 VosanS,
1105 3477 1229 3517 quem
1252 3478 1315 3503 se-

79 3526 264 3571 quuntur
282 3519 407 3570 Gail„
424 3521 661 3563 Clausenius
680 3532 721 3564 et
742 3524 968 3565 Fabricius.
994 3544 1011 3560 α
1033 3526 1220 3565 Fortasse
1235 3524 1312 3579 leg.

85 3578 207 3619 Ἰπνοὶ
224 3578 359 3635 λιμὴν,
394 3581 447 3622 de
468 3597 552 3637 quo
571 3599 612 3625 v.
647 3586 850 3627 Herodot.
874 3589 973 3638 VH,
998 3589 1075 3629 188
1106 3595 1147 3628 et
1168 3587 1315 3628 Strabo

79 3643 155 3692 IX,
181 3657 223 3697 p.
249 3644 358 3691 443.
384 3643 463 3684 Sed
493 3653 631 3687 tamen
663 3648 768 3688 nihil
791 3648 960 3689 definio.
989 3669 1006 3685 n
1044 3651 1313 3692 anmms.

86 3724 102 3739 «ι
132 3704 279 3752 Ἴπνοὺς
300 3705 365 3746 ille
386 3707 505 3760 ponit
522 3708 734 3749 manifeste
762 3711 853 3751 istie
874 3711 918 3750 in
943 3711 1071 3761 Pelio,
1092 3711 1206 3765 quod
1231 3727 1317 3754 non

79 3768 279 3821 pertinuit
293 3765 346 3807 ad
361 3768 499 3808 sinum
510 3770 759 3822 Pagasaeum.
777 3771 857 3811 Sed
870 3772 1107 3812 notissimus
1119 3773 1162 3813 in
1170 3774 1317 3816 eodem

83 3831 177 3870 sinu
195 3829 272 3871 fuit
292 3839 437 3885 portus
464 3829 625 3885 Ἀφέται,
647 3831 699 3872 de
721 3847 804 3887 quo
830 3834 939 3874 idem
962 3835 1196 3876 Herodotus
1216 3839 1314 3888 VII,

87 3894 162 3946 193
186 3901 227 3933 et
241 3893 374 3948 ample
394 3894 623 3949 Stephanus
640 3896 872 3949 Byzantius.
897 3896 1000 3937 Inde
1017 3898 1175 3951 priores
1194 3899 1318 3941 literae

83 3954 221 3996 forsan
242 3955 499 3997 exciderunt.
528 3977 546 3992 v>
573 3958 830 3998 GuoNovms
851 3989 861 4008 ,
886 3959 958 4012 qui
981 3968 1088 4000 certe
1105 3962 1318 4014 regionem

83 4017 154 4058 ubi
174 4018 272 4059 urbs
296 4020 371 4060 sita
386 4033 472 4061 esse
491 4019 652 4071 debeat,
673 4027 782 4061 recte
805 4019 1015 4062 indicavit.
1032 4022 1138 4063 Nam
1159 4037 1313 4065 nomen

1183 181 1490 228 PERIPLUS.
1865 226 1872 232 .
2543 206 2567 242 5
2577 206 2596 243 1

1373 282 1643 332 Pelinnaeum,
1669 283 1873 332 Scotussa‚
1898 283 2108 324 Crannon.
2130 285 2209 325 Sed
2228 288 2349 327 etiam
2362 289 2459 329 alias
2476 293 2603 334 Thes-

1374 351 1445 390 sali
1466 352 1648 392 eivitates
1662 352 1980 409 mediterraneas
1994 352 2161 392 habent.
2221 355 2427 397 Thessalia
2450 373 2545 400 vcro
2565 363 2607 402 in

1374 419 1676 461 mediterraneo
1699 429 1833 462 tractu
1854 421 2091 462 extenditur
2109 436 2232 476 supra
2253 424 2443 465 AEnianes
2466 436 2505 467 et
2524 431 2609 470 Do-

1373 486 1487 541 lopes
1522 496 1562 528 et
1590 489 1806 529 Malienses
1828 497 1868 529 et
1891 489 2062 530 Achaeos
2091 497 2131 529 et
2165 491 2374 542 Magnetas
2406 507 2535 547 usque
2557 498 2609 537 ad

1373 556 1545 610 Tempe.
1606 557 1726 597 Sinus
1756 565 1892 598 autem
1921 558 2143 611 Pagasetici
2178 558 2393 612 longitudo
2409 592 2419 610 ,
2452 562 2502 602 ab
2540 579 2611 605 ore

1375 637 1509 677 usque
1530 622 1583 664 ad
1598 624 1793 665 intimum
1815 639 2037 675 recessum,
2059 633 2119 665 est
2136 627 2406 679 navigationis
2435 638 2613 672 anteme-

1375 691 1561 732 ridianae.
1601 692 1658 732 Os
1681 691 1768 746 ejus
1789 700 1900 747 patet
1915 693 2055 733 stadiis
2077 693 2276 747 quinque.
2303 696 2351 736 In
2370 697 2463 737 sinu
2488 699 2613 752 Paga-

1376 760 1502 800 setico
1520 767 1581 800 est
1597 759 1729 800 insula
1752 760 2001 815 Cicynethus
2020 775 2116 800 cum
2137 761 2255 802 urbe.

1435 826 1503 868 65.
1526 828 1777 868 MAGNETES.
1812 828 2016 883 Deinceps
2043 830 2281 882 Magnetum
2305 845 2400 884 gens
2421 833 2472 874 ad
2502 849 2614 876 mare

1376 889 1548 940 habitat,
1579 889 1785 943 urbesque
1806 889 1850 929 in
1878 903 1926 930 ea
1953 898 2049 930 sunt
2080 890 2143 931 hae
2169 904 2178 931 ε
2204 892 2362 944 Ioleus,
2390 896 2611 947 Methone,

1378 953 1543 993 Coracae
1558 983 1569 1002 ‚
1590 952 1832 1008 Spalauthra
1846 983 1857 1003 ,
1879 952 2041 1003 Olizon,
2069 953 2177 993 Tisoe
2198 963 2355 1008 portuS.
2414 959 2540 999 Extra
2561 961 2614 999 si-

1378 1030 1481 1056 num
1509 1016 1790 1068 Pagasetieum
1817 1028 1826 1055 :
1866 1015 2081 1065 Meliboea,
2125 1016 2277 1056 Rhizus
2293 1049 2303 1066 ,
2344 1020 2586 1075 Eurymenae
2602 1053 2613 1071 ,

1377 1079 1522 1133 Myrae.
1582 1079 1632 1117 In
1663 1077 1965 1118 mediterraneo
1986 1077 2152 1118 finitimi
2182 1079 2370 1121 accolunt
2392 1083 2614 1134 Perrhaebi,

1378 1141 1492 1180 natio
1514 1141 1672 1181 Graeca.
1734 1139 1801 1181 Ad
1819 1140 1907 1180 haec
1924 1154 2057 1194 usque
2074 1140 2171 1181 inde
2187 1141 2239 1181 ab
2261 1144 2490 1186 Acarnania
2505 1148 2617 1187 Grae-

1380 1204 1443 1243 cia
1458 1211 1518 1243 est
1537 1203 1748 1243 continua.
1776 1203 1999 1257 [Nonnulli
2019 1212 2153 1244 tamen
2168 1206 2392 1256 IlIagnesioe
2406 1223 2517 1249 oram
2533 1209 2618 1250 exi—

1379 1274 1496 1305 munt
1513 1266 1546 1319 ].
1574 1268 1823 1319 Quanquam
1851 1265 2120 1319 probabiliter
2145 1268 2268 1307 etiam
2295 1276 2404 1309 totus
2433 1271 2500 1311 hic
2530 1273 2618 1314 Ma-

1380 1328 1526 1381 gnesiae
1558 1326 1727 1367 litoralis
1749 1335 1903 1367 tractus
1923 1329 2092 1369 Graeciae
2115 1330 2392 1371 accensendus
2417 1341 2490 1386 est.

1381 1460 1598 1514 proprium
1612 1460 1655 1499 in
1676 1459 1778 1499 ’Ίο-αι
1797 1474 1898 1500 voce
1912 1459 2053 1510 latere,
2072 1461 2320 1515 supraducta
2334 1462 2481 1503 lineola
2497 1464 2622 1505 rubra

1383 1521 1574 1562 librarius
1593 1522 1804 1563 indicavit.
1827 1522 2069 1577 Apollonius
2088 1538 2186 1564 vero
2205 1524 2391 1565 Rhodius
2409 1528 2621 1580 Argonau-

1384 1593 1443 1625 tas
1464 1585 1565 1625 dieit
1579 1600 1601 1625 e
1619 1593 1745 1640 portu
1767 1583 1919 1640 (quem
1936 1585 2057 1639 vulgo
2074 1586 2255 1641 Aphetas
2274 1586 2418 1628 dicunt
2434 1587 2447 1643 )
2466 1589 2621 1630 solven-

1383 1655 1457 1698 tes,
1472 1648 1631 1700 Τισαίην
1652 1645 1816 1702 δολιχὴν
1841 1647 1960 1702 ἄκρην
1979 1656 2265 1702 praetervectos
2284 1664 2383 1690 esse.
2412 1650 2477 1691 Ad
2500 1650 2621 1705 hujus

1383 1712 1536 1751 montis
1558 1711 1716 1751 radices
1733 1710 2071 1765 septentrionales
2094 1711 2308 1752 Olizonem
2331 1712 2476 1753 urbem
2499 1714 2622 1755 eollo-

1383 1781 1447 1813 cat
1472 1773 1648 1814 Leakius
1669 1774 1745 1823 IV,
1777 1787 1820 1827 p.
1848 1774 1954 1823 3843
1976 1788 2052 1827 ego
2071 1782 2209 1814 autem
2227 1773 2279 1814 ad
2300 1774 2475 1815 eundem
2503 1791 2621 1817 mon-

1384 1843 1466 1875 tem
1482 1837 1603 1876 etiam
1620 1836 1734 1883 Τίσας
1751 1845 1921 1891 portum
1943 1837 2069 1877 situm
2084 1836 2207 1878 fuisse
2219 1869 2230 1887 ,
2251 1851 2428 1892 eumque
2451 1839 2493 1878 in
2512 1841 2622 1880 Peri-

1382 1897 1451 1951 plo
1463 1907 1606 1939 nostro
1618 1898 1904 1954 reponendum
1918 1898 2041 1940 duco.
2062 1902 2079 1954 Π
2094 1923 2151 1932 ——-
2169 1897 2212 1940 ‘P
2223 1902 2327 1949 ι,ζο’ὗ
2341 1916 2357 1947 ς
2372 1901 2386 1955 ]
2403 1900 2467 1942 Cf.
2477 1902 2621 1942 Strabo

1382 1961 1459 2011 IX,
1478 1975 1520 2016 p.
1548 1963 1644 2010 436.
1673 1963 1781 2013 443;
1806 1962 2036 2016 Stephanus
2066 1976 2099 2003 s.
2124 1977 2164 2003 v,
2190 1963 2300 2003 Situs
2323 1963 2402 2004 loci
2423 1964 2616 2005 incertus.

1387 2024 1402 2075 Η
1436 2048 1493 2054 -
1518 2024 1642 2079 Εὒρυ
1658 2025 1827 2080 μεναί]
1872 2023 2077 2080 Ἐρυμέναι
2114 2025 2270 2074 codex3
2313 2041 2393 2066 em.
2431 2027 2617 2067 Vossius.

1381 2086 1437 2125 V.
1471 2087 1666 2141 Stephan.
1695 2103 1736 2128 v.
1776 2087 2013 2142 Εὐρυμεναί;
2052 2088 2208 2128 Plinius
2247 2090 2324 2139 IV,
2366 2102 2442 2139 203
2482 2090 2620 2130 Livius

1381 2148 1584 2199 XXXIX,
1626 2148 1702 2199 253
1743 2149 1937 2203 Apollon.
1975 2149 2113 2190 Rhod.
2148 2152 2184 2200 I,
2223 2149 2325 2204 5973
2362 2150 2508 2191 Strabo
2541 2152 2617 2200 IX,

1381 2223 1424 2263 p.
1461 2211 1558 2258 443.
1588 2210 1683 2262 11-
1712 2210 1899 2265 Μύραι]
1942 2230 1959 2246 n
1995 2213 2102 2252 Puto
2131 2226 2181 2252 ex
2214 2211 2480 2252 similitudine
2510 2214 2620 2252 vocis

1381 2271 1649 2325 praecedentis
1665 2272 1708 2313 id
1728 2272 1974 2313 vocabulum
1986 2274 2030 2312 in
2044 2281 2204 2313 textum
2219 2275 2442 2329 irrepsisse.
2469 2295 2485 2309 ι»
2509 2276 2619 2314 Vos-

1383 2346 1487 2372 sms.
1510 2333 1682 2373 Inclusit·
1703 2347 1856 2373 nomen
1879 2333 2052 2374 Gailius.
2079 2335 2198 2374 Certe
2223 2334 2388 2375 aliunde
2411 2350 2493 2374 non
2522 2344 2620 2376 nota

1381 2395 1482 2434 urbs
1500 2403 1574 2435 est.
1593 2395 1724 2436 Μύλαι
1735 2426 1747 2446 ,
1763 2395 1981 2436 Thessaliae
2003 2396 2117 2444 urbs,
2143 2410 2268 2450 quam
2287 2397 2514 2452 Stephanus
2534 2412 2619 2438 me-

1381 2466 1530 2508 morat,
1563 2458 1647 2498 huc
1677 2472 1763 2501 non
1798 2458 2000 2512 pertinet3
2036 2471 2132 2497 nam
2162 2472 2211 2497 ex
2246 2458 2364 2498 Livio
2395 2459 2528 2507 XLII,
2566 2458 2618 2507 54

1381 2527 1541 2561 constat
1555 2534 1645 2561 eam
1663 2519 1787 2560 fuisse
1802 2520 1846 2559 in
1861 2518 2123 2559 Hestiaeotide
2141 2519 2193 2559 ad
2211 2520 2399 2559 Titarum
2415 2529 2615 2560 montem.

1383 2582 1546 2636 >Άριυρον
1566 2582 1716 2622 urbem
1735 2581 1955 2634 Magnesiae
1978 2580 2030 2620 ad
2051 2580 2289 2621 Boebeidem
2307 2581 2442 2621 lacum
2466 2596 2518 2621 ne
2537 2582 2620 2623 huc

1380 2645 1556 2695 traham,
1588 2644 1693 2685 ordo
1716 2643 2010 2698 geographicus
2028 2651 2150 2684 vetat.
2169 2643 2409 2684 Perrhaebos
2431 2646 2616 2694 Groecos,

1380 2708 1525 2762 Scylax
1546 2707 1647 2748 dicit
1669 2721 1759 2747 eam
1781 2706 1924 2761 populi
1945 2705 2069 2760 hujus
2086 2706 2280 2760 Pelasgici
2303 2714 2465 2761 partem
2488 2721 2578 2761 quae
2597 2723 2621 2748 a

1381 2770 1563 2811 Doribus
1579 2769 1846 2823 AEolibusque
1861 2783 1947 2809 non
1964 2768 2147 2823 expulsa,
2161 2782 2257 2808 cum
2283 2769 2414 2822 iisque
2433 2769 2476 2808 in
2498 2770 2621 2809 unius

1380 2833 1523 2888 populi
1547 2833 1832 2887 compaginem
1852 2829 2162 2885 quodammodo
2178 2838 2264 2871 erat
2280 2830 2481 2880 conflata3
2506 2831 2621 2871 Grae-

1381 2911 1451 2936 cos
1487 2904 1655 2937 eatenus
1687 2895 1825 2936 dicere
1857 2895 2026 2946 licebat,
2069 2903 2270 2949 quatenus
2315 2893 2479 2936 foederis
2521 2897 2621 2935 Am-

1380 2959 1633 3014 phictyonici
1652 2960 1736 2999 sive
1752 2961 1819 2999 τοῦ
1833 2960 1964 2999 κοινοῦ
1983 2962 2059 2999 τῶν
2083 2956 2286 3008 Ἑλλήνων
2301 2957 2494 3011 συνεδρίου
2507 2965 2623 2997 erant

1381 3023 1497 3062 socii.
1523 3022 1539 3075 Η
1565 3046 1621 3053 —
1643 3021 1721 3062 καὶ
1752 3020 1775 3072 ἣ
1816 3020 1890 3062 ἐπὶ
1923 3020 2143 3077 θαλάττῃ
2172 3019 2265 3075 (vel
2286 3018 2310 3070 ἢ
2335 3019 2619 3073 ἐπιθαλασσία)

1380 3086 1506 3125 πᾶσα
1545 3084 1591 3125 ἐν
1629 3083 1837 3125 Ἑλλάδι
1869 3083 2045 3138 ὁμοίως
2082 3082 2218 3136 ἐστί]
2255 3080 2428 3122 Codex:
2469 3080 2532 3120 καὶ
2562 3080 2622 3120 ἐπὶ

1383 3146 1477 3188 οαλ“’
1502 3146 1516 3203 (
1532 3147 1622 3203 ¹sic)
1648 3148 1751 3188 πᾶσα
1789 3144 1952 3186 Ἑλλάδι
1986 3145 2130 3201 ὁμοίως
2167 3143 2261 3185 ἐστί.
2294 3143 2427 3184 Possis
2460 3143 2583 3182 etiam
2608 3156 2617 3182 :

1380 3211 1484 3250 πᾶσα
1520 3206 1683 3249 Ἑλλάδι
1706 3208 1842 3262 ὅμοιόν
1866 3207 1904 3248 τί
1927 3206 2006 3248 ἐστι
2037 3206 2101 3247 vel
2122 3205 2330 3261 ὁμοιωτέος
2363 3203 2442 3244 ἐστί
2474 3203 2537 3244 vel
2569 3205 2621 3244 si-

1381 3271 1478 3312 mile
1499 3271 1616 3326 quid.
1638 3270 1796 3311 Gailius
1818 3278 1858 3310 et
1890 3277 2105 3323 sequentes
2132 3267 2309 3308 editores
2333 3266 2583 3321 scripserunt
2607 3279 2618 3306 :

1381 3335 1447 3375 καὶ
1470 3334 1532 3376 ἐπὶ
1557 3334 1749 3374 θάλατταν
1776 3334 1900 3374 πᾶσαν
1945 3330 2108 3371 Ἑλλάδι
2145 3331 2281 3385 ὅμοιόν
2310 3328 2405 3380 ἐστι,
2445 3342 2536 3383 quae
2557 3328 2622 3368 vel

1382 3398 1646 3451 grammatice
1668 3396 1772 3436 male
1794 3395 1962 3435 habent.
1990 3394 2129 3434 Vertit
2150 3392 2390 3434 Clausenius
2415 3403 2426 3430 :
2459 3406 2474 3428 «
2490 3392 2622 3445 juxta

1383 3459 1519 3499 maria
1537 3473 1631 3499 vero
1650 3456 1787 3498 omnia
1807 3455 1976 3497 Groeciae
1988 3455 2227 3511 plerumque
2244 3451 2479 3495 similitudo
2497 3460 2573 3492 est.
2599 3471 2616 3487 n

1381 3521 1542 3564 Eodem
1574 3521 1701 3562 modo
1738 3520 1895 3561 Gailius
1926 3520 2221 3574 interpretatur
2256 3531 2267 3559 ι
2313 3536 2330 3553 u
2356 3517 2436 3557 Hic
2473 3514 2623 3556 desinit

1382 3585 1542 3627 Graecia
1559 3598 1646 3625 non
1670 3584 1916 3638 interrupta,
1941 3595 2033 3636 quae
2055 3581 2107 3622 ab
2129 3580 2350 3623 Ambracia
2372 3578 2619 3633 incipiebat;

1382 3647 1454 3688 sed
1483 3646 1595 3688 haud
1626 3646 1833 3686 immerito
1859 3644 1972 3685 dicas
1996 3658 2120 3685 omne
2142 3643 2226 3684 sere
2247 3643 2343 3684 litus
2364 3656 2442 3697 pro
2465 3641 2622 3682 Graecia

1382 3725 1513 3766 usque
1530 3709 1673 3750 haberi
1695 3723 1828 3764 posse.
1851 3707 2010 3749 Scilicet
2025 3721 2138 3748 nunc
2156 3707 2290 3761 agitur
2308 3705 2361 3745 de
2376 3712 2437 3744 tot
2458 3704 2621 3743 Graeco-

1382 3787 1476 3814 rum
1498 3772 1669 3813 coloniis
1694 3789 1730 3812 ».
1755 3771 1876 3811 Ultro
1907 3771 1995 3812 haec
2016 3784 2058 3810 se
2089 3768 2291 3810 sententia
2309 3765 2445 3814 offert,
2467 3763 2618 3811 sateor;

1382 3843 1563 3875 attamen
1593 3833 1704 3874 aliud
1735 3833 1911 3874 voluisse
1936 3840 2146 3873 auctorem
2162 3862 2173 3881 ,
2195 3829 2320 3884 idque
2339 3832 2618 3879 excerptorem

1384 3898 1447 3938 vel
1468 3897 1683 3951 obscurius
1709 3897 1900 3937 extulisse
1921 3896 1984 3936 vel
2002 3909 2150 3950 parum
2170 3899 2397 3934 assecutum
2418 3901 2503 3955 esse
2520 3899 2618 3940 pro-

1382 3961 1454 4001 bat
1472 3960 1695 4014 Dionysius
1718 3961 1734 4012 (
1754 3961 1835 4000 An.
1855 3960 1904 3999 31
1934 3972 2023 4012 sqq.
2044 3960 2059 4009 )
2078 3987 2089 4006 ,
2114 3969 2235 4009 quem
2253 3953 2499 4006 saepiusfjam
2523 3960 2619 3987 cum

1382 4024 1542 4065 Nostris
1558 4022 1822 4068 contulimus.
1838 4022 1909 4064 Ait
1930 4021 1995 4061 ille
2013 4034 2049 4060 v.
2071 4020 2145 4059 32:
2170 4015 2219 4057 '‘l-1
2236 4016 2268 4055 δ’
2293 4012 2435 4059 Ἑλλὰς
2457 4010 2532 4052 ἀπὸ
2551 4012 2618 4061 τῆς

2451 4092 2483 4122 4.
