2808 4342
514 29 560 77 Ο
827 76 829 78 ,

727 112 770 156 0

183 226 272 281 358
544 255 588 297 0

177 333 469 401 παραπομπὴν
487 336 544 386 ὣς
574 331 640 378 διὰ
672 330 806 394 φιλίης
834 325 937 372 ἰόντι
959 323 1114 384 ὀλίγην.
1184 322 1247 384 (8)·
1269 323 1346 387 Τῷ
1369 322 1413 368 δὲ

177 405 271 453 om
292 404 344 451 τὰ
369 406 443 459 τῆς
460 402 553 447 ὁδοῦ
576 403 648 454 τῆς
671 397 736 444 ἐπὶ
757 394 968 441 Θάλασσαν
993 391 1071 445 ἔξω
1088 389 1216 437 πόνου
1240 390 1414 451 ἐγένετο·

178 471 287 519 ἀλλὰ
307 468 621 530 συλλελεγμένοι
638 465 716 526 γὰρ
734 464 770 508 οἱ
787 460 929 524 κύκλῳ
959 459 1165 524 βᾶρὸαροι
1184 457 1238 506 τὰ
1261 458 1418 522 δρυμνὰ

176 543 249 598 τῆς
262 540 404 604 χώρης
420 542 492 594 τῆς
517 531 765 597 Καρμανίης
789 530 985 592 κατεῖχον
999 565 1012 587 ,
1033 529 1098 576 ὅτι
1129 527 1202 576 καὶ
1221 531 1243 575 ὁ
1266 528 1417 593 σατρά-

52 615 62 623 ”
136 628 157 659 5
176 628 258 668 πης
281 609 440 656 αὐτοῖσι
459 601 742 660 τετελευτῆκει
760 599 871 648 κατὰ
888 598 1112 664 πρόσταξιν
1131 598 1416 662 Ἀλεξάνδρου,

51 666 57 672 “
179 681 203 726 ὁ
234 677 278 725 δὲ
313 674 457 723 νεωστὶ
495 670 763 730 κατεστηκὼς
797 670 1074 730 Τληπόλεμος
1099 668 1215 717 οὔπω
1252 669 1419 733 βίὸαιον

176 746 223 795 τὸ
236 745 382 808 κράτος
394 734 498 806 εἶχε.
570 742 623 804 (ν)
642 740 727 789 Καὶ
751 740 809 794 δὶς
824 731 883 786 ὧν
902 739 974 787 καὶ
988 739 1074 804 τρὶς
1089 742 1141 804 τῇ
1159 742 1264 803 αὐτῇ
1283 739 1419 802 ἡμέρῃ

178 815 338 861 ἄλλοισι
360 811 431 857 καὶ
455 810 618 858 ἄλλοισι
641 812 722 856 τῶν
740 809 963 874 βαρὸάρων
986 806 1358 874 ἐπιφαινομένοισιν
1382 807 1422 860 ἐς

175 885 319 946 χεῖρας
345 880 487 943 ᾔεσαν·
510 880 583 926 καὶ
617 878 748 933 οὕτως
782 879 897 926 οὐδέν
932 898 972 924 τι
1008 877 1266 930 ἐλινύσαντες
1304 877 1422 938 μόλις

116 973 156 1004 10
178 952 247 1000 καὶ
280 953 476 1014 χαλεπῶς
506 949 574 998 ἐπὶ
605 949 820 996 Θάλασσαν
853 948 1147 1005 ἀπεσώθησαν.
1215 947 1421 994 Ἐνταῦθα

54 1016 57 1017 ⁷
177 1019 263 1067 θύει
290 1020 482 1083 Νέαρχος
504 1020 573 1068 Διὶ
597 1021 766 1083 Σωτῆρι
785 1019 856 1065 καὶ
889 1020 1030 1079 ἀγῶνα
1051 1016 1181 1063 ποιέει
1203 1016 1417 1078 γυμνικόν.

241 1092 476 1138 XXXVII.
513 1089 593 1142 Ὡς
616 1087 659 1134 δὲ
679 1088 792 1151 αὖτῷ
807 1086 860 1133 τὰ
875 1087 964 1133 θεῖα
984 1088 1025 1132 ἐν
1042 1086 1188 1148 κόσμῳ
1206 1086 1422 1143 πεποίητο,

179 1157 286 1205 οὕτω
303 1157 355 1214 δὴ
379 1157 598 1220 ἀνήγοντο.
670 1155 1038 1220 Παραπλώσαντὶς
1060 1154 1103 1202 δὲ
1122 1159 1245 1212 νῆσον
1262 1155 1422 1219 ἐρήμην

179 1246 224 1274 τε
245 1227 315 1274 καὶ
328 1228 508 1290 τρηχέην
527 1229 569 1273 ἐν
586 1226 692 1288 ἄλλῃ
705 1225 819 1290 νήσῳ
836 1225 1090 1287 ὁρμίζονται,
1112 1226 1274 1287 μεγάλῃ
1292 1224 1423 1287 ταύτῃ

55 1354 59 1357 ,
121 1316 159 1347 15
181 1297 253 1343 καὶ
267 1296 495 1359 οἰκεομένῃ,
508 1296 946 1354 πλώσαντεςσταδίους
955 1294 1226 1358 τριηκοσίους,
1235 1293 1424 1357 ἔνθενπερ

182 1367 453 1429 ὡρμήθησαν.
521 1364 579 1427 (2)
596 1363 682 1411 Καὶ
698 1367 724 1419 ἡ
740 1362 814 1423 μὲν
831 1363 967 1426 ἐρήμη
979 1366 1100 1419 νῆσος
1120 1362 1307 1425 Ὀργοὶνα
1332 1366 1424 1409 ἐκα-

181 1523 239 1532 -
255 1513 294 1542 1.
314 1499 366 1548 ὡς
380 1514 467 1541 om.
482 1498 614 1540 codex
628 1497 878 1552 Bodlejanus
896 1505 937 1538 et
964 1496 1093 1538 editio
1117 1498 1279 1538 Veneta
1300 1506 1341 1538 et
1356 1499 1432 1538 Ba-

183 1561 364 1604 sileensis
407 1563 423 1614 ΙΙ
449 1586 506 1593 -
529 1555 970 1614 5.’τετελευτήκει]
998 1577 1015 1597 α
1039 1558 1105 1600 Cf.
1126 1559 1293 1600 Arrian.
1321 1561 1428 1615 Exp.

182 1623 282 1675 VH,
304 1637 373 1678 ²7·
392 1623 599 1678 Sibyrtius
613 1622 842 1664 Carmaniae
856 1630 1018 1677 satrapa
1035 1629 1124 1663 erat
1138 1635 1272 1677 nuper
1286 1621 1431 1663 admo-

182 1683 285 1726 dum
306 1684 348 1726 id
369 1686 552 1726 muneris
575 1684 629 1726 ab
653 1682 891 1726 Alexandro
916 1691 1178 1724 consecutus.
1198 1684 1308 1724 Tum
1336 1698 1432 1725 vcro

184 1747 489 1790 Arachotarum
523 1756 565 1789 et
587 1746 875 1789 Gadrosorum
900 1747 1123 1801 imperium
1147 1746 1203 1786 illi
1238 1746 1431 1787 collatum

184 1818 260 1852 est.
281 1811 545 1852 Carmaniam
575 1825 673 1852 vero
694 1810 974 1866 Tlepolemus,
997 1809 1282 1864 Pythophanis
1301 1809 1430 1859 filius,

184 1872 358 1928 aceepit.
398 1891 414 1910 ι
448 1873 586 1914 Scau.
617 1872 634 1926 ΙΙ
654 1895 710 1902 -
732 1886 774 1926 7.
797 1874 846 1927 τῇ
873 1870 969 1927 αὐτῇ
991 1871 1159 1921 ABCD;
1185 1884 1263 1924 vgo
1282 1873 1331 1928 τῇ
1345 1885 1430 1912 om.

190 1934 210 1990 ΙΙ
232 1957 290 1967 -
310 1950 353 1989 9.
389 1932 492 1975 οὕτω
513 1934 637 1975 BCD.
669 1934 686 1987 ΙΙ
710 1957 767 1964 -
790 1946 854 1975 10.
892 1932 1147 1985 ἀπεσώθησαν
1171 1933 1299 1984 ABC;
1325 1931 1429 1975 ἐπεσ.

186 1997 254 2048 D;
272 1995 472 2050 ἐσώθησαν
492 1998 543 2038 L.

244 2060 468 2111 XXXVII,
491 2059 556 2101 13.
579 2056 627 2110 δὴ
645 2061 732 2110 νῆσ.
751 2060 801 2100 L.
828 2059 844 2113 ΙΙ
859 2081 916 2090 --
936 2062 1000 2101 16.
1018 2057 1044 2111 ἡ
1059 2057 1181 2114 μὲν...
1199 2058 1434 2115 ὡρμήθησαν

188 2135 276 2164 om.
302 2122 349 2164 C.
373 2122 390 2176 ss
409 2145 466 2153 —
490 2120 708 2177 Ὀργάνα
731 2121 746 2176 ]
771 2119 950 2175 Ὄργανα
968 2122 1029 2171 A;
1059 2118 1233 2176 Ὀργάνα
1252 2121 1436 2176 praebent

188 2184 313 2226 etiam
332 2183 495 2225 oodioae
513 2183 724 2225 Ptolemaei
739 2184 816 2232 VI,
835 2198 859 2236 7
880 2197 923 2237 p.
943 2185 1041 2232 412,
1065 2196 1319 2237 quamquam
1336 2184 1370 2224 is
1385 2182 1437 2224 de

189 2246 273 2288 situ
286 2244 428 2287 insulae
442 2244 563 2299 longe
582 2244 700 2286 aliter
718 2244 876 2285 statuit.
894 2243 1060 2285 Etenim
1079 2258 1210 2299 quum
1230 2243 1340 2300 apud
1358 2247 1437 2287 Ar-

189 2308 355 2350 rianum
380 2306 554 2363 Ὀργάνα
586 2307 638 2348 sit
663 2305 797 2347 insula
818 2304 871 2346 ad
905 2319 988 2348 200
1014 2304 1144 2347 stadia
1166 2320 1190 2347 a
1222 2305 1371 2347 Minab
1392 2307 1435 2348 ss.

190 2370 361 2423 distans,
378 2383 471 2426 qnae
489 2369 652 2411 arabice
667 2368 766 2411 olim
788 2368 1014 2410 vocabatur
1026 2369 1184 2424 Djerun
1202 2382 1277 2410 seu
1291 2371 1433 2420 let-un,

189 2434 294 2485 sive‚-
305 2442 353 2475 ut
369 2432 558 2475 nonnulli
573 2432 775 2483 scribunt,
789 2435 940 2481 Ger-un,
957 2430 1054 2472 inde
1065 2440 1205 2473 autem
1220 2433 1355 2473 aXIII
1365 2447 1438 2474 sae·

190 2496 284 2538 culo
309 2499 462 2537 Ormuz
479 2494 745 2536 denominata
770 2503 859 2536 est:
886 2494 1130 2536 Ptolemaeus
1150 2496 1359 2549 Organam
1376 2497 1439 2536 in·

191 2567 255 2601 ter
269 2558 432 2601 Arabiae
450 2557 602 2599 insulas
613 2559 731 2614 ponit
748 2558 789 2598 in
806 2559 975 2599 Oceano
987 2560 1082 2612 (92⁰
1094 2557 1226 2612 long„
1243 2560 1314 2612 19⁰
1328 2557 1436 2612 lat.)‚

192 2622 296 2664 adeo
318 2631 365 2664 ut
385 2637 410 2664 a
434 2621 621 2678 Carpella
649 2622 880 2663 Carmaniae
908 2622 1198 2677 promontorio
1223 2620 1438 2662 meridiem

193 2698 335 2725 versus
370 2698 481 2726 2000
514 2682 656 2725 stadiis
689 2682 828 2725 distet.
859 2683 1019 2725 Eodem
1050 2682 1179 2724 modo
1207 2687 1444 2725 statuerunt

194 2746 357 2797 Strabo,
385 2748 557 2799 Plinius,
575 2747 667 2799 alii,
691 2748 769 2788 nisi
793 2747 907 2803 quod
932 2762 1058 2803 quam
1080 2749 1290 2802 Organam
1305 2747 1440 2788 Ptole-

195 2821 323 2849 maeus
343 2807 459 2859 dicit,
488 2811 646 2865 Ogyrin
663 2819 826 2861 vocant,
856 2811 897 2851 in
922 2824 1007 2866 quo
1030 2811 1199 2852 nomine
1218 2811 1439 2865 genuinam

195 2883 338 2912 vocem
373 2874 498 2911 lerun
523 2872 647 2912 etiam
684 2872 832 2912 clarius
869 2872 962 2913 licet
1002 2887 1237 2927 agnoscere.
1275 2874 1440 2914 Etenim

195 2931 345 2975 Strabo
362 2946 406 2989 p.
432 2936 513 2987 766
534 2933 588 2973 ita
616 2933 741 2974 habet
767 2947 776 2973 :
805 2933 909 2974 Ἀπὸ
939 2933 979 2973 δὲ
1012 2937 1079 2985 τῆς
1103 2934 1322 2989 Καρμανίας
1345 2934 1443 2989 alpri-

195 3009 287 3038 κασι
317 2996 383 3036 καὶ
413 2994 446 3036 Ν
459 2995 475 3036 ί
487 3009 639 3050 αρχος
670 2994 736 3035 καὶ
777 2993 829 3034 'O
842 2991 892 3048 ρὈ
908 2995 999 3049 αγό
1013 3010 1033 3049 ρ
1045 3011 1068 3035 α
1082 3012 1098 3043 ς
1125 2998 1242 3047 νῆσον
1280 2996 1441 3052 Ὦγυριν

196 3059 213 3111 (
230 3057 418 3113 Τυρρίνην
437 3065 478 3098 et
491 3056 656 3112 Τυρίνην
676 3055 719 3097 h.
742 3055 771 3098 l.
796 3054 940 3105 codd..
960 3055 1031 3097 sed
1047 3056 1186 3112 paullo
1206 3065 1298 3111 post
1319 3057 1441 3113 Ὠγυ-

198 3134 255 3176 ριν
270 3121 289 3175 )
303 3119 455 3161 κεῖσθαι
472 3117 565 3175 πρὸς
579 3119 693 3160 νότον
709 3117 900 3175 πελαγίαν
918 3116 957 3159 ἔν
976 3117 1182 3173 δισχιλίοις
1199 3118 1381 3170 σταδίοις,
1405 3119 1442 3161 ἐν

196 3177 221 3239 ᾖ
243 3181 360 3238 τάφος
388 3179 556 3238 Ἐρῦθρα
571 3180 779 3232 δείκνυται,
798 3185 918 3238 χῶμα
942 3181 1041 3237 μίγα
1060 3179 1208 3237 ἀγρίοις
1225 3180 1362 3237 φοίνιξι
1379 3197 1445 3222 κα-

197 3245 376 3301 τάφυτον·
416 3246 556 3286 τοῦτον
577 3243 618 3286 δὶ
651 3243 876 3300 βασιλεῦσαι
894 3248 971 3286 τῶν
994 3244 1124 3286 τόπων
1143 3243 1209 3286 καὶ
1229 3242 1294 3285 ἀπ’
1330 3242 1444 3285 αὐτοῦ

199 3306 271 3360 τὴν
294 3306 489 3349 θάλατταν
525 3305 729 3364 ἐπώνυμον
764 3306 1015 3349 καταλιπεῖν·
1047 3305 1221 3360 δηλῶσαι
1257 3304 1298 3347 δὶ
1326 3307 1446 3348 ταῦτά

199 3386 313 3426 φησιν
334 3369 464 3418 αὐτοῖς
487 3369 776 3426 Μιθρωπάστην
803 3370 870 3412 τὸν
900 3369 1070 3426 Ἀρσίτου
1092 3372 1161 3411 τοῦ
1186 3367 1359 3425 Φρυγίας
1378 3384 1445 3411 σα·

200 3435 360 3489 τρόπου,
394 3434 567 3490 φυγόντα
582 3432 649 3475 τὸν
667 3433 846 3490 Δαρεῖον,
871 3432 1120 3490 διατρίψαντα
1137 3431 1172 3472 δ’
1193 3430 1233 3474 ἰν
1252 3434 1303 3489 τῇ
1322 3431 1443 3490 νήσῳ,

202 3495 498 3605 ἰὲῗξῗξῗῖαἷὶ
516 3495 646 3602 αὲἶίἓς
663 3512 735 3599 ²⁰33
738 3497 917 3578 ‘3105322
934 3494 986 3599 ‘³1‘
1006 3495 1085 3611 ἷῗιῖ
1093 3493 1282 3600 Ἰῖῒιὲῗ”
1299 3495 1449 3611 ’ὀέἷῗῖ

320 3574 343 3609 η
370 3574 436 3600 ουν
462 3574 487 3599 α
515 3576 538 3601 κ
636 3574 681 3601 ον
730 3575 742 3599 ι
785 3574 909 3601 αυτων
941 3574 993 3607 ες
1410 3573 1434 3600 σ

203 3618 239 3659 δ’
263 3618 287 3659 ὁ
303 3618 478 3674 Νέαρχος
500 3621 567 3661 τδν
584 3621 871 3677 Μιθρωπάστην
892 3619 1070 3676 ἐντυχεῖν
1086 3618 1217 3670 αὗτοῖς
1241 3618 1338 3677 μετὰ
1359 3619 1447 3662 Μα-

90 3737 93 3740 ι
204 3680 338 3734 ζήνου·
360 3680 428 3722 τὸν
463 3680 504 3722 δὲ
525 3682 715 3736 Μαζήνην
738 3683 919 3740 ἐπάρχειν
946 3682 1065 3736 νήσου
1101 3682 1205 3733 τινὸς
1222 3686 1298 3726 τῶν
1330 3681 1371 3725 iv
1389 3686 1448 3740 τῷ

182 3741 384 3800 -Περσικῷ
404 3741 555 3799 κόλπῳ·
588 3744 793 3787 καλεῖσθαι
815 3746 856 3788 δὲ
878 3744 948 3798 τὴν
983 3749 1102 3799 νῆσον
1125 3747 1311 3803 Δώρακτα
1334 3744 1446 3803 (leg.

212 3804 436 3863 Ἀὧρακταῒ
453 3807 487 3861 )·
515 3804 568 3854 εἰς
588 3807 728 3859 ταύτην
746 3808 786 3849 δὲ
815 3808 882 3850 τὸν
898 3809 1186 3865 Μιθρωπάστην
1211 3808 1450 3865 καταφυγόν·

207 3882 256 3910 τα
270 3865 391 3916 ξενίας
408 3869 544 3923 τυχεῖν
566 3867 665 3910 κατὰ
685 3867 754 3920 τὴν
779 3868 815 3917 ἔξ
843 3869 1022 3926 Ὠγῦριος
1043 3871 1258 3928 γενομένην
1287 3870 1446 3927 ἄφοδον,

208 3930 275 3972 καὶ
300 3928 348 3982 δὴ
376 3931 441 3972 καὶ
463 3931 662 3973 συνελθεῖν
690 3937 745 3989 τῷ
762 3933 928 3990 Μαζήνῃ
947 3935 1285 3991 συσταθησόμενον
1309 3936 1391 3983 τοῖς
1408 3933 1447 3976 ἰν

209 3996 269 4048 τῷ
299 3993 431 4050 στόλῳ
461 3993 686 4046 Μακεδόσι,
715 3994 783 4036 τὸν
816 3994 857 4036 δὶ
890 3995 1080 4049 Μαζήνην
1104 3996 1171 4038 καὶ
1195 3995 1446 4052 καθηγεμόνα

212 4057 280 4096 τοῦ
296 4054 396 4097 πλοῦ
428 4057 619 4112 γενέσθαι.
642 4056 798 4100 Plinius
827 4058 903 4109 vl,
942 4059 1010 4110 32,
1046 4061 1069 4113 ς
1100 4059 1176 4101 153
1201 4072 1210 4100 ε
1234 4058 1382 4101 Insula
1405 4057 1447 4099 in

1321 217 1581 267 Annum

1486 328 1640 385 quippe
1649 327 1986 399 cuiperamieam
1999 330 2209 402 regionem
2226 330 2413 373 eundum
2428 340 2547 374 esset.
2580 333 2645 388 (8)
2658 325 2781 405 0⁸4,
2803 344 2808 357 ³

1488 398 1627 432 terum
1650 403 1786 444 neque
1810 403 1899 445 ipsa
1927 388 1981 431 ad
2009 397 2124 433 marb
2150 392 2354 448 profectio
2374 394 2564 436 Nearcho
2587 404 2775 454 expet-q„>

1486 451 1641 494 laboris
1669 450 1763 494 suit.
1823 451 1993 493 Collecti
2023 452 2137 493 enim
2157 450 2436 512 undequaque
2458 456 2622 499 barbari
2645 454 2758 510 tuta,¹

1488 515 1731 570 munitaque
1750 514 1982 556 Carmaniae
2003 513 2091 556 loca
2113 523 2382 570 occuparant.
2438 518 2547 560 Nam
2570 526 2734 575 satrapa
2766 555 2767 558 ,

1487 590 1635 619 eorum
1659 574 1781 631 jussu
1808 576 2034 619 Alexandri
2068 589 2212 618 curam
2233 577 2420 619 muneris
2448 580 2513 622 aui
2545 580 2732 633 finierat,

1486 641 1750 699 Tlepolemus
1761 650 1915 693 autem,
1933 643 2006 698 qui
2020 656 2163 683 recens
2182 650 2435 699 satrapatum
2453 644 2617 696 inierat,
2635 660 2738 688 non·

1488 702 1591 747 dum
1608 704 1777 747 firmum
1794 706 2015 761 imperium
2030 712 2175 747 nactus
2196 713 2297 747 erat.
2360 706 2425 760 (9)
2442 706 2512 748 Bis
2529 708 2667 764 itaque
2688 724 2737 750 ac
2800 727 2808 762 ’ς

1489 778 1553 812 ter
1574 784 1660 813 uno
1681 779 1806 827 atque
1823 770 1971 812 eodem
1990 770 2081 823 die,
2102 770 2275 813 diversis
2296 772 2339 813 in
2355 785 2452 813 eum
2473 771 2660 815 barbaris
2681 774 2737 815 ir·
2803 775 2808 806 i

1491 837 1724 888 ruentibus,
1741 836 2015 894 pugnandum
2033 836 2125 879 suit.
2186 840 2322 894 Atque
2338 839 2393 879 ita
2408 837 2513 879 nihil
2531 846 2740 881 morantes

1490 917 1597 958 aegre
1617 903 1786 945 tandem
1809 918 1856 945 ac
1875 903 2099 946 difficulter
2116 903 2169 946 ad
2186 918 2298 947 mare
2317 904 2415 947 salvi
2439 913 2733 962 pervenerunt.
2777 918 2786 946 1.

1490 965 1561 1071 'Ib‘ii
1573 965 1786 1072 Negcgius
1804 966 1899 1007 ,Iovi
1917 966 2123 1009 Servatori
2146 980 2309 1009 sacrum
2330 966 2426 1010 facit
2444 968 2742 1024 gymnicosque

1507 1044 1534 1071 u
1565 1046 1611 1073 os
1682 1032 1692 1072 i
1727 1032 1772 1072 it.

1547 1099 1771 1139 XXXVII.
1805 1097 1943 1139 Rebus
1963 1098 2101 1153 itaque
2115 1097 2267 1139 divinis
2285 1099 2362 1140 rite
2380 1100 2571 1155 peractis,
2597 1099 2741 1142 denuo
2798 1142 2800 1147 ,

1493 1163 1717 1206 solverunt.
1780 1163 1963 1205 Insulam
1994 1162 2198 1205 doeertam
2223 1171 2348 1219 atque
2369 1178 2553 1221 asperam
2576 1173 2742 1222 praeter·
2800 1178 2808 1226 ξ

1495 1231 1598 1271 vecti
1630 1229 1683 1271 ad
1713 1229 1834 1271 aliam
1869 1229 2069 1281 insulam,
2105 1228 2304 1284 grandem
2335 1237 2460 1286 atque
2488 1229 2738 1282 habitatam,
2798 1231 2808 1272 i

1493 1296 1719 1353 appellunt,
1750 1304 1933 1338 trecenta
1947 1296 2078 1338 stadia
2100 1296 2255 1337 emensi
2276 1296 2328 1337 ab
2343 1310 2393 1337 co
2412 1295 2526 1348 loco,
2551 1295 2666 1339 unde
2677 1296 2742 1339 di·
2781 1317 2789 1347 f

1496 1363 1620 1418 gressi
1647 1371 1780 1404 erant.
1841 1365 1906 1417 (2)
1929 1364 2101 1403 Deserta
2119 1361 2185 1403 illa
2208 1361 2341 1403 insula
2373 1363 2539 1416 Organa
2572 1361 2745 1404 vocaba-
2779 1400 2782 1403 Α

1496 1497 1584 1538 alto
1619 1497 1779 1552 objacet
1815 1496 1980 1551 Ogyris,
2015 1495 2131 1537 clara
2152 1495 2335 1550 Erythra
2365 1510 2452 1549 rege
2472 1495 2532 1536 ibi
2555 1495 2742 1552 sepulto,·
2802 1534 2808 1541 ,

1496 1559 1632 1601 distat
1650 1574 1678 1600 a
1695 1558 1924 1601 continente
1951 1561 2062 1602 CXX
2072 1558 2161 1600 mil.
2173 1574 2242 1615 p.,
2259 1557 2439 1599 circuitu
2467 1560 2589 1599 CXII
2601 1560 2665 1599 M.
2688 1573 2738 1615 p.
2804 1552 2808 1605 J

1498 1622 1723 1678 Dionysius
1744 1622 1903 1675 Perieg.
1933 1625 2013 1662 606
2033 1633 2043 1660 :
2067 1619 2181 1660 Ἔστι
2210 1620 2251 1660 δέ
2280 1634 2339 1660 τοι
2354 1619 2525 1675 προτέρω
2547 1619 2741 1676 Καρμανί-

1497 1685 1562 1733 δος
1588 1683 1743 1726 ἔκτοθεν
1786 1684 1903 1739 ἄκρης
1939 1682 2121 1738 Ὤγυρις·
2148 1681 2241 1722 ἔνθα
2281 1681 2321 1722 δὲ
2344 1682 2486 1736 τύμὸος
2518 1680 2743 1737 Ἐρυθραίου

1500 1746 1684 1802 βασιλῆος
1715 1746 1814 1803 (Cf.
1848 1746 2039 1787 Eustath.
2074 1743 2127 1785 ad
2162 1744 2205 1786 h.
2228 1743 2254 1784 l.
2292 1747 2325 1797 ).
2355 1742 2484 1784 Vides
2503 1743 2592 1785 haec
2611 1743 2742 1786 aliena

1496 1823 1665 1865 prorsus
1704 1824 1791 1850 esse
1812 1823 1837 1850 a
1869 1817 2010 1849 nostro
2033 1806 2245 1857 Nearcho,
2280 1806 2321 1846 in
2344 1820 2428 1862 quo
2459 1814 2570 1848 recte
2602 1805 2743 1849 omnia

1497 1871 1747 1927 procedunt.
1771 1869 1917 1926 Pejora
1944 1869 2108 1911 dederit
2136 1869 2404 1924 Orthagoras.
2439 1868 2567 1923 Quod
2597 1870 2744 1912 attinet

1500 1947 1611 1976 2000
1626 1932 1780 1986 stadia,
1812 1932 1965 1988 quibus
2005 1933 2155 1987 Ogyris
2179 1947 2202 1973 a
2221 1932 2441 1974 Carmania
2461 1931 2613 1974 distare
2631 1932 2743 1989 apud

1498 1996 1743 2037 Strabonem
1763 2003 1805 2037 et
1822 1994 2004 2036 Plinium
2023 1993 2192 2045 dicitur,
2232 2002 2293 2035 tot
2321 1994 2405 2036 sere
2438 1994 2649 2037 Nearchus
2668 2009 2747 2038 nu·
2798 1995 2808 2024 ἕ

1499 2073 1676 2100 merasse
1702 2058 1826 2100 debet
1847 2058 1900 2099 ab
1937 2058 2055 2098 initio
2078 2058 2307 2098 Carmaniae
2325 2056 2377 2098 ad
2400 2058 2631 2112 Organam;
2651 2071 2745 2115 quae

1500 2135 1663 2177 quuma
1678 2119 1779 2162 Badi
1791 2120 1960 2162 boream
1978 2133 2119 2160 versus
2137 2120 2407 2175 pertinerent,
2429 2119 2495 2160 alii
2508 2120 2744 2175 nescioquo

1500 2182 1617 2239 lapsu
1638 2182 1853 2225 meridiem
1885 2196 2026 2224 versus
2054 2190 2313 2239 computasse
2343 2180 2556 2233 videntur,
2578 2189 2624 2223 ut
2645 2195 2744 2238 pro·
2800 2223 2808 2226 -

1501 2245 1693 2287 habiliter
1728 2245 1871 2286 statuit
1886 2243 2158 2286 '‘Gosselinus.
2182 2268 2238 2275 —
2263 2245 2395 2285 Porro
2426 2243 2616 2301 Erythra
2636 2244 2744 2300 regis

1500 2307 1736 2363 sepulcrum
1755 2322 1837 2349 sec.
1850 2306 2088 2348 Nearchum
2101 2321 2186 2348 non
2209 2307 2251 2347 in
2271 2306 2399 2362 Ogyri
2419 2307 2497 2348 ins.
2514 2315 2591 2359 est,
2610 2306 2684 2349 sed
2701 2308 2744 2349 in

1501 2373 1677 2413 Oaracta
1703 2369 1837 2412 insula
1867 2370 2074 2427 proxima,
2100 2370 2143 2411 in
2174 2369 2291 2425 cujus
2324 2369 2459 2411 solum
2495 2368 2625 2412 fertile
2645 2383 2744 2426 qua·

1501 2432 1624 2475 drant
1639 2433 1839 2489 palmeta,
1871 2447 1956 2474 non
1983 2433 2082 2474 item
2102 2434 2143 2474 in
2164 2433 2320 2488 Ogyrin
2345 2431 2521 2474 insulam
2538 2445 2741 2475 saxosam.

1503 2494 1827 2550 Agatharchides
1845 2509 2012 2551 quoque
2026 2508 2157 2550 quum
2177 2494 2400 2550 Erythram
2417 2508 2556 2550 regem
2572 2494 2746 2536 insulam

1503 2558 1653 2599 eximie
1680 2556 1900 2600 fecundam
1924 2556 2097 2599 coluisse
2123 2556 2286 2609 referat,
2311 2556 2478 2599 nonnisi
2501 2554 2555 2599 de
2572 2558 2748 2600 Oaracta

1503 2622 1684 2676 cogitare
1701 2622 1854 2677 potuit.
1874 2621 2064 2676 Denique
2082 2634 2173 2675 quae
2191 2618 2244 2661 de
2261 2618 2421 2661 ambitu
2437 2619 2587 2676 Ogyris
2604 2618 2748 2661 insuloe
2800 2638 2808 2643 -

1503 2683 1661 2726 Plinius
1679 2683 1826 2734 hahet,
1854 2683 1907 2724 ab
1927 2682 2028 2724 hod.
2070 2684 2222 2724 Ormuz
2249 2695 2419 2738 prorsus
2440 2680 2682 2734 abhorrent,
2707 2689 2749 2723 et
2791 2663 2808 2723 ’ἶ

1503 2744 1556 2787 ad
1592 2744 1893 2800 longitudinem
1930 2746 2116 2786 Oaracta!
2154 2742 2369 2786 referenda
2403 2751 2523 2795 sunt,
2565 2741 2670 2785 adeo
2701 2753 2757 2786 ut·
2801 2774 2808 2801 ,...

1503 2808 1682 2851 duarum
1698 2808 1923 2850 insularum
1942 2808 2143 2849 memoria
2169 2816 2323 2850 temere
2342 2808 2577 2850 misceatur.
2598 2809 2749 2864 Super·
2796 2807 2808 2836 '⁴'-

1504 2879 1565 2913 ωε
1587 2879 1635 2913 ut
1656 2869 1858 2912 addamus
1882 2870 2116 2911 testimonia
2141 2870 2279 2911 minus
2301 2868 2467 2911 diserta.
2489 2868 2596 2911 Mela
2618 2870 2696 2920 m,
2721 2871 2747 2912 8

1506 2934 1563 2976 ita
1596 2933 1721 2975 habet
1742 2946 1752 2974 ε
1774 2935 1964 2975 Frontem
1993 2947 2083 2989 quoe
2107 2931 2215 2974 inter
2242 2931 2353 2974 ostia
2389 2931 2530 2989 (sinus
2553 2931 2705 2975 Persici
2730 2931 2745 2988 )
2791 2926 2808 3012 Ξ.

1505 2995 1740 3038 ostenditur
1768 2995 1887 3036 silvoe
1915 3004 2134 3051 cautesque
2163 3004 2425 3052 exasperant.
2455 2994 2630 3051 Aliquot
2648 3003 2748 3036 sunt
2791 2999 2808 3055 ι,

1508 3058 1549 3099 in
1569 3057 1700 3099 medio
1724 3057 1868 3099 imuloe
1886 3057 2005 3107 εἰπε,-
2036 3057 2199 3112 Ogyris,
2219 3056 2331 3114 quod
2347 3056 2389 3098 in
2411 3070 2458 3097 ea
2476 3054 2666 3111 Erythra
2685 3070 2747 3097 rr·

1502 3120 1570 3173 gis
1597 3122 1886 3162 monimentum
1914 3130 1990 3170 cst,
2013 3120 2145 3173 magis
2159 3119 2274 3161 clam
2295 3133 2419 3175 quam
2437 3126 2591 3160 ceteroe.
2613 3118 2654 3159 Is
2676 3118 2748 3173 igi·
2782 3108 2808 3166 ⁶}-

1508 3189 1576 3223 tur
1601 3183 1642 3223 in
1676 3183 1804 3224 altum
1836 3197 2035 3223 occanum
2059 3180 2223 3236 ejecisse
2255 3180 2429 3222 insulam
2453 3193 2538 3222 non
2568 3177 2744 3223 videtur.
2799 3204 2808 3219 ι

1508 3245 1676 3286 Curtius
1713 3258 1879 3299 quoquc
1913 3244 2100 3299 Erythrae
2123 3242 2314 3293 insulam,
2339 3241 2457 3298 cujus
2476 3255 2629 3285 nomen
2661 3256 2746 3284 non

1508 3307 1701 3363 apponit,
1719 3307 1996 3362 propinquam
2020 3306 2248 3347 continenti
2267 3304 2362 3346 facit
2374 3306 2430 3356 X,
2454 3318 2480 3346 α
2499 3317 2510 3346 1
2535 3318 2620 3346 esse
2636 3303 2752 3346 haud

1504 3369 1654 3426 procu!
1669 3384 1696 3410 a
1711 3369 1938 3411 continenti
1969 3368 2146 3409 insulam
2173 3367 2330 3424 palmis
2347 3365 2639 3424 frequentibus
2653 3381 2749 3409 con-

1507 3431 1651 3480 sitam,
1687 3442 1726 3472 et
1762 3432 1804 3473 in
1839 3430 1969 3472 medio
1994 3430 2088 3483 scre
2122 3445 2277 3472 nemore
2311 3429 2540 3472 columnam
2564 3429 2747 3480 emirum.

1509 3493 1682 3548 Erythri
1694 3494 1801 3546 regis
1810 3502 2108 3535 monumentum
2115 3525 2124 3542 ‚
2141 3491 2274 3535 literis
2281 3492 2418 3546 gentis
2432 3494 2519 3549 ejus
2529 3491 2746 3550 scriptam.

1510 3558 1701 3599 Attamen
1725 3556 1811 3597 hoec
1833 3556 1958 3598 ctiam
1980 3554 2031 3597 ad
2051 3555 2170 3597 aliam
2205 3555 2393 3611 quamvis
2427 3554 2600 3597 insulam
2623 3555 2750 3611 perti-

1510 3633 1608 3661 nere
1626 3627 1816 3675 possunt.
1834 3619 2067 3675 Stephanus
2081 3617 2184 3660 nihil
2200 3618 2277 3660 nisi
2299 3617 2388 3660 haec
2410 3630 2420 3659 :
2441 3617 2615 3674 Ὦγυρις,
2637 3620 2751 3670 νῆσος

1511 3681 1550 3723 ἔν
1564 3684 1612 3738 τῇ
1625 3680 1789 3738 Ἐρυθρᾷ
1804 3681 1996 3739 θαλάσσῃ.
2007 3679 2177 3737 Majoris
2190 3681 2390 3723 momenti
2407 3688 2468 3723 est
2482 3679 2751 3736 Geograplms

1512 3747 1766 3787 Ravennates
1778 3746 1848 3801 qui
1860 3746 2018 3802 Ogyrin
2033 3743 2186 3787 diserte
2198 3742 2379 3786 vindicat
2389 3742 2497 3798 celso
2511 3741 2690 3793 Persico,
2708 3743 2749 3784 in
2772 3793 2778 3797 ,.
2802 3791 2808 3800 ι

1511 3823 1595 3864 quo
1614 3822 1625 3851 ε
1650 3808 1804 3862 Ogiris,
1835 3808 2007 3850 Oraclen
2027 3807 2199 3865 (Omcla
2217 3806 2361 3860 Plin.),
2380 3804 2641 3855 Due-cadem,
2668 3807 2750 3847 Ra·
2771 3823 2775 3866 j

1512 3872 1621 3920 chos,
1637 3870 1808 3923 orgina.
1827 3873 1876 3912 In
1892 3871 1956 3912 his
1971 3869 2112 3923 Ogiris
2122 3877 2163 3912 et
2176 3868 2334 3922 Orgina
2348 3882 2435 3910 esse
2443 3865 2752 3922 videnturejun-

1515 3933 1609 3974 dem
1628 3934 1767 3975 insnlae
1782 3934 1950 3974 nomina
1963 3933 2141 3989 (Ὤγυρις
2153 3940 2193 3974 ct
2211 3930 2401 3987 Ὄργανα)
2419 3929 2523 3972 male
2534 3928 2748 3978 distinctas
2775 3925 2808 3985 ζ,

1518 3997 1614 4037 item
1638 3997 1725 4037 lieri
1743 4004 1879 4052 potest
1904 4004 1950 4036 ut
1971 3995 2141 4037 omclea
2174 4003 2215 4036 et
2237 3992 2483 4036 Durcadena
2508 3990 2560 4033 ad
2578 3988 2749 4033 eandem
2803 4028 2808 4034 „

1519 4058 1692 4100 insulam
1717 4060 1964 4115 pertineant,
1999 4071 2091 4113 quae
2118 4056 2313 4113 Ὀαράκτα
2337 4054 2539 4105 Arriano,
2568 4053 2751 4108 Δώρακτα
2798 4072 2808 4087 1
