2782 4348
502 0 553 37 U
817 34 821 37 ,

716 70 761 115 0

169 171 227 212 84
532 211 579 255 .

168 265 323 327 μηλέαι
343 265 632 322 παντοδαπαὶ,
659 263 781 328 ῥοαὶ,
817 263 955 320 ἄπιοι,
978 263 1240 323 μιμαίκυλα,
1273 264 1408 311 συκά-

169 354 297 395 μινα,
335 335 543 395 ἄμπελοι,
586 333 805 396 μυρσίναι,
838 330 1017 394 δάφναι,
1059 332 1222 389 κισσὸς,
1247 332 1409 391 ἔλαίαι,

169 404 345 462 κότινοι,
374 404 639 464 ἄμυγδαλαὶ,
662 400 828 462 καρύαι.
898 402 997 447 Τῶν
1018 400 1062 447 δὲ
1084 401 1249 464 χωρίων
1271 401 1300 448 ἃ
1334 403 1411 449 οὗκ

171 473 358 534 εἴρηται,
384 472 473 519 ἐστὶ
494 474 507 527 (
528 472 569 517 δὲ
590 470 603 531 J
627 469 737 515 κατὰ
755 468 823 513 τὸν
846 470 980 524 κῆπον
1007 464 1230 531 Ἀμπιλος,
1250 467 1410 530 Ἄπιος,

172 538 376 587 ἆλλάσσει
399 539 546 586 στάδια
569 539 624 594 λ’,
647 535 925 598 Χερρόνησος,
941 539 1070 594 κῆποι
1090 540 1302 597 πλιῗστοι,
1326 541 1411 597 Ζη-

169 611 316 673 νιρτὶς,
340 609 577 669 Ταύχειρα,
604 606 833 653 Καυκαλοῦ
853 605 1003 666 κώμη,
1022 605 1269 672 Ἑσπερίδες
1289 608 1410 662 πόλις

167 680 238 726 καὶ
257 678 411 737 λιμὴν,
428 676 500 722 καὶ
520 674 707 734 ποταμὸς
726 675 794 721 ἐπὶ
812 678 864 738 τῇ
881 675 1001 722 πόλει
1019 676 1220 730 Ἐκκιιός.
1290 677 1412 726 Κατα

167 751 299 794 ταῦτα
328 745 380 790 τὰ
412 744 547 807 χωρία
584 743 668 790 ἀπο
707 743 983 808 Χερρονήσων
1014 748 1097 792 τῶν
1130 745 1321 793 ’Λντίδων
1358 747 1412 792 τὰ

169 815 243 875 μὲν
268 813 528 877 Κυρηναίων,
564 811 617 859 τὰ
641 812 683 859 δὲ
721 813 942 876 Βαρκαίων
975 814 1063 861 εστὶ
1095 813 1220 877 μέχρι
1248 811 1412 862 Εσπε-

170 884 307 945 ρίδων.

231 969 305 999 ιω.
341 954 644 1000 Numam:
667 961 752 998 κΑι
772 961 963 999 mm:
971 951 1070 999 Ἀπὸ
1089 951 1132 998 δὲ
1158 946 1413 1015 Ἐσπερίδων

167 1020 319 1073 κόλπος
339 1022 427 1067 ἐστὶ
446 1019 594 1083 μέγας,
611 1015 646 1085 ᾧ
659 1021 787 1082 ὄνομα
802 1021 968 1083 Σύρτις,
985 1024 1039 1074 ὡς
1059 1021 1101 1067 δὲ
1122 1023 1249 1067 εἰπεῖν
1263 1020 1326 1067 ὅτι
1339 1021 1416 1081 μά·

167 1094 288 1137 λιστα
322 1090 522 1144 εἰκάζοντι
545 1090 720 1136 σταδίων
745 1109 796 1153 1⁶·
866 1089 1015 1138 Ἔστιν
1040 1092 1146 1152 αὐτῇ
1184 1090 1231 1136 τὸ
1262 1090 1415 1143 πλάτος

169 1160 251 1205 ἀπὸ
289 1159 549 1222 Ἑσπερίδων
585 1162 641 1212 εἷς
675 1160 788 1207 Νέαν
845 1160 965 1206 πόλιν
1000 1159 1076 1215 τὴν
1110 1160 1240 1221 πέραν
1285 1160 1414 1212 πλοῦς

167 1232 333 1290 ἡμερῶν
357 1231 481 1291 τριῶν
504 1228 576 1274 καὶ
598 1231 755 1274 νυκτῶν
777 1231 915 1291 τριῶν.
984 1230 1247 1291 Περιοικοῦσι
1266 1226 1309 1273 δὲ
1333 1228 1413 1272 αύ-

169 1297 243 1353 τὴν
263 1296 429 1345 Λιὸύων
450 1298 559 1348 ἔθνος
580 1299 838 1357 Νασαμῶνες
859 1295 983 1359 μέχρι
1002 1301 1072 1342 τοῦ
1099 1301 1233 1359 μυχοῦ
1260 1300 1328 1342 τοῦ
1346 1298 1412 1342 ἐπ’

170 1369 387 1431 ἀριστερᾷ·
413 1366 568 1413 τούτων
601 1367 644 1412 δὲ
665 1366 831 1429 ἔχονται
852 1366 1018 1413 Λιὸύων
1050 1366 1159 1418 ἔθνος
1190 1367 1305 1429 παρὰ
1337 1366 1411 1422 τὴν

171 1436 322 1499 Σύρτιν
348 1435 473 1499 μέχρι
493 1440 564 1482 τοῦ
588 1435 795 1495 στόματος
813 1441 885 1493 τῆς
909 1434 1108 1498 Σύρτιδος
1132 1435 1293 1483 Μάκαι.
1336 1438 1414 1501 Ἐἰς

171 1506 213 1552 δὲ
236 1505 310 1562 τὴν
336 1506 487 1567 Σύρτιν
513 1506 595 1552 ἀπὸ
620 1505 880 1568 Ἑσπερίδων
917 1505 1147 1551 εἰσπλέοντι
1171 1505 1413 1568 Ἡράκλειοι

171 1580 286 1629 θῖνες·
304 1575 470 1638 ἔχονται
483 1576 525 1621 δὲ
537 1576 692 1622 τούτοιν
712 1574 942 1637 Δρέπανον,
959 1578 1077 1631 νῆσοι
1096 1574 1271 1622 Πόντιαι
1291 1577 1412 1636 τρεῖς,

170 1767 270 1807 sius.
300 1766 316 1816 ll
339 1788 396 1796 —
410 1762 493 1804 ἐστὶ
510 1763 551 1805 δὲ
572 1762 669 1804 κατὰ
692 1764 706 1819 ]
726 1761 757 1803 ἔ.
784 1777 829 1817 γε
846 1761 944 1803 κατὰ
966 1760 1077 1816 conj.
1103 1761 1293 1803 Clausen.
1312 1777 1323 1812 ;
1339 1760 1411 1814 eji-

170 1827 364 1869 ciendum
393 1826 530 1881 potius
554 1839 593 1866 v.
617 1825 672 1867 δέ.
697 1826 713 1878 ΙΙ
734 1846 790 1855 -
811 1823 846 1865 Ἄ
862 1823 1055 1879 μπελος
1087 1822 1194 1864 κτλ.
1218 1824 1232 1879 ]
1261 1826 1412 1878 Ampe-

170 1892 249 1941 lus,
282 1889 447 1945 Apius(
471 1887 600 1943 Apis?
621 1890 655 1941 ),
683 1886 967 1928 Cherronesus
998 1894 1037 1927 et
1061 1886 1244 1927 Zenertis
1263 1899 1409 1926 secun·

170 1954 273 1995 dum
291 1950 500 2007 Periplum
517 1951 593 1991 sita
601 1958 718 1991 erant
735 1950 842 1991 inter
852 1950 1109 2005 Pliycuntem
1122 1958 1162 1990 et
1174 1948 1407 1994 Tauchira:

169 2011 336 2055 aliunde
361 2027 446 2055 non
477 2020 574 2054 nota
592 2021 704 2054 sunt.
734 2011 976 2054 Ptolemaeus
1006 2011 1049 2052 in
1084 2011 1165 2053 hoc
1182 2018 1317 2052 tractu
1338 2010 1410 2051 ha-

171 2074 240 2116 bet
264 2074 475 2131 ’Λπτούχου
496 2074 599 2130 ἷερὸν
618 2083 660 2116 et
678 2073 848 2129 Αύσίγόα
877 2076 894 2127 (
915 2073 1058 2122 Nassa<
1076 2075 1189 2128 κώμη
1222 2087 1290 2129 ap.
1322 2074 1411 2114 Sta·

88 2138 91 2141 ’
169 2138 319 2180 diasm.
356 2138 388 2195 ).
421 2139 579 2179 Verum
616 2145 709 2193 post
746 2135 994 2192 Hesperides
1023 2133 1239 2177 meridiem
1272 2149 1412 2176 versus

170 2200 467 2258 Ampalaontes
502 2200 615 2241 locus
654 2207 822 2240 notatur
855 2199 897 2239 in
935 2197 1041 2240 Tab.
1078 2197 1410 2252 Peutingeriana.

168 2262 393 2318 Suspieeris
411 2261 524 2303 hunc
543 2261 713 2303 sortasse
728 2275 815 2302 esse
830 2259 1052 2316 Ampelum
1069 2259 1267 2316 Scylacis;
1291 2268 1414 2315 auget

168 2325 445 2380 suspicionem
464 2323 579 2379 quod
595 2324 638 2365 in
661 2322 806 2365 eadem
826 2337 900 2364 ora
921 2321 1075 2364 deinde
1102 2322 1284 2363 occurrit
1301 2323 1413 2379 Apis

167 2385 370 2442 oppidum
390 2388 406 2440 (
424 2385 643 2429 Stadiasm.
658 2386 692 2443 ),
728 2386 771 2427 in
796 2399 881 2441 quo
898 2398 1119 2439 agnoscere
1143 2384 1237 2426 licet
1251 2385 1411 2442 Apium

168 2447 334 2504 Peripli.
359 2451 420 2491 Ac
438 2462 570 2503 quum
588 2447 732 2503 Scylax
744 2445 1023 2503 Hesperidum
1041 2446 1211 2489 hortum
1232 2445 1285 2488 ad
1303 2447 1413 2503 Phy-

168 2518 334 2551 cuntem
367 2519 496 2566 ponat
534 2511 551 2563 (
575 2509 647 2551 ubi
679 2523 823 2551 revera
844 2509 1057 2564 regionem
1093 2508 1414 2552 amoenissimam

167 2586 255 2612 esse
278 2580 451 2614 testatur
469 2572 607 2614 Pacho
622 2573 775 2621 voyag.
791 2586 834 2627 p.
867 2584 941 2625 ¹71
967 2573 1000 2624 ),
1017 2570 1085 2612 alii
1101 2579 1239 2612 autem
1261 2569 1315 2611 ad
1333 2572 1415 2612 He·

168 2633 351 2688 sperides
373 2635 458 2675 sive
472 2633 698 2675 Berenicen
722 2632 868 2673 urbem
888 2632 903 2687 (
923 2632 1031 2674 Plin.
1050 2633 1107 2683 V,
1127 2633 1148 2672 5
1174 2634 1207 2686 ),
1226 2633 1413 2686 quamvis

171 2693 227 2735 ibi
249 2695 396 2738 sterilis
421 2708 700 2749 arenosusque
727 2708 824 2748 ager
841 2708 929 2735 esse
949 2708 973 2735 a
994 2692 1295 2734 recentioribus
1312 2693 1413 2735 dici·

170 2762 263 2796 tur:
290 2755 406 2798 facilc
425 2757 512 2798 fieri
532 2757 684 2811 potuit,
702 2764 749 2797 ut
767 2756 856 2797 loca
870 2753 995 2810 hujus
1010 2763 1164 2796 tractus
1182 2755 1413 2797 confunde·

169 2826 331 2860 rentur.
370 2820 387 2873 u
413 2842 470 2850 —
486 2818 708 2859 ἀλάσσει
734 2818 749 2873 ]
787 2825 952 2858 vertunt
983 2815 1144 2867 diseau
1180 2831 1325 2859 vereor
1360 2833 1413 2860 ne

168 2888 364 2936 corrupta
379 2894 459 2921 vox
474 2880 547 2930 sit;
571 2878 765 2933 conjicias
788 2878 826 2920 ἓν
846 2878 982 2927 ἄλλοις
997 2879 1164 2927 σταδίοις
1175 2878 1229 2920 λ’.
1247 2880 1293 2921 Χ.
1322 2881 1337 2934 ΙΙ
1359 2904 1416 2912 -

169 2941 201 2983 Τ
215 2941 273 2982 αύ
285 2957 314 2998 χ
329 2957 346 2983 ε
361 2957 402 2998 ιρ
414 2957 438 2983 α
456 2943 472 2999 ]
498 2942 556 2983 sic
574 2940 704 2983 codex
720 2956 731 2992 ;
750 2940 938 2996 Τεύχειρα
952 2939 1071 2982 editt.
1099 2942 1115 2994 ΙΙ
1138 2965 1196 2972 -
1210 2941 1415 2983 Καυκαλοῦ

169 3005 314 3060 κώμη]
346 3005 500 3058 ignota.
525 3006 574 3046 In
609 3003 717 3045 Tab.
738 3004 929 3058 Peuting.
965 3003 1074 3044 inter
1094 3003 1344 3046 Tauchiram
1374 3013 1415 3046 et

169 3065 417 3123 Hesperides
447 3073 702 3108 memoratur
733 3063 1095 3123 Hadrianopolim
1127 3064 1314 3108 Adriane
1344 3081 1412 3123 ap.

170 3128 351 3172 Hierocl.
374 3143 419 3186 p.
442 3130 539 3184 733.
562 3130 579 3184 ΙΙ
601 3152 659 3161 -
678 3126 735 3169 ’E
748 3143 806 3170 κκ
819 3143 837 3169 ε
854 3128 929 3176 ιός
947 3128 962 3184 ]
985 3127 1167 3183 Reliquis
1184 3128 1334 3170 ssuvius
1355 3138 1416 3171 est

170 3191 339 3236 Lethon.
365 3193 421 3234 V.
443 3191 572 3234 Solin.
587 3207 626 3234 e.
653 3190 860 3241 2331’tin.
881 3191 938 3242 V,
961 3190 1012 3242 55
1035 3192 1192 3233 Lucan.
1214 3192 1291 3242 IX,
1316 3192 1412 3243 3553

168 3256 307 3297 Δάθων
325 3255 475 3298 Strabo
497 3256 637 3307 xvn,
657 3268 701 3311 p.
725 3254 822 3306 836,
843 3253 1019 3296 Ptolem.
1039 3267 1083 3310 p.
1106 3254 1206 3309 273,
1228 3269 1270 3309 9,
1289 3254 1415 3296 Athe·

170 3333 283 3360 naeus
300 3320 357 3370 Π,
390 3332 434 3375 p.
461 3332 530 3374 71,
554 3319 603 3360 B.
632 3318 756 3360 Nunc
778 3315 1174 3366 fluviolusssvanuit.
1204 3318 1220 3371 ΙΙ
1243 3339 1300 3349 -
1317 3316 1415 3358 κατὰ

170 3385 290 3423 ταῦτα
312 3381 364 3423 ,τὰ
392 3397 436 3437 χ.
456 3382 471 3438 ]
491 3381 588 3424 sort.
609 3380 675 3423 καὶ
692 3383 813 3423 ταῦτα
834 3394 914 3423 scr.
943 3378 1055 3435 conj.
1080 3378 1255 3422 Gailius.

227 3447 250 3496 S
272 3458 363 3498 109.
379 3444 474 3486 ἀπὸ
494 3449 590 3486 τῶν
620 3443 739 3486 ‘Eun
753 3444 793 3500 .]
812 3442 910 3494 Alii,
927 3450 975 3485 ut
988 3441 1152 3494 Strabo,
1169 3441 1412 3485 Ptolemaeus

171 3513 211 3546 et
229 3505 335 3548 Plin.
350 3506 479 3555 V,28,
492 3507 621 3562 Syrtis
649 3507 814 3548 initium
835 3513 1001 3562 ponunt
1027 3519 1052 3547 a
1068 3506 1203 3548 Boreo
1218 3518 1414 3562 promon-

170 3567 295 3618 torio,
310 3568 422 3623 quod
436 3567 489 3609 ab
500 3569 627 3625 Hesp.
644 3576 704 3610 est
713 3566 930 3610 meridiem
942 3569 1189 3623 versus.ss—
1199 3568 1315 3609 σταδ
1325 3598 1337 3610 .
1352 3569 1407 3626 1⁸]

172 3627 215 3672 π’
226 3627 381 3681 codem
397 3629 515 3671 litera
530 3645 547 3671 ε
564 3644 658 3671 cum
678 3629 928 3686 supraducta
945 3629 1094 3672 lineola
1111 3643 1333 3672 numerum
1347 3630 1414 3673 in·

172 3689 353 3743 dicante,
379 3690 570 3733 facillime
598 3691 699 3733 abiit
724 3693 764 3732 in
788 3707 830 3733 r..
853 3694 962 3734 5000
978 3691 1416 3750 stadiorumoeseSyr-

172 3752 273 3796 tidis
304 3751 508 3796 ambitum
539 3753 830 3795 Eratosthenes
858 3754 1002 3795 statuit
1032 3769 1101 3810 ap.
1132 3754 1325 3797 Strabon.
1355 3756 1412 3805 11,

171 3829 217 3872 p.
249 3815 327 3858 ‘23
353 3818 371 3870 (
393 3815 511 3858 aliter
537 3816 678 3866 XVII,
714 3829 758 3871 p.
786 3816 865 3857 836
886 3817 902 3869 )
921 3824 961 3857 et
998 3816 1347 3871 Agathemerusl,
1372 3817 1413 3859 3.

174 3878 355 3935 Lapieus
375 3886 494 3935 putat
512 3892 627 3920 oram
648 3890 740 3933 qu‘t·
762 3885 854 3933 post
870 3877 1116 3932 Hesperides
1138 3880 1327 3936 proxime
1348 3893 1412 3922 se·

173 3940 317 3997 quitur
344 3940 388 3982 in
414 3939 649 3983 stadiorum
670 3952 747 3982 120
768 3939 1069 3994 longitudinem
1095 3942 1287 3998 appellari
1315 3943 1412 3998 Syr·

174 4003 251 4054 tin,
275 4001 428 4045 deinde
456 4003 621 4046 initium
639 4017 727 4045 esse
750 4004 911 4057 Magna·
938 4003 1134 4058 S>rti‹lis;
1156 4004 1271 4060 quod
1293 4003 1411 4049 nihili

1084 162 1369 211 SCYLActs
1401 162 1647 214 CARYAN
1655 167 1865 214 DENSIS

2707 0 2782 134 ³&

2710 124 2782 203 ²³2,

2730 189 2782 223 Μ

1474 271 1634 328 pilentis
1647 286 1773 330 quam
1788 276 1967 318 maxime
1984 276 2137 318 densis.
2198 277 2379 321 Arbores
2396 278 2471 319 ittae
2485 279 2723 334 suntlotus„
2715 234 2782 416 ἒ

1473 340 1568 383 mali
1586 343 1723 384 omnis
1736 345 1912 401 generis,
1925 346 2101 402 punice,
2115 348 2223 403 pyri,
2237 346 2424 389 mbunsi
2426 356 2560 399 uetus
2580 352 2735 403 mon,-

1474 410 1591 461 vites,
1620 412 1763 467 myrti,
1788 411 1908 463 lauri,
1936 413 2115 466 bederae,
2139 415 2472 466 olivae,oleast1i,
2494 415 2726 472 amygdali,

1467 476 1701 533 juglandes.
1760 481 1977 524 luten-tom
1990 497 2088 524 vero
2106 497 2198 539 quie
2214 485 2606 536 nonrecensuimus,
2619 492 2718 532 sunt

1474 546 1528 589 ad
1543 547 1712 590 hortum
1728 548 1843 591 illum
1863 551 2076 608 Ampelus,
2097 553 2243 609 Apius,
2262 555 2335 610 qui
2354 554 2469 596 abest
2491 554 2621 597 stadia
2645 556 2714 607 30,

1475 616 1772 669 Chersonesus,
1796 618 1906 662 horti
1929 620 2114 676 plurimi,
2141 624 2341 675 Zenertis,
2363 624 2585 675 Teucliira,
2609 627 2717 668 Cau·

1476 685 1551 727 cali
1578 688 1708 739 vicus,
1728 688 1976 745 Hesperides
1997 691 2098 733 urbs
2116 700 2157 733 et
2178 701 2339 748 portus,
2363 702 2405 735 et
2423 694 2573 735 fluvius
2587 708 2719 751 prope
2765 666 2782 750 ξ]

1476 754 1623 797 urbem
1658 757 1941 799 Eeceus.1n
1981 759 2046 801 his
2077 762 2315 815 regionibus
2357 761 2454 804 inde
2487 778 2511 805 a
2544 764 2719 806 Cherso-

1477 824 1586 865 nesis
1609 825 1879 867 Achilidibus
1907 826 1986 869 alia
2006 829 2316 884 Cyrenaeorum,
2344 831 2423 873 alia
2458 834 2718 875 Barea-orum

1478 899 1576 933 sunt
1595 906 1726 948 usque
1743 893 1796 935 ad
1811 894 2075 951 Hesperidas.

1542 972 1640 1014 ¹⁰9·
1674 961 1935 1003 Numen,
1964 977 2017 1003 rr
2040 964 2191 1005 Mace.
2216 966 2314 1008 Post
2331 968 2581 1024 Hesperides
2603 970 2719 1011 sinus

1479 1036 1540 1070 est
1551 1042 1741 1083 magnus,
1761 1044 1853 1085 quae
1868 1030 2096 1087 appellatur
2113 1033 2257 1088 Syrtis,
2273 1035 2519 1088 stadiorum,
2533 1047 2579 1081 ut
2594 1053 2719 1095 quam

1479 1098 1670 1152 proxime
1698 1096 1851 1149 dicam,
1877 1099 1999 1141 5000.
2024 1098 2125 1155 Ejus
2146 1099 2321 1143 latitudo
2342 1102 2395 1144 ab
2423 1105 2721 1161 Hesperidibus
2776 1135 2777 1138 =

1482 1163 1535 1205 ad
1557 1164 1789 1220 Neapolim,
1814 1179 1906 1221 quae
1933 1166 1975 1207 in
1989 1167 2182 1222 opposito
2203 1166 2323 1208 litore
2336 1166 2461 1222 jacet,
2485 1172 2611 1213 trium
2634 1172 2722 1214 die-

1483 1247 1578 1274 rum
1610 1234 1880 1289 noctiumque
1912 1234 2173 1288 navigatione
2206 1243 2333 1290 patet.
2394 1237 2599 1280 Accolunt
2633 1239 2723 1295 ejus

1483 1300 1604 1342 litora
1619 1302 1887 1351 Nasamones,
1913 1315 2012 1356 gens
2030 1302 2200 1359 Libyca,
2222 1317 2353 1359 usque
2368 1302 2420 1345 ad
2445 1305 2639 1348 intimum
2657 1321 2724 1349 re-

1485 1383 1669 1420 cessum,
1726 1370 1797 1425 qui
1854 1371 2107 1425 innaviganti
2160 1370 2212 1412 ad
2261 1372 2467 1413 sinistram
2514 1382 2589 1415 est.
2650 1375 2725 1417 His
2768 1417 2770 1419 ,

1483 1438 1674 1493 proxima
1696 1452 1795 1491 gens
1819 1438 1974 1494 Libyca
1990 1437 2111 1493 juxta
2132 1439 2284 1495 Syrtim
2316 1453 2446 1495 usque
2474 1440 2526 1482 ad
2550 1456 2596 1483 os
2614 1442 2721 1498 ejus,

1482 1507 1626 1547 Macae.
1688 1505 1754 1547 Ab
1793 1505 2090 1561 Hesperidibus
2114 1507 2156 1548 in
2191 1507 2343 1563 Syrtim
2379 1508 2629 1564 innaviganti
2653 1526 2723 1552 oc·

1445 1577 1455 1586 ‘
1483 1584 1658 1617 currunt
1679 1575 1868 1617 Herculei
1897 1575 2075 1626 cumuli3
2097 1576 2173 1617 hos
2194 1577 2406 1632 excipiunt
2430 1579 2669 1635 Drepanum
2685 1589 2725 1622 et

1487 1776 1575 1803 oese
1594 1762 1769 1817 quisque
1782 1759 1907 1800 videt.
1929 1761 2023 1801 Non
2041 1775 2126 1801 esse
2143 1775 2377 1803 sermonem
2396 1761 2448 1803 de
2462 1764 2611 1818 exiguo
2624 1779 2728 1821 quo-
2779 1778 2782 1805 3

1486 1823 1581 1866 dem
1605 1837 1689 1864 orae
1717 1830 1867 1873 tractu,
1892 1821 1965 1863 sed
1996 1821 2049 1863 de
2068 1823 2162 1863 sinu
2190 1823 2402 1879 peramplo
2431 1825 2563 1867 velex
2590 1828 2726 1871 verbis

1485 1886 1537 1935 ὡς
1569 1885 1725 1928 εἰπεῖν..
1748 1886 1808 1927 ὅτι
1843 1885 2013 1941 μάλιστα
2041 1884 2231 1933 εἰκάζοντι
2267 1886 2490 1941 intelligere
2527 1897 2602 1930 oet.
2630 1892 2646 1944 ΙΙ
2673 1913 2730 1924 —-

1487 1948 1732 1991 Νεάπολιν
1748 1949 1763 2004 ]
1781 1962 1819 1989 e.
1834 1962 1876 2003 q.
1897 1948 2046 2003 Leptin
2061 1949 2269 2002 Magnam.
2289 1950 2372 2003 ΙΙ-
2388 1949 2535 1999 πλοῦς
2554 1950 2595 2007 γ’
2618 1950 2726 2010 ἠμ.]

1486 2010 1593 2053 bene
1607 2026 1659 2053 ex
1681 2018 1880 2067 computo
1902 2010 2116 2066 Scylacem
2153 2025 2247 2052 nam
2268 2026 2409 2054 revera
2427 2022 2525 2055 sunt
2540 2013 2593 2055 ad
2621 2015 2731 2059 3000

1487 2073 1630 2116 stadia.
1655 2075 1673 2129 ΙΙ
1699 2098 1756 2106 -
1791 2073 2093 2128 Νασαμῶνες
2122 2073 2137 2129 ]
2173 2073 2237 2116 Cs.
2261 2074 2410 2116 Strabo
2448 2078 2504 2127 11,
2531 2090 2574 2132 p.
2614 2078 2685 2119 ι3ι
2715 2092 2725 2119 :

1494 2134 1612 2194 Ὑπὲρ
1630 2137 1672 2178 δὲ
1691 2135 1830 2189 ταύτης
1851 2134 1866 2192 (
1889 2138 1957 2187 τῆς
1981 2135 2192 2191 Κυρηναίας
2216 2136 2229 2191 )
2250 2137 2314 2177 καὶ
2334 2141 2409 2179 τῶν
2426 2137 2597 2194 Σύρτεων
2620 2139 2732 2181 Ψύλ-

1485 2199 1578 2249 λους
1595 2198 1661 2241 καὶ
1686 2198 1947 2254 Νασαμῶνας.
1970 2197 2088 2239 Idem
2103 2199 2242 2249 XVII,
2260 2212 2303 2255 p.
2326 2200 2437 2242 836:
2465 2198 2731 2257 Ὗπέρκιινται
2780 2225 2782 2235 =

1487 2262 1527 2305 δὲ
1552 2265 1620 2304 τοῦ
1642 2261 1784 2318 μήκους
1816 2262 1833 2315 (
1853 2263 1920 2313 τῆς
1951 2260 2125 2317 μεγάλης
2150 2260 2373 2317 Σύρτεως),
2407 2266 2477 2304 τοῦ
2501 2262 2543 2306 δὲ
2563 2263 2732 2315 πλάτους
2779 2265 2782 2268 ⁴

1487 2324 1721 2381 παρήκοντες
1743 2323 1809 2365 καὶ
1831 2324 1946 2379 μέχρι
1985 2327 2062 2363 τῶν
2086 2321 2278 2364 Φιλαίνου
2304 2324 2445 2380 βωμῶν
2481 2326 2518 2367 οἱ
2541 2341 2733 2384 προσαγο-
2777 2321 2782 2358 ἶ

1491 2388 1688 2443 ρευόμενοι
1709 2385 1959 2441 Νασαμῶνες.
1983 2384 2186 2427 Herodot.
2210 2387 2267 2436 11,
2287 2387 2340 2428 32
2366 2386 2448 2429 :To
2465 2386 2506 2430 ὀὶ
2525 2387 2634 2438 ἔθνος
2648 2392 2735 2432 τοῦ·
2772 2389 2782 2451 ‘j

1488 2450 1533 2491 τό
1556 2448 1637 2491 ἐστι
1661 2447 1729 2506 μὲν
1761 2447 1941 2498 ΔιΕυκὸν,
1983 2448 2137 2503 νέμεται
2159 2446 2199 2489 δὲ
2222 2446 2291 2500 τὴν
2322 2448 2457 2505 Σύρτιν
2492 2465 2533 2492 τι
2560 2451 2626 2493 καὶ
2660 2449 2731 2505 τὴν
2773 2453 2782 2507 ³}

1487 2511 1580 2566 πρὸς
1610 2511 1669 2565 ἠῶ
1698 2512 1832 2567 χώρην
1858 2514 1925 2562 τῆς
1950 2510 2114 2565 ’Σύρτιος
2143 2509 2211 2551 οὖν.
2245 2509 2302 2552 ἔτι
2335 2510 2502 2563 πολλήν.
2529 2511 2594 2554 Cf·
2619 2511 2730 2557 idem
2774 2522 2782 2565 ,ξ

1487 2575 1565 2626 IV,
1607 2586 1704 2630 172.
1735 2573 2000 2614 Recentiores
2035 2573 2258 2627 sculptores
2292 2571 2408 2614 sedes
2445 2574 2730 2618 Nasamonum
2776 2568 2782 2581 ⁴

1489 2637 1618 2691 magis
1651 2635 1856 2677 orientem
1899 2647 2040 2675 versus
2077 2633 2279 2675 collocant
2323 2634 2527 2687 (Ptolem.
2572 2635 2660 2688 IV,
2685 2639 2726 2689 5,
2774 2635 2782 2698 3

1488 2712 1532 2754 p.
1564 2699 1662 2753 278.
1694 2696 1802 2739 Plin.
1836 2697 1892 2737 V.
1930 2695 1952 2736 5
1971 2697 2014 2749 );
2035 2695 2102 2736 alii
2123 2694 2303 2750 denique
2321 2694 2372 2737 ad
2392 2710 2594 2739 oceanum
2624 2700 2733 2742 occi·
2766 2740 2767 2746 ,

1489 2759 1621 2801 duum
1636 2772 1707 2800 eos
1722 2764 1938 2799 removent
1954 2755 1968 2812 (
1984 2758 2160 2799 Pausau.
2183 2758 2218 2807 1,
2245 2757 2315 2808 33,
2346 2760 2387 2808 4.
2408 2758 2644 2803 Philostrat.
2671 2762 2728 2805 V.
2762 2786 2764 2791 ,

1490 2821 1628 2877 Apoll.
1654 2819 1852 2874 V1,25).
1871 2820 1888 2873 ΙΙ
1908 2842 1966 2850 -
1986 2818 2173 2860 τούτων
2197 2818 2247 2860 δὲ
2280 2818 2486 2874 ἔχονται
2507 2820 2615 2863 κτλ.
2634 2821 2650 2878 ]
2678 2823 2730 2866 In

1490 2882 1665 2925 Fabricii
1691 2881 1874 2923 editione
1897 2880 2074 2934 legitur:
2093 2881 2239 2922 τούτων
2263 2881 2302 2922 δὲ
2324 2881 2484 2937 ἔχονται
2506 2881 2756 2942 [Ψύλλοι]

1488 2943 1637 2985 Λιὸύων
1661 2942 1786 2994 ἔθνος,
1814 2941 1830 2997 [
1853 2942 1917 2983 καὶ
1936 2943 1951 2998 ]
1978 2941 2080 2997 παρὰ
2102 2940 2172 2994 τὴν
2192 2942 2327 2998 Σύρτιν
2348 2943 2455 2995 κτλ.,
2478 2945 2583 2987 mira
2605 2953 2732 2991 temo-

1488 3007 1623 3048 ritate.
1640 3006 1891 3048 Nasamonoe
1900 3018 2031 3060 usque
2042 3003 2093 3045 ad
2111 3005 2177 3046 τὸν
2195 3021 2245 3062 μυ
2247 3005 2321 3061 ,(δν
2338 3004 2512 3062 Syrtidis
2526 3005 2734 3054 habitas-s

1488 3076 1634 3111 auctor
1647 3066 1773 3109 dicit·
1763 3099 1773 3118 ,
1789 3068 1831 3108 ἱιι
1846 3067 1923 3108 isto
1935 3082 1984 3123 μυ
1987 3082 2051 3122 Αῳ
2063 3075 2181 3109 erant
2194 3081 2275 3109 arae
2290 3053 2585 3121 Philaenorum,
2598 3082 2732 3127 usquo¹

1488 3130 1541 3173 ad
1561 3145 1663 3187 quas
1676 3129 1824 3172 Strabo
1836 3144 2002 3185 quoque
2013 3130 2264 3173 Nasamones
2278 3131 2525 3187 pertinuisse
2539 3127 2735 3186 testatum:

1488 3202 1530 3235 et
1551 3192 1649 3235 inde
1675 3207 1700 3234 a
1724 3192 1875 3248 quibus
1904 3193 1990 3248 ipse
2011 3193 2155 3248 Scylax
2175 3194 2389 3235 Macar-um
2413 3191 2530 3235 sedes
2549 3194 2733 3252 incipero

1488 3257 1560 3297 ait.
1590 3257 1607 3310 ΙΙ
1644 3254 1781 3303 -εἰς
1817 3253 1973 3306 δὲτὴν
2010 3254 2184 3311 Σύρτιν
2219 3254 2375 3313 κτ,λ.]
2414 3256 2513 3299 Hoec
2547 3263 2590 3298 et
2608 3268 2732 3314 seqq-e

1489 3331 1619 3373 usque
1633 3316 1686 3359 ad
1710 3317 1833 3358 verba
1854 3317 2031 3373 Σύρτιδος
2057 3318 2190 3360 Μάκαι
2215 3316 2350 3360 scriba
2363 3315 2519 3359 codicis
2539 3316 2732 3372 Vtttienss¹

1490 3379 1644 3421 omisit.
1670 3380 1688 3434 ΙΙ
1725 3403 1782 3411 -
1823 3379 2114 3435 Ἰἰράκλειοι
2155 3381 2284 3429 θῖνες
2304 3379 2321 3436 ]
2343 3379 2434 3422 Sec.
2468 3377 2730 3439 Stadium-q

1489 3442 1685 3485 Berenice
1702 3441 1754 3484 ad
1777 3440 2006 3498 Ἡράκλειον
2029 3451 2127 3485 sunt
2149 3440 2281 3485 stadia
2297 3442 2403 3494 530,
2392 3457 2401 3467 ·
2420 3439 2573 3484 deinde
2590 3448 2684 3498 post

1489 3503 1621 3546 stadia
1647 3506 1833 3560 sequitur
1851 3505 2070 3561 Δρέπανον·
2094 3502 2332 3560 ἀκρωτήριόν
2354 3501 2434 3545 ἔστι
2454 3501 2602 3559 ὑψηλὸν
2631 3500 2735 3559 ἕχον

1490 3566 1883 3623 θιναᾶμμουλευκῆς.
1903 3567 1968 3610 Cf.
1980 3567 2155 3611 Ptolem.
2172 3567 2229 3619 V,
2244 3567 2287 3619 3,
2302 3580 2346 3623 p.
2364 3578 2475 3621 272:
2497 3562 2620 3621 Ἧρακ

1489 3628 1654 3685 πύργους
1668 3631 1778 3685 (470,
1796 3628 1885 3681 20¹5
1901 3630 1995 3682 300,
2014 3628 2080 3672 50'
2081 3633 2098 3685 )
2114 3636 2155 3671 et
2169 3597 2362 3685 Δρλπανον
2379 3628 2496 3684 ἄκρον
2506 3628 2618 3682 (470,
2639 3622 2731 3679 15'2

1484 3694 1576 3747 29⁰,
1597 3705 1652 3735 20
1656 3691 1709 3747 ¹.)
1739 3694 1801 3735 De
1829 3692 1923 3735 albo
1946 3691 2066 3735 litore
2097 3689 2221 3747 hujus
2245 3690 2425 3747 regionis
2449 3703 2491 3733 ν.
2515 3689 2744 3734 Mannerh.

1486 3756 1543 3806 X,
1566 3768 1609 3806 a,
1632 3769 1675 3811 p.
1709 3769 1781 3797 ιιι
1805 3764 1969 3811 etquos
1995 3753 2152 3798 laudat.
2181 3755 2281 3809 [Ι-
2312 3755 2464 3806 νῆσοι
2503 3750 2776 3841 Πόντιαι-

1486 3819 1634 3874 τρεις]
1652 3817 1769 3859 Haud
1780 3817 1908 3860 dubie
1918 3825 2014 3860 sunt
2030 3815 2267 3859 tresinsulae
2280 3814 2597 3870 Stadiasmi572
2608 3772 2782 3916 2²:⁴-

1486 3879 1723 3932 Σκοπελίτνς
1743 3883 1760 3934 (
1780 3880 1831 3922 ad
1850 3880 1988 3923 ualeat
2007 3877 2167 3922 Isouad
2190 3878 2332 3935 Lapie.
2358 3878 2391 3932 ),
2394 3872 2651 3931 ιῐῙοντίαμῗ

1483 3956 1539 3983 na
1562 3944 1664 3998 Lap.
1686 3942 1700 3998 )
1723 3951 1763 3983 et
1786 3943 1898 3984 Μαῖα
1913 3942 1998 3984 sive
2020 3939 2146 3983 Muta.
2168 3938 2293 3997 Apud
2315 3938 2491 3982 Ptolem.
2511 3946 2727 3980 reoenseu·
2770 3981 2775 3986 ,

1483 4012 1552 4046 tur
1581 4004 1749 4052 Μίσυνος
1783 4006 1906 4057 (440,
1941 4002 2052 4061 40),
2087 4002 2234 4044 nomia
2256 4002 2383 4056 (450,
2413 3996 2484 4041 ω’
2510 3998 2529 4051 )
2561 4000 2603 4037 et
2630 3992 2726 4036 Γαῖα
