2782 4348
147 221 214 281 (⁶8,
229 223 304 282 139·)

140 394 372 454 ὠνόμασαν,
392 388 464 445 τὴν
491 388 534 435 δὲ
558 388 751 450 δευτέραν
773 389 1037 446 Σουκαὸὗαν,
1068 389 1142 446 τὴν
1166 391 1210 436 δὲ
1231 392 1371 453 τρίτην

140 461 339 520 Σαλυδὼ,
377 457 617 521 ἐρήμουςδὲ
644 458 782 509 πάσας
803 458 874 504 καὶ
902 459 1090 510 συσκίους
1126 458 1302 517 ἐλαίαις,
1324 462 1371 506 οὗ

138 529 344 592 ταῒς”παρ’
377 531 492 588 ἡμῖν,
519 526 625 573 ἀλλὰ
646 533 735 579 ταῖς
757 529 798 573 ἐν
822 527 987 582 ἐκείνοις
1018 529 1101 580 τοῖς
1122 528 1259 582 τόποις
1278 547 1373 592 φυο-

95 613 113 640 5
139 597 290 658 μέναις.

200 682 257 713 92.
283 663 408 713 Μετὰ
433 664 475 710 δὲ
503 664 576 717 τὰς
602 663 749 720 νήσους
767 663 840 716 τὰς
874 665 1111 725 ἐκκειμένας
1139 669 1247 713 ἐστιν
1271 669 1368 713 ἰδεῖν

137 733 322 795 αἰγιαλὸν
347 732 499 790 λιθώδη
524 733 595 779 καὶ
619 733 799 796 μακρόν·
818 737 844 790 ἡ
876 733 918 780 δὲ
941 733 1059 798 χώρα
1082 738 1367 796 Θαμουδηνῶν

136 803 335 864 Ἀράὸων.
364 801 418 850 Ὁ
438 803 481 848 δὲ
507 802 607 865 πρὸς
642 802 797 859 ταύτην
819 803 1061 866 παράπλους
1084 806 1152 851 ἐπὶ
1183 806 1369 859 σταδίους

136 876 216 918 τῶν
238 871 384 934 χιλίων
404 870 570 924 πλείους
581 871 747 917 πάντων
765 872 1060 934 χαλεπώτατος
1074 890 1084 900 ·
1100 876 1144 920 οὔ
1164 874 1243 961 γὰρ
1261 874 1368 921 ἔστιν

76 956 114 986 ιο
136 943 179 986 οὗ
203 940 328 1000 λιμὴν
365 939 555 1004 εὔορμος,
590 942 634 986 οὗ
670 941 832 993 σάλοςέ
815 944 878 987 ἐπ’
915 942 1120 1006 ἀγκύρας,
1145 946 1188 988 οὐ
1219 944 1370 996 κόλπος

137 1010 205 1055 ἐπι
229 1010 401 1070 σκέπης,
424 1013 469 1055 οὔ
488 1012 662 1072 χηλῆς’
642 1010 889 1080 εντύπωμα,
915 1013 1131 1075 ἀναγκαία
1137 1014 1368 1077 καταφυγὴ,

134 1098 201 1124 τον
225 1079 411 1126 ναυτίλον
441 1081 481 1124 δε
465 1079 673 1142 εχόμενον.

11 1223 122 1263 Diod
138 1212 384 1269 ἐπίκεινται,
423 1211 593 1270 λιμένας
615 1217 806 1258 ποιοῦσαι
840 1213 1022 1266 πλείους.
1093 1214 1179 1260 Καὶ
1217 1215 1369 1260 τούτων

135 1282 209 1338 τὴν
248 1282 321 1342 μὲν
333 1281 520 1355 ..πρώτην
551 1284 782 1345 ἱστορουσιν
817 1284 1018 1345 υπάρχειν
1041 1283 1156 1345 ἱερὰν
1194 1281 1368 1372 ’ΞΙΙσιδος,

70 1365 107 1395 15
135 1352 288 1414 ἔρημον
311 1356 450 1397 οὖσαν·
470 1354 661 1397 παλαιων
683 1351 716 1396 δ’
738 1353 873 1397 οἰκιῶν
895 1353 1002 1413 ἔχειν
1020 1351 1213 1404 λιθίνας(
1197 1353 1372 1398 υποστά-

141 1426 246 1480 θμας
278 1421 347 1466 καὶ
373 1420 524 1476 στήλας
560 1420 784 1482 γράμμασι
810 1422 1078 1486 βαρὸαρικοῒς
1111 1423 1372 1485 κεχαραγμέ-

134 1509 228 1541 νας·
267 1489 415 1548 ὅμοίως
453 1490 495 1534 δὲ
534 1489 606 1535 καὶ
645 1489 719 1542 τὰς
759 1490 887 1542 ἄλλας
925 1491 1101 1554 ἐρήμους
1141 1492 1369 1554 ὑπάρχειν·

135 1558 273 1609 πάσας
292 1558 327 1602 δ’
353 1557 510 1610 ἐλαίαις
529 1563 918 1621 καταπεφυτεῦσθαι
942 1559 1147 1623 διαφόροις
1166 1562 1246 1605 τῶν
1269 1562 1368 1624 παρ’

133 1629 250 1686 ἡμῖν.

68 1709 110 1738 2ο
197 1711 254 1742 92.
290 1694 410 1741 Μετὰ
435 1694 477 1740 δὲ
513 1695 585 1747 τὰς
606 1695 753 1751 νήσους
785 1695 938 1748 ταύτας
970 1695 1154 1757 αἰγιαλὸς
1191 1697 1369 1759 παρήκει

130 1764 379 1826 κρημνώδης
396 1764 467 1810 καὶ
487 1765 805 1827 δυσπαράπλους
825 1766 895 1811 ἐπὶ
918 1766 1106 1818 σταδίους
1126 1770 1179 1819 ὡς
1198 1767 1367 1828 χιλίους·

134 1834 223 1880 οὔτε
245 1833 324 1897 γὰρ
343 1834 468 1894 λιμὴν
493 1834 584 1880 οὔτε
609 1835 732 1885 σάλος
756 1837 822 1880 ἐπ’
844 1836 1024 1899 ἀγκύρας
1048 1835 1261 1881 ὑπόκειται
1286 1838 1368 1889 τοῖς

128 1905 361 1965 ναυτίλοις,
394 1906 438 1949 οὗ
476 1904 588 1966 χηλὴ
621 1905 826 1964 δυναμένη
862 1909 945 1958 τοῖς
969 1906 1262 1969 ἀπορουμένοις
1284 1910 1367 1952 τῶν

101 1990 104 1993 ·
131 1973 337 2019 πλεόντων
362 1973 435 2029 τὴν
461 1974 687 2035 ἀναγκαίαν
712 1974 906 2020 ὑπόδυσιν
926 1975 1234 2038 παρασχέσθαι.

71 2055 110 2084 25
195 2059 252 2089 93.
289 2041 415 2106 Ὀρος
443 2042 486 2088 δὲ
510 2041 641 2104 ταύτῃ
674 2044 922 2107 παράκειται
959 2045 1067 2090 κατὰ
1092 2044 1166 2105 μὲν
1196 2045 1269 2101 τὴν
1293 2063 1368 2092 κο-

134 2113 260 2175 ρυφὴν
286 2112 436 2174 πέτρας
459 2113 725 2173 ἀποτομάδας
755 2113 850 2175 ἔχον
885 2113 958 2160 καὶ
978 2120 1060 2167 τοῖς
1090 2114 1210 2178 ὕψεσι
1232 2133 1367 2160 κατα-

131 2182 385 2239 πληκτικὰς,
424 2181 502 2227 ὑπὸ
541 2181 583 2227 δὲ
618 2182 690 2235 τὰς
729 2183 840 2247 ῥίζας
882 2183 1085 2235 σπιλάδας
1122 2183 1251 2236 ὀξείας
1294 2183 1365 2229 καὶ

132 2251 286 2303 πυκνὰς
304 2250 573 2303 ἐνθαλάττους
593 2251 664 2296 καὶ
686 2251 860 2297 κατόπιν
882 2254 1016 2297 αὐτῶν
1041 2251 1252 2315 φάραγγας
1273 2255 1368 2298 ὑπο-

134 2319 396 2382 ἕεὸρωμένας
424 2319 495 2364 καὶ
529 2319 708 2372 σκολιάς.
776 2321 1124 2383 Συντετρημένων
1166 2322 1200 2366 δ’
1234 2323 1367 2366 αὐτῶν

135 2494 318 2543 Youbalz,
338 2493 486 2550 Salydo
504 2494 680 2535 insulam
698 2494 843 2544 Sinalz,
866 2509 958 2550 quae
986 2496 1091 2536 nihil
1109 2496 1187 2535 nisi
1202 2496 1371 2536 humilis

132 2556 325 2611 scopulus
351 2564 426 2611 est.
457 2557 473 2611 ΙΙ
496 2581 553 2587 -
571 2570 613 2598 2.
645 2556 934 2598 Σουκαὸύαν
949 2558 1039 2613 ]....
1075 2558 1213 2609 κα6αν,
1238 2559 1373 2614 prima

133 2619 285 2674 syllaba
315 2618 502 2669 evanida,
524 2621 572 2659 Β.
610 2620 625 2673 ΙΙ
650 2643 709 2650 —
727 2620 771 2660 3.
790 2618 844 2659 οὗ
863 2622 975 2667 ταῖς
999 2621 1100 2675 παρ’
1120 2619 1267 2675 ἡμῖν]
1291 2623 1370 2661 Ar-

132 2681 325 2722 temidor.
350 2694 360 2721 z

125 2744 275 2798 ’λουμεν
306 2741 549 2793 Αἰθιοπικὰς,
572 2740 627 2783 ὧν
651 2743 695 2783 τὸ
719 2744 881 2798 δάκρυον
904 2744 969 2784 καὶ
985 2743 1153 2800 ἰατρικῆς
1176 2746 1372 2800 ’δυνάμεώς

135 2806 250 2847 ἐστιν.

189 2871 209 2920 S
234 2872 305 2909 92.
332 2867 458 2920 Quod
481 2868 665 2922 sequitur
680 2867 776 2909 litus
804 2883 880 2924 per
911 2868 1021 2909 mille
1042 2868 1173 2910 stadia
1194 2876 1235 2909 et
1266 2868 1373 2910 ultra

133 2939 347 2971 extensum
369 2929 466 2970 inde
486 2945 509 2970 a
532 2930 694 2971 Moilalz
723 2930 807 2972 fere
825 2931 941 2971 urbis
973 2931 1140 2985 legione
1160 2945 1290 2986 usque
1318 2931 1372 2972 ad

138 2992 298 3047 WidJelz
323 2993 515 3047 pertinet.
538 2992 555 3046 Η
578 3016 635 3023 -
663 3007 703 3046 7.
727 2991 1096 3048 Θαμουδηνῶν]
1120 2993 1370 3049 Θαμουδινῶν

132 3055 178 3096 C.
204 3055 445 3096 Ptolemaeus
466 3056 543 3104 VI,
570 3069 610 3108 7,
631 3068 675 3110 p.
698 3057 795 3105 406,
824 3056 875 3095 23
899 3054 1219 3096 mediterraneas
1233 3062 1372 3109 gentes

132 3131 361 3167 recensens,
385 3116 635 3172 Θαμυδηνοῦς
650 3120 867 3158 memorat.
880 3116 999 3158 Idem
1017 3116 1191 3158 eandem
1209 3125 1372 3171 gentem

127 3180 239 3219 inter
281 3180 506 3220 maritimas
556 3188 717 3221 mutato
752 3180 981 3235 paullulum
1026 3182 1200 3222 nomine
1249 3181 1373 3222 habet

132 3254 174 3293 p.
197 3245 293 3290 402,
316 3245 339 3283 8
359 3255 369 3283 :
394 3242 541 3295 Ταύτης
558 3241 598 3283 δὲ
619 3245 686 3294 τῆς
701 3243 888 3298 παραλίας
907 3245 924 3298 (
939 3244 992 3285 ab
1014 3245 1120 3286 ostio
1139 3245 1252 3285 sinus
1270 3245 1374 3286 AEla-

131 3303 249 3343 nitici
284 3317 414 3359 usque
449 3304 502 3345 ad
536 3305 738 3346 Iamhiam
773 3307 790 3359 (
805 3307 978 3361 Iambo)
1016 3308 1187 3362 vicum)
1220 3306 1268 3348 τὰ
1303 3307 1370 3363 μὲν

131 3367 265 3416 πρῶτα
285 3366 488 3419 κατέχουσι
503 3366 735 3422 Θαμυθῖται,
754 3368 819 3409 καὶ
839 3367 966 3424 ἐφεξῆς
977 3370 1150 3422 Σιδηνοὶ,
1169 3368 1256 3411 εἶτα
1273 3370 1371 3426 Δάρ-

138 3438 212 3475 ραι,
231 3426 311 3478 μεθ’
328 3427 392 3474 οὒς
407 3428 659 3483 Βανοὺῧαροι,
680 3427 767 3470 εἶτα
781 3430 926 3485 ’Άρσαι.
947 3433 1174 3472 Famosain
1186 3432 1369 3473 Arabum

132 3486 305 3527 'historia
340 3502 436 3541 gens
474 3490 664 3531 leamud
690 3492 808 3532 initio
847 3494 888 3532 in
926 3494 1164 3534 Sabaeorum
1204 3495 1372 3547 regione

137 3547 250 3587 sedes
272 3549 435 3600 habuit3
459 3552 557 3593 hinc
579 3568 676 3593 vero
689 3553 776 3608 jam
797 3556 1017 3610 Himyarus
1043 3557 1156 3597 Sabae
1178 3557 1284 3597 filius
1302 3573 1371 3598 eos

134 3610 336 3663 expulisse
354 3623 557 3655 narratur.
579 3617 701 3656 Nunc
718 3616 814 3656 inde
826 3616 877 3656 ab
897 3618 1028 3657 Janbo
1043 3618 1210 3659 boream
1232 3634 1371 3660 versus

131 3673 177 3711 in
199 3672 505 3715 mediterraneis
523 3676 694 3730 degunt,
723 3677 869 3718 domos
888 3680 994 3718 saxis
1013 3680 1158 3720 incisas
1177 3681 1366 3722 habitan-

132 3743 210 3773 tes.
233 3734 340 3774 Vide
353 3737 497 3777 Ritter.
517 3739 614 3787 XII,
628 3753 671 3793 p.
697 3739 789 3779 156.
813 3741 931 3789 XIII,
949 3754 992 3795 p.
1011 3741 1107 3791 265,
1131 3742 1270 3796 ibique
1281 3743 1366 3783 lau-

131 3796 267 3836 datos.
295 3797 310 3850 Η
329 3822 386 3827 -
408 3811 472 3839 10.
505 3798 558 3837 οὖ
592 3799 640 3839 λι
655 3798 716 3854 μὴ
734 3815 752 3840 ν
773 3801 787 3855 ]
811 3800 854 3839 οὗ
876 3800 951 3856 γὰρ
974 3801 1042 3842 οὐκ
1066 3802 1146 3843 ἔστι
1174 3803 1293 3859 λιμὴν
1317 3807 1363 3846 C.

143 3859 156 3911 Η
190 3883 246 3889 —-
271 3873 335 3899 11.
360 3859 486 3899 ἐπισκε
490 3859 627 3912 πήςΟ.
650 3862 665 3915 ΙΙ
691 3885 749 3892 -
777 3875 840 3902 12.
868 3863 1138 3920 ναυτίλον]
1165 3866 1368 3907 ναυ-ι-λλό

136 3936 183 3974 με
188 3936 252 3959 νον
279 3922 326 3961 C.
349 3922 541 3963 Ceterum
563 3923 882 3976 Agatharchides
907 3926 1056 3979 tiagice
1088 3941 1177 3967 lem
1204 3943 1371 3983 exagge-

135 3991 223 4031 rat3
250 3983 588 4038 compluraenim
622 3999 694 4026 ora
721 3985 844 4026 habet
864 3986 950 4027 loca
986 3989 1145 4029 ancoris
1172 3988 1371 4043 jaciendis

138 4045 210 4084 ido
200 4061 303 4086 nca.

1067 221 1146 266 DE
1182 213 1341 269 MARI
1379 192 1737 272 ERYTHRAEO.

17 329 127 369 Phot.
142 324 310 385 λιμένας
331 319 716 372 ποιοῦσαιπλείους·
734 313 790 366 ὦν
813 319 888 376 τὴν
905 319 1073 382 πρώτην
1095 321 1244 375 Ἴσιδος
1259 322 1371 386 ἱερὰν
1412 338 1422 348 “

394 2680 436 2721 οὔ
458 2686 533 2721 τῶν
555 2681 642 2736 παρ’
659 2680 771 2736 ἡμῖν,
795 2680 899 2721 ἀλλὰ
922 2686 998 2723 τῶν
1018 2682 1219 2733 ἐντοπίων,
1246 2684 1288 2730 ἃς
1305 2680 1386 2724 κα-Δ

2581 243 2662 282 181

1442 333 1580 389 plures
1613 335 1798 378 efficiunt
1823 344 1981 392 portus.
2023 336 2161 389 Prima
2177 337 2277 378 Isidi
2296 351 2407 378 sacra
2421 369 2431 388 ,
2454 339 2576 382 altera
2597 345 2671 383 Su-

1443 415 1597 471 cabya,
1632 419 1752 459 tertia
1780 417 1929 474 Salydo
1960 417 2214 458 nominatur.
2250 419 2429 459 Desertae
2463 434 2604 462 omnes
2632 433 2672 464 et

1443 494 1560 535 olivis
1595 497 1825 548 umbrosae,
1856 512 1942 538 non
1967 496 2106 552 quales
2142 496 2251 551 apud
2288 511 2384 548 nos,
2423 498 2494 539 sed
2522 500 2597 542 illis
2629 504 2671 543 in

1442 575 1541 616 locis
1550 607 1562 626 ,
1586 586 1791 619 crescunt.

1496 678 1564 719 92.
1583 669 1682 707 Post
1707 668 1911 722 expositas
1923 666 2008 722 jam
2028 667 2179 708 insulas
2197 667 2292 708 litus
2311 677 2421 723 patet
2446 669 2674 725 lapidosum

1403 754 1405 757 -
1439 727 1641 783 longeque
1658 737 1913 784 porrectum.
1958 730 2089 770 Terra
2103 738 2165 770 est
2188 731 2371 771 Arabum
2384 732 2675 776 Thamudeno-

1440 805 1549 840 rum,
1563 799 1735 846 propter
1746 805 1871 846 quam
1889 791 2175 845 navigantibus
2191 793 2268 832 iter
2283 802 2343 834 cst
2357 794 2463 836 ultra
2475 796 2585 836 mille
2595 805 2675 838 sta-

1440 851 1510 893 dia
1527 854 1716 893 omnium
1734 853 2084 894 molestissimum.
2144 856 2237 895 Non
2253 857 2361 896 enim
2379 865 2522 911 portus
2537 858 2594 898 ibi
2616 868 2676 900 est

1441 914 1619 953 accessui
1639 922 1679 954 et
1708 914 1874 954 stationi
1898 913 2160 964 commodus,
2185 930 2267 955 non
2290 917 2407 957 statio
2426 919 2586 958 ancoris
2601 933 2675 974 op-

1441 980 1619 1026 portuna
1634 1005 1644 1023 ,
1691 988 1776 1013 non
1821 974 1935 1013 sinus
1971 974 2023 1013 ad
2062 976 2357 1028 protectionem
2373 1008 2383 1026 ‚
2432 992 2517 1018 non
2556 979 2675 1020 molis

1442 1031 1690 1083 efformatio,
1726 1047 1810 1087 quo
1844 1047 1919 1073 ceu
1948 1035 2175 1080 necessario
2207 1043 2331 1075 nauta
2356 1036 2542 1091 perfugio
2570 1039 2674 1083 reci-

1444 1092 1597 1145 piatur.

1442 1231 1559 1274 cent,
1596 1238 1688 1279 quae
1723 1224 1861 1279 plures
1902 1226 2099 1267 exhibent
2128 1235 2286 1282 portus.
2346 1229 2550 1279 Primam,
2586 1244 2677 1284 quae

1442 1304 1603 1346 deserta
1620 1312 1696 1356 est,
1714 1304 1815 1345 Isidi
1834 1315 2113 1347 consecratam
2132 1307 2284 1348 serunt.
2345 1309 2407 1348 De
2425 1310 2603 1364 antiquis
2618 1310 2676 1351 ibi

1442 1384 1661 1426 domiciliis
1685 1384 1955 1427 fundamenta
1975 1395 2129 1428 restant
2151 1402 2271 1428 saxea
2300 1396 2340 1428 et
2362 1388 2561 1429 columnae
2582 1390 2676 1431 bar-

1442 1465 1592 1507 baricis
1611 1466 1740 1508 literis
1758 1467 1984 1523 insculptae.
2046 1469 2211 1509 Caeterae
2235 1483 2321 1509 non
2337 1469 2474 1509 minus
2490 1468 2677 1510 desolatae

1441 1556 1538 1588 sunt
1551 1579 1563 1599 ,
1584 1548 1702 1589 olivis
1724 1557 1863 1590 tamen
1888 1549 1940 1591 ab
1962 1550 2012 1590 iis
2034 1564 2126 1605 quae
2155 1550 2267 1606 apud
2285 1565 2361 1591 nos
2380 1559 2476 1591 sunt
2508 1550 2677 1592 diversis

1443 1647 1586 1673 omnes
1602 1633 1910 1675 inumbrantur.

1500 1714 1570 1754 92.
1594 1701 1714 1742 Ultra
1731 1702 1804 1742 has
1826 1701 1978 1742 insulas
1998 1701 2094 1743 litus
2116 1701 2337 1758 abruptum
2360 1711 2400 1743 et
2418 1703 2594 1743 transitu
2610 1718 2675 1744 ar-

1442 1767 1575 1808 duum
1596 1769 1649 1810 ad
1683 1769 1792 1810 mille
1819 1784 1862 1810 se
1890 1769 2020 1810 stadia
2041 1769 2217 1825 prolatat
2231 1786 2242 1821 ;
2267 1785 2343 1811 nec
2375 1771 2485 1810 enim
2506 1779 2673 1825 portus,

1440 1851 1518 1878 nec
1537 1839 1659 1878 statio
1681 1839 1724 1878 in
1744 1840 1848 1879 mari
1859 1837 2060 1893 jaciendis
2076 1840 2236 1880 ancoris
2254 1839 2418 1890 idonea,
2439 1853 2516 1879 nec
2533 1841 2674 1891 moles,

1443 1920 1534 1960 quae
1556 1907 1691 1947 nautis
1711 1921 1852 1947 rerum
1875 1907 2063 1947 omnium
2082 1907 2218 1961 egenis
2243 1916 2283 1947 et
2303 1907 2507 1963 perplexis
2538 1923 2677 1949 neces·

1440 1977 1594 2017 sarium
1613 1976 1793 2032 praebeat
1813 1984 2039 2031 receptum.

1497 2047 1567 2099 93.
1603 2048 1727 2087 Mons
1761 2046 1819 2087 illi
1855 2045 2038 2101 adjacet,
2061 2047 2133 2101 qui
2166 2046 2424 2102 confragosas
2457 2048 2502 2088 in
2528 2049 2678 2089 vertice

1439 2123 1575 2170 petras
1586 2114 1718 2155 ·habet
1736 2123 1777 2155 et
1808 2113 1986 2155 celsitate
2016 2113 2259 2156 horrendas.
2320 2114 2491 2156 Radices
2523 2115 2675 2156 crebris

1439 2193 1480 2224 et
1498 2185 1627 2225 acutis
1646 2185 1690 2224 in
1712 2198 1825 2224 mare
1843 2184 1950 2224 saxis
1976 2183 2232 2225 descendunt
2249 2215 2260 2235 ,
2281 2193 2321 2225 et
2353 2199 2462 2240 pone
2483 2186 2675 2226 cavitates

1442 2266 1571 2292 exesae
1589 2259 1630 2292 et
1651 2251 1936 2292 anfractuosae.
1997 2254 2101 2304 Quae
2122 2266 2253 2306 quum
2284 2253 2392 2292 inter
2410 2267 2452 2292 se
2472 2252 2678 2307 perforata

1439 2322 1543 2371 sint,
1568 2329 1609 2360 et
1639 2320 1719 2360 alta
1748 2320 1806 2359 ibi
1830 2320 1882 2359 sit
1909 2320 2032 2359 maris
2063 2319 2353 2374 profunditas:
2388 2321 2536 2360 fluctus
2564 2335 2677 2362 nune

1500 2499 1603 2547 593,
1620 2495 1648 2535 l.
1665 2494 1733 2534 25.
1753 2495 1806 2549 ὄρ
1819 2495 1879 2548 ος]
1897 2494 2029 2544 Idem,
2048 2495 2210 2549 opinor,
2221 2509 2340 2535 mons
2352 2503 2426 2544 est,
2445 2509 2567 2550 quem
2582 2503 2676 2549 post

1441 2557 1680 2599 Modianam
1703 2556 1776 2612 (h.
1798 2556 1986 2607 Moilalz3
2008 2568 2080 2611 27⁰
2105 2556 2171 2605 [ῥ’
2185 2571 2266 2597 sec.
2284 2557 2390 2597 Ptol.
2409 2559 2424 2610 )
2445 2566 2560 2598 notat
2581 2559 2676 2598 Pto-

1442 2621 1606 2660 lemaeus
1623 2620 1809 2674 Hippum
1830 2634 1978 2659 vocans
1998 2618 2010 2674 (
2029 2630 2102 2673 27⁰
2125 2618 2191 2661 30¹
2209 2619 2222 2675 )
2240 2651 2251 2669 ,
2270 2620 2336 2659 cui
2352 2618 2562 2673 subjungit
2580 2621 2675 2660 satis

1442 2683 1563 2735 longe
1577 2682 1767 2722 dissitum
1789 2682 1975 2736 Hippum
1997 2682 2136 2722 vicum
2161 2684 2282 2735 (26⁰,
2305 2681 2401 2738 40')
2425 2690 2465 2722 et
2483 2681 2676 2737 deinceps

1442 2745 1676 2787 Palmarum
1689 2745 1825 2784 vicum
1843 2747 1857 2796 (
1876 2747 1947 2783 26ο
1964 2743 2033 2785 2ο’
2048 2744 2078 2800 ).
2101 2744 2227 2799 Apud
2244 2744 2541 2798 Berghausium
2557 2759 2675 2784 mons

1442 2815 1614 2847 vocatui
1626 2805 1771 2861 Djebel
1786 2805 1971 2854 Solutum
1962 2805 2233 2860 ·Moresbyus
2250 2807 2345 2846 satis
2364 2806 2508 2848 habuit
2525 2805 2676 2846 adseri-

1441 2871 1568 2924 psisse
1586 2867 1778 2910 Mewilalz
1810 2866 1876 2919 Izi
1862 2867 1908 2907 olz
1920 2868 2045 2923 peak.
2075 2868 2346 2911 Wellstedius
2376 2871 2675 2924 (11,p.176)

1443 2932 1612 2972 vertices
1630 2930 1783 2971 montis
1801 2897 1876 2970 ado
1875 2934 1983 2972 6000
1997 2929 2123 2986 pedes
2139 2931 2240 2972 altos
2254 2946 2339 2973 esse
2353 2931 2469 2981 djcit,
2487 2931 2672 2973 addens:

1449 3015 1465 3030 α
1488 2994 1606 3050 They
1623 2994 1728 3034 have
1748 2992 1979 3048 frequently
1997 2993 2103 3034 been
2121 2992 2287 3035 notieed
2308 2993 2364 3049 by
2381 2994 2610 3048 navigators
2632 2995 2675 3034 in

1442 3058 1550 3098 their
1579 3070 1760 3112 passage.
1802 3057 1884 3096 Mr.
1920 3056 2047 3096 Irwin
2086 3057 2159 3097 has
2192 3055 2323 3111 styled
2361 3056 2474 3096 them
2510 3056 2675 3096 Bulloks

1442 3120 1557 3161 horn.
1581 3121 1644 3160 To
1666 3133 1733 3159 me
1762 3118 1832 3159 the
1851 3118 1982 3159 whole
2002 3133 2134 3174 group
2152 3117 2314 3158 seemed
2334 3126 2378 3158 to
2399 3117 2496 3158 hear
2521 3132 2544 3158 a
2564 3126 2675 3171 great

1442 3181 1718 3227 resemblance
1747 3188 1790 3220 to
1814 3177 2168 3235 representations'
2181 3180 2317 3220 which
2337 3180 2348 3219 i
2371 3179 2473 3219 have
2505 3193 2599 3218 seen
2632 3179 2682 3219 of

1442 3258 1664 3285 enormous
1691 3242 1887 3296 icebergs.
1911 3259 1926 3279 »
1958 3244 1993 3283 E
2014 3243 2181 3296 regione
2214 3241 2366 3282 montis
2389 3241 2431 3280 in
2449 3240 2566 3280 litore
2583 3242 2674 3281 Mo-

1442 3308 1612 3363 resbyus
1633 3305 1755 3347 habet
1776 3305 1913 3345 Sherm
1933 3303 2076 3345 Jibber
2095 3313 2136 3345 et
2157 3305 2287 3357 magis
2302 3301 2518 3345 meridiem
2533 3317 2673 3343 versus

1442 3371 1578 3410 Sherm
1609 3366 1647 3409 Z
1652 3367 1775 3408 ibber.
1811 3367 1922 3407 Num
1963 3366 2027 3406 his
2057 3380 2276 3407 commune
2306 3364 2461 3420 aliquid
2490 3365 2542 3405 sit
2577 3379 2674 3406 cum

1443 3433 1580 3486 Hippo
1598 3431 1689 3470 vico
1703 3428 1909 3470 Ptolemaei
1925 3436 1970 3468 tu
1987 3427 2141 3468 videas.
2160 3427 2353 3468 Φοινίκων
2370 3428 2387 3480 (
2401 3426 2430 3469 f.
2446 3427 2638 3467 Φοινικὼν
2656 3427 2669 3482 )

1443 3494 1553 3547 κώμη
1583 3490 1788 3532 Ptolemaei
1806 3489 1982 3544 pertinet
2005 3488 2057 3529 ad
2079 3487 2499 3531 hodiernam'Woilelt
2517 3503 2550 3528 s.
2581 3491 2632 3528 W
2632 3504 2673 3528 o-

1442 3555 1535 3609 cljelz
1561 3553 1573 3610 (
1595 3557 1665 3594 26⁰
1696 3551 1786 3605 15')
1803 3583 1813 3602 ,
1839 3552 1910 3606 qui
1939 3551 2053 3591 locus
2085 3561 2125 3592 et
2143 3560 2311 3606 portum
2336 3551 2460 3591 habet
2491 3565 2672 3591 commo-

1443 3617 1543 3656 dum
1562 3625 1601 3656 et
1623 3615 1843 3670 palmetum
1878 3629 1925 3654 ac
1955 3615 2102 3654 veteris
2121 3614 2235 3655 urbis
2258 3615 2397 3654 ruinas
2421 3612 2502 3669 (de
2523 3613 2671 3666 quibus

1438 3678 1531 3718 vide
1552 3676 1772 3718 Wellsted.
1793 3679 1858 3727 ΙΙ,
1889 3679 1964 3718 188
1984 3675 2015 3732 ).
2051 3678 2194 3731 Itaque
2219 3677 2380 3730 Hippus
2410 3675 2523 3714 vicus
2556 3674 2672 3713 tertia

1439 3739 1587 3794 gradus
1615 3746 1730 3793 parte
1760 3738 1858 3779 hinc
1891 3738 2056 3779 dissitus
2075 3737 2341 3793 respondebit
2366 3737 2448 3777 fele
2470 3734 2670 3774 hodierno

1440 3802 1638 3844 Demeralt
1648 3801 1707 3842 vel
1717 3804 1879 3854 Demeg,
1891 3802 1964 3842 ubi
1978 3802 2126 3842 castelli
2139 3816 2160 3842 1
2163 3802 2279 3842 uinas
2291 3807 2404 3840 notat
2411 3800 2503 3838 Mor
2506 3796 2600 3850 esby
2606 3810 2666 3836 us.

1446 3866 1460 3917 Η
1478 3890 1534 3896 —
1550 3878 1618 3918 27.
1647 3864 1878 3912 σπιλάδας
1906 3863 2105 3919 ὀξείας]
2129 3862 2349 3906 Wellsted.
2383 3861 2533 3912 (11,p.
2559 3857 2668 3912 18⁹)

1442 3928 1492 3968 de
1507 3928 1626 3967 litore
1640 3926 1761 3981 hujus
1780 3936 1942 3970 tractus
1953 3929 2007 3968 ita
2019 3927 2170 3967 habet:
2199 3943 2214 3963 «
2230 3925 2319 3964 The
2343 3929 2516 3974 country
2543 3920 2585 3959 in
2602 3919 2666 3961 the

1442 3990 1611 4044 vicinity
1627 3988 1675 4030 of
1684 3990 1762 4029 this
1779 3988 1851 4046 (sc.
1870 3990 2068 4030 ofSherm
2083 3991 2107 4028 J
2109 3986 2242 4041 ench)
2261 3984 2342 4025 and
2358 3984 2425 4023 the
2445 3980 2665 4034 neighbou-

1442 4068 1463 4093 1
1467 4054 1534 4107 ing
1548 4052 1641 4092 she1
1643 4066 1704 4092 ms
1717 4053 1749 4093 is
1768 4051 2022 4106 remaikably
2038 4051 2184 4090 bamen
2198 4047 2276 4088 and
2295 4046 2485 4086 destitute
2497 4043 2544 4084 ol
2554 4057 2665 4101 xege-
