2782 4348
105 206 109 217 “
207 245 1138 372 [ΔΙΚΑΙΑΡΧΟΥ,
1187 178 1190 180 ’

484 447 554 484 ΩΣ
586 438 863 490 ΦΕΡΕΤἈΙ,

525 553 740 590 ΜΑΛΛΟΝ
771 553 830 587 ΔΕ

391 676 990 752 ΑΘΗΝΑΙΟΥ

93 841 776 915 ΠΕΡΙΗΓΗΣΕΩΣ
834 843 1265 907 ΕΛΛΑΔΟΣ

322 1013 795 1059 ΑΠΟΣΠΑΣΜΑΤΑ
836 1013 998 1055 TPIA.
1021 1007 1039 1067 ]

557 1152 813 1170 --ςθθθυ-

509 1262 522 1321 (
545 1261 856 1308 ΑΘΗΝΑΙΟΥ

63 1395 271 1432 ἨΟΛΕΩΝ
296 1392 578 1428 ΣΚΩΜΜΑΤΑ
597 1392 683 1428 ΚΑΙ
710 1393 822 1428 ΟΔΟῙ
857 1391 943 1426 ΚΑΙ
966 1390 1268 1426 ΠΕΡΙΠΛΟΥΣ.
1288 1385 1304 1438 )

651 1611 718 1657 Α’.

132 1731 343 1777 Ἐντεῦθεν
377 1733 432 1783 εἷς
457 1731 501 1776 τὸ
522 1730 744 1786 Ἀθηναίων
774 1730 964 1775 ἔπεισιν*
989 1730 1112 1775 ἄστυ·
1145 1732 1232 1782 ὁδὸς
1264 1731 1305 1776 δὲ

71 1802 186 1856 ἡδεῖα
203 1836 214 1857 ,
235 1800 520 1864 γεωργουμένη
544 1808 676 1857 πᾶσα,
691 1800 844 1861 ἔχουσά
863 1801 928 1861 [τι
946 1800 964 1860 ]
986 1803 1036 1861 τῇ
1053 1799 1142 1862 ὄψει
1159 1800 1304 1862 φιλάν-

125 1966 228 2015 Quae
246 1967 476 2014 sequuntur
507 1958 735 2012 fragmenta
764 1958 827 1998 vel
845 1959 982 2013 potius
1002 1967 1194 2014 excerpta
1214 1961 1306 2010 tria,

61 2041 118 2067 vcx
135 2023 304 2066 Graeciae
333 2021 609 2076 descriptione
625 2021 776 2076 aliqua,
800 2021 981 2064 fortassis
1001 2023 1123 2062 etiam
1147 2037 1169 2061 e
1182 2021 1310 2075 majo-

70 2090 127 2130 ris
154 2086 331 2132 ambitus
361 2098 485 2139 opere
504 2084 796 2138 geographico,
828 2085 954 2138 petita
980 2092 1089 2124 sunt.
1124 2086 1311 2124 Primum

64 2162 194 2208 atque
215 2150 383 2191 tertium
403 2149 598 2189 exhibent
618 2148 749 2188 codex
768 2148 979 2188 Parisinus
999 2148 1141 2203 Suppl.
1159 2150 1211 2188 N.
1232 2149 1310 2196 443

71 2229 116 2270 p.
141 2216 218 2261 114
249 2225 339 2265 sqq.
361 2209 531 2264 ejusque
554 2210 838 2264 apographum
862 2210 1128 2250 Vaticanum.
1145 2212 1193 2250 In
1217 2224 1314 2264 apo-

72 2277 228 2331 grapho
249 2274 488 2315 Monacensi
523 2272 627 2325 (fol.
662 2272 788 2327 52-57
812 2274 906 2325 VO)
930 2272 1095 2312 nonnisi
1130 2274 1311 2326 primum

72 2339 213 2388 habes,
232 2350 366 2390 neque
381 2334 424 2374 id
448 2336 679 2388 integrum3
705 2349 799 2374 nam
825 2333 976 2374 desinit
1002 2334 1044 2373 in
1066 2334 1191 2374 verba
1219 2334 1315 2389 ἁμα-

73 2402 234 2452 ξήλατος
265 2403 340 2438 τῶν
369 2396 513 2451 ἀγρῶν,
553 2395 778 2451 deperditis
810 2396 992 2450 reliquis.
1020 2397 1314 2448 Fragmentum

73 2461 303 2504 secundum
322 2467 444 2513 atque
469 2459 580 2499 tertii
600 2459 764 2498 initium
783 2457 939 2513 praebet
955 2456 1086 2498 codex
1106 2458 1314 2498 Parisinus

71 2527 125 2566 N.
151 2525 245 2578 571,
278 2522 349 2563 fol.
382 2522 464 2569 430
500 2529 541 2561 et
560 2520 691 2561 codex
724 2519 963 2570 Gudianus,
1000 2535 1022 2560 e
1048 2534 1134 2574 quo
1156 2521 1314 2574 primus

72 2585 282 2628 edendum
305 2584 465 2624 curavit
501 2584 544 2624 in
574 2582 766 2624 Hudsoni
795 2583 1050 2637 Geographis
1082 2583 1098 2635 (
1119 2590 1219 2623 tom.
1248 2586 1311 2633 ΙΙ,

73 2650 165 2689 init.
205 2649 221 2701 )
256 2645 483 2687 Fabricius.
517 2645 681 2685 Nomen
713 2644 893 2685 auctoris
924 2643 1149 2698 titulusque
1181 2645 1315 2698 operis

69 2723 275 2765 nusquam
289 2707 596 2749 adscribuntur.
614 2707 780 2748 Etenim
796 2705 1072 2760 fragmentum
1087 2705 1315 2746 secundum

72 2774 118 2813 in
146 2772 240 2814 cod.
279 2771 353 2825 571
394 2770 597 2824 excerptis
630 2768 913 2811 Strabonianis
949 2769 1005 2809 ita
1036 2766 1312 2822 subjungitur,

75 2843 122 2875 ut
145 2849 197 2875 ne
233 2834 408 2874 minimo
436 2831 605 2887 quidem
639 2832 756 2885 signo
789 2830 841 2872 ab
867 2831 916 2871 iis
950 2829 1241 2884 distinguatur.
1267 2833 1316 2871 In

69 2898 202 2938 -altero
225 2905 363 2937 autem
388 2894 531 2936 codice
550 2895 629 2944 443
654 2894 813 2949 reliqua
837 2893 1064 2948 fragmenta
1081 2892 1167 2934 duo
1185 2895 1316 2934 conti-

77 2974 162 3000 nuo
177 2968 318 3000 tenore
346 2958 481 3013 posita
507 2965 605 2998 sunt
626 2958 734 2998 inter
753 2956 838 2997 duo
856 2956 1114 3010 Perlegeseos
1132 2955 1318 2997 iambicae

75 3022 318 3076 fragmenta,
341 3035 522 3076 quorum
538 3021 654 3075 prius
673 3028 859 3062 recenset
880 3019 1003 3060 urbes
1022 3018 1202 3060 Helladis
1221 3018 1318 3059 inde

74 3086 131 3127 ab
151 3085 370 3127 Ambracia
389 3099 520 3140 usque
539 3084 593 3125 ad
621 3085 786 3125 initium
808 3084 1097 3139 Peloponnesi,
1119 3084 1241 3124 missa
1259 3092 1318 3124 ta-

76 3163 175 3189 men
191 3149 340 3198 Attica,
363 3147 416 3188 de
431 3162 512 3202 qua
525 3148 710 3202 primum
728 3155 917 3188 nostrum
947 3147 1029 3200 agit
1043 3146 1318 3200 fragmentum

76 3210 328 3264 prosaicum,
346 3208 449 3250 adeo
466 3217 512 3249 ut
523 3209 708 3265 suppleat
724 3207 1035 3264 quodammodo
1052 3223 1144 3263 quae
1160 3209 1202 3248 in
1219 3222 1318 3262 poe-

83 3271 173 3310 ticis
190 3269 488 3311 desiderantur.
514 3272 650 3325 Atque
670 3270 758 3311 haec
787 3271 875 3325 ipsa
894 3285 1015 3310 causa
1038 3269 1161 3310 fuisse
1188 3269 1318 3310 videri

84 3332 212 3385 possit
230 3331 385 3372 ordinis
400 3346 538 3373 rerum
561 3346 685 3386 quem
707 3331 838 3373 codex
857 3333 936 3381 443
951 3332 1134 3373 exhibet.
1146 3334 1319 3373 —Vin-

83 3393 213 3433 dicari
232 3392 453 3447 fragmenta
473 3394 606 3435 solent
620 3394 860 3435 Dicoearclzo
878 3394 1095 3436 Messenio.
1111 3396 1319 3436 Nimirum

78 3468 218 3508 xquum
247 3455 447 3508 Periegesi
477 3455 661 3496 iambicae
691 3455 946 3511 subscriptus
979 3456 1120 3497 titulus
1148 3458 1201 3497 sit
1224 3470 1233 3498 :
1255 3457 1320 3497 Δι-

82 3516 276 3570 καιάρχου
299 3514 497 3571 ἀναγραφὴ
527 3515 733 3567 Ἑλλάδος,
769 3519 835 3557 isti
865 3526 1002 3559 autem
1030 3519 1155 3560 iambi
1177 3518 1230 3560 ad
1249 3520 1321 3559 Di-

82 3577 319 3619 -caearchum
338 3578 617 3618 Aristotelium
650 3580 855 3634 pertinere
883 3590 1104 3635 nequeant,
1129 3581 1200 3622 sed
1219 3583 1320 3623 Dio·

89 3640 195 3695 nysii
211 3638 423 3693 cujusdam
436 3639 555 3679 soetus
567 3641 650 3680 sint
664 3653 674 3680 ε
687 3655 839 3681 nomen
851 3643 1078 3683 Dicaearchi
1090 3643 1142 3684 ad
1156 3658 1320 3699 prosam

80 3702 316 3742 orationem
330 3701 499 3755 poeticis
511 3701 702 3742 insertam
717 3703 1045 3745 transferendum
1057 3719 1142 3746 esse
1155 3720 1322 3747 censue-

85 3771 204 3804 runt.
225 3763 377 3817 Opinio
396 3762 483 3802 haec
498 3764 760 3816 quantumvis
775 3764 830 3804 ob
851 3764 1083 3808 facilitatem
1098 3768 1321 3822 probabilis

83 3840 176 3866 -esse
200 3824 399 3874 videatur,
411 3822 524 3878 justo
543 3832 678 3865 tamen
694 3825 892 3880 pondere,
913 3828 945 3867 si
965 3829 1121 3883 singula
1135 3845 1322 3871 momen-

91 3896 131 3928 ta
154 3887 430 3936 trutinaveris‚
452 3894 575 3927 caret.
605 3888 741 3928 Missis
766 3902 856 3942 quae
876 3889 959 3931 huc
980 3893 1187 3946 pertinent
1202 3894 1322 3933 chro-

88 3950 287 4003 nologicis
316 3957 356 3990 et
389 3949 593 3991 historicis
627 3950 701 4002 (V
740 3951 1087 4008 Prolegomena)‚
1125 3957 1166 3995 in
1195 3956 1321 4011 ipsius

259 4036 388 4064 cnocu.
408 4035 437 4063 1.

1523 245 2448 384 {DIGAEARCHL

1735 451 1844 494 *UT
1897 450 2215 496 FERTUR,

1829 558 2003 590 POTIUS
2034 559 2160 591 VERO

1702 676 2020 751 ATHE
2044 679 2269 754 NAEI

1395 848 2124 912 DESCRIPTIONIS
2176 853 2583 917 GRAECIAE

1704 1001 2064 1046 FRAGMENTA
2098 1004 2283 1064 TRIA.]

1875 1151 2131 1169 -aenssoooe—

1826 1257 1839 1317 (
1856 1256 2144 1304 ATHENAEI

1437 1395 1489 1426 IN
1521 1392 1672 1426 URBES
1704 1394 1935 1427 DICTERIA
1966 1395 2026 1426 ET
2059 1395 2156 1427 VIAE
2186 1395 2246 1428 ET
2279 1389 2565 1440 PERIPLUs)

1939 1519 2048 1527 —-

1981 1609 2021 1652 Ι.

1432 1735 1542 1776 Hinc
1556 1749 1694 1775 versus
1717 1734 2032 1776 Atheniensium
2045 1743 2268 1789 properant
2283 1734 2529 1791 [ἐπείγουσιν]
2550 1751 2598 1776 ur
2607 1761 2618 1767 ›-

1375 1802 1492 1853 bem3
1509 1803 1574 1843 via
1584 1817 1760 1853 amoena,
1775 1802 1883 1843 culta
1897 1810 1998 1852 tota,
2010 1802 2308 1843 humanitatem
2319 1817 2402 1858 prae
2415 1818 2457 1843 se
2470 1802 2615 1844 ferens.

1384 1960 1538 2001 codicis
1572 1962 1652 2010 443
1689 1961 1845 2002 indicio
1883 1962 2064 2017 quodam
2093 1962 2326 2003 subsistam.
2361 1964 2524 2004 Etenim
2555 1980 2621 2004 cx-

1388 2031 1526 2078 cerpta
1544 2025 1674 2064 nostri
1691 2025 1902 2079 scriptoris
1924 2025 1968 2064 in
1987 2024 2288 2078 antiquioribus
2306 2024 2420 2065 libris
2442 2025 2623 2080 pleniora

1388 2085 1602 2135 exstitisse,
1628 2100 1705 2126 nec
1730 2094 1883 2126 temere
1908 2087 2038 2126 mixta
2059 2087 2200 2127 alienis
2223 2086 2346 2127 fuisse
2371 2095 2460 2128 tum
2482 2103 2555 2143 per
2582 2105 2623 2130 sc

1388 2156 1708 2188 consentaneum
1731 2157 1815 2198 est,
1839 2156 1929 2188 tum
1952 2148 2048 2188 inde
2066 2149 2269 2202 colligitur
2285 2149 2398 2204 quod
2418 2152 2460 2190 in
2483 2153 2623 2193 codice

1389 2209 1468 2256 443
1498 2223 1541 2263 p.
1571 2210 1805 2263 106(sicut
1843 2211 1887 2250 in
1920 2225 2063 2264 apogr.
2094 2212 2230 2251 Vatic.
2270 2210 2341 2252 fol.
2377 2213 2457 2254 236
2486 2218 2621 2267 rect.)

1388 2278 1518 2311 exstat
1537 2272 1711 2312 titulus:
1743 2271 1990 2324 Ἀθηναίου
2025 2273 2214 2313 πόλεων
2251 2274 2514 2328 σκώμματα
2547 2278 2624 2316 καὶ

1389 2332 1498 2372 ὁδοὶ
1542 2334 1622 2373 καὶ
1664 2334 1944 2388 περίπλους,
1984 2334 2087 2374 nihil
2122 2349 2216 2375 vero
2250 2335 2313 2375 vel
2348 2337 2541 2389 praecedit
2562 2340 2623 2380 vel

1389 2394 1653 2450 subsequitur
1678 2395 1792 2450 quod
1824 2396 1966 2437 referri
1988 2395 2040 2436 ad
2062 2411 2157 2436 eum
2175 2397 2328 2452 possit,
2355 2411 2451 2437 nam
2472 2413 2623 2453 praece-

1389 2457 1451 2498 dit
1473 2458 1647 2513 Scylacis
1675 2459 1860 2514 Periplus
1873 2490 1884 2510 ,
1909 2467 2139 2513 sequuntur
2156 2459 2331 2500 Stathmi
2350 2459 2529 2502 Parthici
2548 2464 2622 2504 Isi-

1390 2519 1482 2560 dori
1527 2521 1767 2562 Characeni.
1804 2524 1943 2574 Quare
1979 2521 2152 2561 indicari
2187 2521 2372 2562 Athenaei
2412 2521 2623 2576 cujusdam

1391 2596 1494 2636 opus
1535 2581 1650 2636 cujus
1693 2583 1859 2623 titulum
1891 2583 2081 2623 librarius
2112 2590 2306 2638 corrupte
2343 2581 2622 2639 adscripserit,

1390 2645 1527 2698 ipsum
1551 2659 1648 2685 vero
1683 2660 1786 2700 opus
1822 2644 1959 2700 ejusve
1991 2645 2217 2699 fragmenta
2235 2645 2434 2694 omiserit,
2467 2652 2625 2690 censuit

1392 2707 1642 2747 Letronnius
1667 2708 1683 2760 (
1702 2710 1839 2748 Poe'm.
1868 2709 2003 2759 ge'ogr.
2027 2722 2071 2762 p.
2099 2706 2176 2748 265
2198 2708 2232 2761 ).
2252 2707 2374 2746 Vana
2390 2707 2512 2748 etiam
2532 2721 2627 2752 sunt

1392 2782 1482 2823 quae
1498 2769 1584 2823 ipse
1594 2770 1747 2809 tentavi
1761 2770 1804 2809 in
1820 2770 1888 2810 Fr.
1900 2769 2009 2809 Hist.
2025 2777 2056 2809 t.
2078 2770 2187 2823 11,p.
2206 2768 2303 2809 232.
2315 2766 2505 2810 Dubitari
2518 2773 2626 2813 enim

1391 2832 1535 2886 nequit
1557 2832 1659 2886 quin
1682 2831 1824 2872 titulus
1842 2831 2045 2887 pertineat
2073 2830 2126 2871 ad
2144 2832 2232 2886 ipsa
2258 2830 2399 2871 Nostri
2422 2844 2624 2888 excerpta,

1392 2908 1483 2948 quae
1506 2894 1605 2934 olim
1624 2902 1718 2934 ante
1735 2894 1884 2934 Isidori
1906 2894 2112 2934 Stathmos
2141 2893 2381 2948 legebantur
2417 2891 2564 2949 (sicuti
2587 2899 2627 2938 in

1393 2954 1535 2996 codice
1557 2955 1633 3010 571
1657 2963 1849 3010 excerpta
1866 2955 2078 2996 Strabonis
2098 2963 2138 2996 et
2155 2955 2295 2996 Nostri
2310 2953 2456 2995 iisdem
2479 2957 2625 2999 Isidori

1393 3018 1587 3059 Stathmis
1606 3016 1947 3073 subjunguntur),
1966 3018 2008 3058 in
2021 3017 2115 3059 cod.
2134 3018 2212 3066 443
2229 3026 2366 3059 autem
2382 3016 2444 3059 vel
2456 3031 2550 3059 casu
2568 3021 2627 3060 vel

1393 3079 1564 3119 consilio
1587 3079 1692 3120 male
1720 3081 1967 3134 transposita
1998 3087 2108 3119 sunt.
2131 3081 2322 3120 Ceterum
2343 3080 2459 3122 facile
2479 3081 2624 3121 intelli-

1393 3142 1504 3195 gitur
1533 3156 1619 3183 non
1659 3143 1881 3196 genuinam
1919 3142 2053 3196 operis
2084 3141 2267 3183 exhiberi
2300 3144 2623 3198 inscriptionem,

1394 3203 1465 3244 sed
1488 3203 1718 3245 indiculum
1751 3204 1873 3245 talem
1893 3203 2055 3258 qualem
2082 3219 2130 3244 ex
2154 3214 2396 3258 argumento
2416 3214 2626 3260 excerpto-

1393 3281 1488 3307 rum
1509 3266 1700 3307 librarius
1722 3266 1890 3321 quidam
1920 3266 2149 3319 collegerat.
2180 3268 2366 3308 Primum
2394 3269 2518 3322 igitur
2555 3283 2628 3308 no-

1394 3330 1495 3369 tavit
1520 3329 1671 3370 πόλεων
1692 3330 1922 3384 σκώμματα,
1947 3328 2115 3368 urbium
2144 3329 2431 3380 cavillationeS,
2459 3331 2542 3370 sive
2566 3331 2627 3370 di-

1395 3392 1520 3432 cteria
1553 3392 1702 3446 quibus
1734 3392 1833 3433 vitia
1861 3391 2113 3444 singularum
2150 3392 2318 3433 urbium
2354 3393 2625 3447 exagitantur.

1393 3455 1644 3509 Magnopere
1659 3453 1811 3495 scilicet
1835 3454 1878 3494 in
1904 3468 1951 3494 ea
1968 3468 2013 3494 re
2031 3454 2071 3494 N
2072 3461 2181 3495 oster
2195 3455 2272 3496 sibi
2294 3455 2449 3510 placet;
2475 3455 2628 3496 nullam

1393 3515 1479 3556 sere
1501 3517 1648 3557 urbem
1671 3523 1888 3566 memorat,
1913 3516 2014 3569 quin
2034 3515 2141 3556 cives
2164 3514 2251 3571 ejus
2273 3517 2354 3558 sale
2382 3531 2457 3558 suo
2484 3517 2629 3572 perfri-

1396 3587 1473 3629 cet,
1500 3580 1664 3635 Oropiis
1698 3577 2007 3634 αἰσχροκερδίαν,
2028 3579 2168 3634 φθόνον
2200 3580 2447 3634 Tanagraeis,
2468 3580 2630 3635 φιλονει-

1396 3642 1480 3683 κίαν
1496 3642 1834 3697 Thespiensibus,
1855 3640 2076 3689 πλεονεξίαν
2093 3642 2382 3692 Anthedoniis,
2402 3642 2625 3689 ἀλαζονείαν

1396 3705 1699 3755 Plataeensibus,
1724 3704 1811 3745 aliis
1826 3704 2080 3759 exprobrans
2103 3702 2194 3745 alia.
2216 3705 2409 3759 Sequitur
2424 3705 2466 3744 in
2482 3705 2597 3744 titulo
2615 3718 2622 3743 :

1397 3766 1461 3806 καὶ
1476 3767 1573 3808 ὁδοί.
1597 3767 1683 3808 Nec
1697 3768 1850 3807 mirum
1866 3766 1918 3807 ad
1940 3766 2020 3807 hoc
2038 3766 2371 3807 animadvertisse
2392 3765 2621 3811 librat-itum

1397 3828 1555 3869 nullum
1572 3831 1682 3869 enim
1707 3830 1805 3870 novi
1830 3836 2056 3878 auctorem,
2089 3829 2159 3882 qui
2181 3836 2294 3868 tanto
2320 3826 2455 3866 studio
2477 3825 2528 3865 de
2546 3826 2626 3865 via·

1398 3905 1489 3930 rum
1522 3890 1794 3945 longitudine,
1827 3889 2080 3939 declivitate,
2120 3889 2334 3929 securitate
2369 3885 2621 3940 periculisve‚

1399 3953 1561 4004 umbra,
1585 3953 1850 4005 diverticulis,
1872 3953 2096 4007 ceterisque
2115 3965 2204 4006 quae
2222 3950 2303 3990 huc
2316 3948 2483 3998 faciunt,
2502 3961 2628 4003 expo-

2439 4028 2459 4041 η

2450 4046 2455 4058 1
