2756 4354
135 140 186 202 (³)
1119 168 1128 175 .
1229 136 1559 185 1011111115.
2596 161 2648 198 ι,

134 242 303 303 μεταξύ.
373 242 473 290 Ἀπὸ
496 241 680 303 Σαρδοῦς
702 237 744 284 δὲ
780 239 836 290 εἷς
864 236 1026 292 Λιὸύην
1050 231 1177 289 πλοῦς
1201 236 1361 299 ἡμέρας

131 311 204 357 καὶ
223 313 380 372 νυκτὸς,
398 314 455 364 εἷς
471 310 513 356 δὲ
533 304 728 356 Σικελίαν
748 305 830 352 ἀπὸ
848 307 1032 368 Σαρδοῦς
1050 307 1178 357 πλοῦς
1194 307 1360 366 ἡμερῶν

133 381 204 426 δύο
226 381 296 427 καὶ
314 378 471 430 νυκτός.
541 375 767 435 Ἐπάνειμι
787 374 828 420 δὲ
846 374 971 419 πάλιν
994 372 1062 419 ἐπὶ
1081 372 1155 428 τὴν
1173 373 1359 436 ἤπειρον,

132 449 220 497 ὅθεν
241 453 295 502 εἷς
312 448 386 504 τὴν
406 447 567 509 Κύρνον
587 444 888 506 ἐξετραπόμην.

192 535 230 566 8.
248 522 480 565 AATINOl.
504 513 738 577 Τυρρηνίας
764 512 929 576 ἔχονται
948 515 1118 560 Λατῖνοι
1143 510 1267 574 μέχρι
1291 515 1361 557 τοῦ

132 585 348 650 Κιρκαίου.
418 584 503 631 Καὶ
525 583 659 630 τὸτοῦ
680 583 933 646 Ἐλπήνορος
953 581 1100 642 μνῆμά
1121 582 1208 626 ἐστι
1235 580 1365 628 Λατί-

129 675 223 703 νων.
248 654 438 702 Λατίνων
459 653 701 716 παράπλους
721 652 877 715 ἡμέρας
894 651 965 697 καὶ
980 649 1140 702 νυκτός.

189 741 225 771 9.
253 726 427 772 ΟΛΣΟΙ.
455 715 652 770 ’Λατίνων
683 721 726 767 δὲ
764 722 931 784 ἔχονται
964 720 1129 767 Ὀλσοί.

128 792 171 840 δὲ
188 793 430 856 παράπλους
453 792 612 855 ,ἡμέρας
635 799 748 852 μιᾶς.

191 879 248 910 10.
270 865 555 910 ΚΑΜΠΑΝΟΙ.
575 862 741 908 Ὀλσῶν
762 859 806 906 δὲ
825 859 990 922 ἔχονται
1010 856 1252 916 Καμπανοί.
1276 856 1364 903 Καὶ

127 931 205 977 εἶσὶ
227 931 365 984 πόλεις
386 930 624 988 Ἑλληνίδες
647 924 769 976 affirm
789 931 830 974 ἐν
851 933 903 991 τῇ
925 926 1160 988 Καμπανίᾳ
1177 945 1186 955 ·
1215 925 1362 986 Κύμη,

126 1001 350 1053 Νεάπολις.
423 1000 547 1048 Κατὰ
582 1000 716 1046 ταῦτά
749 1002 836 1046 ἐστι
860 1001 1132 1055 Πιθηκοῦσσα
1149 1000 1270 1052 νῆσος
1291 996 1362 1041 καὶ

126 1071 243 1122 πόλις
268 1070 477 1126 Ἑλληνίς.
547 1070 804 1131 Παράπλους
824 1067 866 1114 δὲ
881 1072 955 1125 τ’ῆς
975 1065 1229 1128 Καμπανίας
1253 1064 1362 1110 ἐστὶν

125 1141 281 1204 ἡμέρας
302 1149 410 1201 μιᾶς.

188 1227 243 1256 11.
272 1213 522 1258 ΣΑΥΝΙΤΑΙ.
571 1211 818 1269 Καμπανῶν
857 1206 899 1253 δὲ
935 1207 1101 1270 ἔχονται
1137 1207 1361 1251 Σαυνῖται·

125 1280 196 1324 καὶ
212 1279 455 1342 παράπλους
473 1278 560 1325 ἐστὶ
585 1280 796 1324 Σαυνιτῶν
821 1276 980 1338 ἡμέρας
999 1275 1148 1335 ἥμισυ.

187 1358 243 1388 12.
268 1346 539 1389 AEI'KANOI.
564 1341 788 1387 Eoeuvzrffiv-
808 1339 850 1385 δὲ
875 1339 1037 1402 ἔχονται
1060 1335 1264 1384 Λευκανοὶ
1285 1335 1359 1395 με’-

124 1430 193 1473 χρι
217 1411 413 1472 Θουρίας.
482 1411 537 1457 ‘O
555 1411 682 1462 πλοῦς
700 1409 745 1455 δέ
766 1412 852 1456 ἐστι
871 1408 987 1470 παρὰ
1014 1405 1246 1455 Λευκανίαν
1266 1409 1363 1464 ἡμε·

128 1483 208 1541 ρῶν
232 1479 272 1531 ς’
309 1480 380 1525 καὶ
418 1483 574 1526 νυκτῶν
601 1480 659 1532 ς’.
687 1479 739 1527 Ἥ
770 1479 812 1524 δὲ
850 1478 1060 1525 Λευκανία
1089 1475 1198 1521 ἐστὶν
1232 1474 1358 1530 ἀκτή.

61 1547 64 1550 ’
123 1551 197 1596 Ἐν
222 1548 351 1611 ταύτῃ
372 1550 512 1603 πόλεις
542 1549 642 1595 εἰσὶν
675 1548 913 1606 Ἑλληνίδες
943 1547 1052 1593 αἵδε·
1075 1544 1361 1601 Ποσειδιονία,

1199 717 1362 766 Ὀλσῶν

126 1814 232 1843 1020
260 1797 405 1840 stadia.
437 1797 525 1837 Sec.
561 1795 743 1836 Plinium
775 1796 854 1844 III,
891 1794 939 1834 13
963 1791 1152 1833 Sardinia
1173 1790 1288 1830 abest
1306 1788 1359 1828 ab

121 1862 275 1917 Africa
306 1858 542 1902 Caralitano
562 1856 845 1915 promontorio
877 1869 960 1897 200
993 1854 1097 1895 mill.
1124 1867 1245 1909 pass.
1277 1854 1359 1892 Pro

122 1938 204 1967 200
222 1923 367 1965 Strabo
382 1922 438 1972 V,
458 1934 502 1975 p.
524 1919 603 1960 225
629 1919 752 1960 habet
775 1919 857 1960 300
880 1917 981 1958 mill.
1003 1932 1129 1972 pass„
1151 1914 1279 1955 modo
1299 1915 1360 1954 in-

122 1995 340 2042 corruptus
362 1985 414 2025 sit
432 1996 644 2024 numerus.
675 1984 691 2036 11
720 2006 777 2013 —
794 1981 1002 2036 Σαρδοῦς
1019 1979 1194 2031 πλοῦς]
1224 1977 1360 2031 Σαρῧῶ

121 2050 188 2092 πλ.
211 2048 357 2090 codex.

178 2116 200 2166 S
224 2115 263 2154 8.
286 2111 350 2153 Cf.
374 2108 520 2151 Strabo
541 2109 598 2159 V,
628 2122 672 2163 p.
695 2109 773 2149 231
796 2122 805 2150 :
835 2106 934 2148 Νυνὶ
955 2106 1022 2162 μὲν
1047 2101 1113 2146 οὖν
1142 2103 1165 2155 ἣ
1191 2102 1360 2157 παραλία

126 2177 237 2230 μέχρι
251 2174 399 2220 πόλεως
421 2172 648 2222 Σινουὲσσης
668 2169 742 2211 ἀπὸ
773 2174 849 2210 τῶν
875 2169 1041 2209 Ὧστίων
1062 2167 1204 2218 Δατίνη
1226 2165 1359 2206 καλεῖ-

122 2253 207 2278 ται·
231 2238 413 2292 πρότερον
444 2233 485 2274 δὲ
521 2234 634 2288 μέχρι
663 2235 731 2272 τοῦ
766 2231 946 2286 Κιρκαίου
969 2231 1087 2285 μόνον
1112 2228 1269 2283 ἐσχήκει
1289 2225 1359 2278 τὴν

125 2299 308 2341 ἐπίδοσιν.
334 2298 490 2340 Plinius
522 2297 608 2345 ΙΙΙ,
641 2310 664 2348 9
699 2307 709 2334 ι
735 2293 905 2335 Latium
931 2292 1145 2348 antiquom
1171 2306 1198 2331 (ι
1221 2290 1361 2332 Tiberi

127 2362 298 2403 Circeios
309 2368 519 2402 servatum
537 2367 598 2398 est
618 2357 728 2397 mille
738 2356 1041 2412 quinquaginta
1053 2369 1256 2411 passuum
1278 2354 1361 2394 lon-

122 2424 325 2476 gitudine.
360 2421 600 2463 Clausenius
639 2427 782 2460 contra
818 2419 998 2460 Gailium
1031 2418 1244 2472 disputans
1274 2415 1288 2471 (
1316 2431 1357 2456 v.

124 2489 147 2539 S
165 2486 186 2526 5
204 2486 217 2543 )
240 2500 248 2527 :
274 2506 290 2521 α
307 2485 359 2526 Id
374 2497 554 2539 quoque,
573 2483 724 2537 inquit,
739 2480 852 2537 quod
872 2482 1117 2522 Latinorum
1133 2488 1173 2520 et
1189 2479 1361 2519 Volsco·-

123 2563 218 2589 rum
246 2548 446 2588 terminus
477 2544 630 2585 dicitur
658 2544 758 2584 urbs
785 2544 942 2592 Circei,
967 2542 1208 2598 posterioris
1231 2542 1360 2581 aetatis

123 2618 274 2650 statum
297 2609 455 2662 arguit,
478 2621 609 2662 quum
631 2614 816 2660 tempore
845 2605 1034 2658 regifugii
1060 2618 1189 2658 usque
1205 2603 1258 2644 ad
1281 2605 1361 2644 Cu-

123 2686 209 2712 mas
217 2671 462 2727 pertinuerit
470 2684 623 2710 nomen
635 2670 831 2710 Latinum
846 2667 1063 2723 (Niebuhr.
1074 2670 1200 2708 Raem.
1213 2667 1341 2707 Gesclz
1348 2698 1357 2706 .

122 2736 158 2784 Ι,
175 2749 218 2789 p.
246 2733 323 2787 593
341 2731 374 2789 ).
388 2735 534 2774 Postea
549 2740 692 2772 exorta
712 2740 772 2772 est
790 2731 1039 2772 Volscorum
1060 2729 1265 2784 potentia,
1289 2730 1360 2783 qui

123 2797 311 2846 Antium,
326 2794 439 2850 quod
455 2794 641 2835 medium
656 2794 765 2834 inter
780 2796 956 2834 Romam
977 2801 1017 2833 et
1032 2793 1213 2834 Circeios
1229 2793 1354 2832 situm

125 2867 197 2909 est,
219 2865 525 2914 occupaverunt
541 2866 582 2898 et
591 2865 792 2912 perpetuo
804 2856 1000 2897 tenebant
1015 2887 1026 2907 ,
1044 2856 1116 2910 qui
1133 2855 1257 2896 etiam
1273 2856 1361 2896 Cir-

126 2922 232 2962 ceios
253 2921 448 2961 tenebant
465 2920 516 2961 ab
536 2934 646 2961 anno
671 2919 798 2960 Urbis
816 2923 896 2960 266
926 2933 1056 2973 usque
1079 2917 1230 2959 ad'an.
1261 2919 1357 2959 362.

125 2985 186 3024 Ne
203 2993 343 3039 postea
366 2982 536 3038 quidem
565 2983 810 3023 Latinorum
829 2990 918 3023 erat
939 2983 1113 3024 Antium
1126 2997 1137 3032 ;
1162 2990 1202 3022 at
1230 2995 1360 3036 quum

127 3047 304 3087 Circeios
333 3047 378 3087 hi
403 3046 767 3101 recuperavissent,
806 3053 1127 3086 consentaneum
1165 3053 1252 3085 erat
1297 3045 1360 3084 his

128 3123 292 3150 omnem
311 3124 427 3150 oram
457 3107 713 3159 adscribere,
743 3109 817 3149 etsi
850 3122 935 3149 una
962 3106 1050 3162 ejus
1068 3107 1169 3148 urbs
1199 3107 1360 3148 Volscis

127 3171 315 3225 parebat,
329 3186 471 3226 «quum
492 3172 700 3212 continuae
719 3171 970 3212 Volscorum
1000 3170 1170 3211 ditionis
1194 3170 1359 3210 initium

128 3241 220 3286 post
241 3234 418 3274 Circeios
436 3242 554 3275 esset.
579 3254 596 3270 a»
616 3258 673 3265 —-
695 3236 759 3275 De
776 3234 982 3289 Elpenore
1003 3234 1046 3273 in
1064 3234 1201 3275 Circes
1227 3234 1360 3274 insula

130 3294 286 3349 sepulto
308 3310 348 3336 v.
366 3297 538 3338 Homer.
556 3296 705 3352 Odyss.
731 3310 797 3348 12,
821 3311 871 3339 1o
890 3311 980 3351 sqq.

186 3359 208 3409 ὃ
231 3372 271 3410 9.
326 3357 458 3398 Ολσο
475 3361 517 3412 ί]
547 3376 563 3398 «
595 3358 762 3400 ’Όλσκοι
786 3367 1055 3414 reponentem
1082 3360 1276 3400 Vossium
1298 3376 1358 3401 ra-

130 3418 284 3458 tionem
299 3417 446 3472 fugisse
463 3419 752 3461 animadvertit
769 3422 1020 3462 Gronovius.
1038 3422 1124 3461 Ncc
1143 3430 1278 3461 tamen
1303 3424 1360 3463 vi-

130 3480 191 3520 dit
215 3480 322 3521 banc
343 3495 428 3522 esse
442 3483 693 3537 primitivam
718 3484 899 3524 nominis
921 3483 1114 3534 sormam,
1142 3493 1189 3524 ut
1205 3485 1359 3526 Graias

130 3551 189 3582 est
223 3543 430 3597 primitiva
462 3544 603 3586 sormae
648 3549 836 3596 Graecas,
874 3546 988 3601 quod
1029 3547 1116 3587 aliis
1163 3548 1358 3602 exemplis

130 3604 310 3645 ostendit
324 3605 575 3647 Niebuhrius
597 3611 724 3649 Roem.
751 3610 893 3649 Gescle.
917 3612 951 3660 I,
974 3624 1016 3664 p.
1045 3625 1113 3664 79.
1136 3630 1152 3645 »ι
1179 3612 1228 3651 L.
1250 3613 1357 3651 Dm·

129 3681 256 3706 noar.
282 3667 323 3705 in
346 3666 487 3721 Steph.
502 3668 626 3708 Thes.
646 3683 679 3709 s.
697 3683 738 3709 v.

185 3732 207 3781 ς
231 3742 293 3769 10.
317 3730 405 3769 Sec.
420 3728 652 3770 Diodorum
673 3731 771 3780 XII,
788 3732 855 3781 31,
876 3746 913 3782 1,
930 3731 974 3772 ‘cb
987 3732 1176 3781 ἔθνοςτῶν
1196 3735 1358 3790 Καμπα-

130 3794 204 3830 νῶν
218 3791 376 3842 συνέστη
391 3790 556 3845 Olymp.
575 3793 643 3840 85,
663 3791 703 3842 3,
719 3793 798 3840 438
817 3807 855 3833 a.
874 3795 922 3835 C.
943 3795 1010 3835 Sic
1020 3795 1142 3836 etiam
1156 3798 1358 3839 Eusebius

128 3853 171 3891 in
202 3852 605 3903 Chronicis.,Livius
629 3854 706 3902 IV,
742 3854 794 3907 37
822 3869 911 3895 rem
939 3857 1058 3909 ponit
1079 3857 1121 3897 in
1145 3873 1213 3900 an.
1249 3860 1356 3901 Urb.

129 3913 206 3952 331
229 3914 312 3953 sive
335 3913 414 3962 423
443 3927 481 3953 a.
518 3914 565 3954 C.
598 3914 730 3954 Cuma
763 3914 867 3955 urbe
900 3917 1098 3972 Campani
1119 3921 1239 3973 potiti
1264 3930 1360 3962 sunt

128 3975 235 4016 circa
262 3975 328 4017 Ol.
352 3978 419 4029 89,
443 3979 483 4024 4.
514 3979 591 4025 421
627 3991 665 4017 a.
686 3977 751 4027 C.,
778 3985 877 4018 teste
893 3978 1080 4021 Diodoro
1102 3981 1199 4034 XII,
1226 3987 1295 4038 76,
1317 3984 1356 4037 5,

1426 257 1502 289 est.
1561 251 1600 290 A
1618 248 1805 290 Sardinia
1825 249 1871 289 in
1886 249 2059 304 Libyam
2081 250 2163 291 diei
2181 251 2392 309 noctisque
2412 267 2473 298 est
2494 264 2653 316 naviga-

1426 315 1501 366 tio,
1522 316 1567 356 in
1588 316 1766 357 Siciliam
1786 330 1888 356 vero
1905 330 1930 357 a
1946 316 2134 357 Sardinia
2150 320 2353 372 navigatio
2368 322 2484 364 bidui
2506 331 2653 369 noctis·
2706 351 2708 353 v

1426 395 1522 436 que.
1581 383 1662 424 Sed
1693 383 1819 424 redeo
1841 382 1894 424 ad
1927 384 2207 425 continentem
2239 386 2351 427 unde
2383 389 2426 428 in
2450 392 2655 436 Corsicam

1426 449 1631 505 digressus
1651 466 1758 492 sum.

1434 526 1437 529 '
1483 521 1524 560 8.
1558 521 1728 560 LATnu.
1752 521 2028 576 Tyrrheniam
2055 529 2285 576 sequuntur
2308 525 2444 565 Latini
2462 540 2590 582 usque
2608 526 2670 571 ad'

1427 589 1643 630 Circaeum.
1677 590 1894 644 Elpenoris
1928 605 2094 645 quoque
2129 591 2312 632 tumulus
2344 594 2388 634 in
2421 593 2576 637 ditione
2602 609 2661 640 est

1427 659 1688 699 Latinorum.
1700 660 2060 714 Praeternavigatio
2076 661 2320 702 Latinorum
2331 661 2413 704 diei
2431 667 2657 722 noctisque.

1483 741 1524 780 9.
1545 728 1722 768 VOLSCI.
1755 728 1924 769 Latinos
1947 738 2178 784 sequuntur
2201 731 2357 774 Volsci.

1425 797 1779 851 praeternavigatio
1799 796 1882 838 diei
1900 798 2039 839 unius.

1486 878 1552 906 10.
1589 866 1807 906 CAMPAM.
1843 866 2017 907 Volscos
2054 875 2192 909 autem
2214 870 2424 925 excipiunt
2447 874 2659 930 Campani.

1425 935 1479 975 Et
1501 936 1654 976 Graecae
1672 936 1717 976 in
1735 936 1961 992 Campania
1975 936 2099 978 urbes
2117 937 2181 978 hae
2199 947 2295 979 sunt
2321 952 2330 980 :
2355 942 2479 996 Cyme
2501 952 2541 985 et
2558 946 2662 986 Nea-

1425 1003 1545 1057 polis.
1607 1006 1798 1056 Quarum
1824 1005 1869 1045 in
1888 1013 2119 1061 conspectu
2146 1004 2256 1060 jacet
2276 1008 2510 1052 Pithecussa
2532 1014 2661 1055 insula

1426 1085 1523 1111 cum
1544 1071 1648 1112 urbe
1670 1073 1828 1113 Graeca.
1850 1074 2210 1128 Praeternavigatio
2233 1089 2330 1116 vero
2353 1077 2583 1134 Campaniae
2604 1091 2664 1122 est

1428 1138 1511 1180 diei
1523 1140 1679 1191 unius.-

1487 1221 1552 1247 11.
1584 1208 1814 1249 SAMNITES.
1849 1209 2070 1265 Campanis
2107 1211 2290 1266 contigui
2318 1222 2415 1254 sunt
2446 1216 2659 1259 Samnites.

1424 1277 1785 1331 Praeternavigatio
1799 1278 2032 1319 Samnitum
2050 1288 2111 1320 est
2126 1279 2208 1320 diei
2224 1279 2444 1323 dimidiati.

1488 1357 1554 1385 12.
1579 1346 1766 1386 anAM.
1791 1347 1994 1388 Samnites
2017 1357 2248 1403 sequuntur
2281 1351 2438 1391 Lucani
2468 1366 2595 1407 usque
2613 1356 2664 1395 ad

1424 1413 1641 1454 Thuriam.
1674 1415 2033 1470 Praeternavigatio
2056 1418 2249 1459 Lucaniae
2265 1426 2326 1458 est
2346 1418 2507 1460 dierum
2520 1435 2589 1462 sex
2611 1422 2665 1479 (et

1425 1483 1613 1523 noctium
1634 1485 1754 1537 sex).
1814 1486 1887 1525 Est
1908 1493 2046 1528 autem
2080 1488 2265 1528 Lucania
2285 1490 2514 1543 peninsula.
2546 1493 2595 1532 In
2621 1507 2665 1532 ea

1427 1552 1582 1592 Graecae
1621 1551 1745 1592 urbes
1774 1551 1838 1593 hae
1861 1562 1959 1594 sunt
1981 1567 1991 1594 :
2011 1554 2255 1607 Posidonia,
2277 1557 2389 1608 Elea,
2412 1560 2519 1599 Laus
2551 1560 2663 1600 Thu-

2416 735 2661 779 Volscorum

1435 1787 1498 1829 vel
1515 1803 1626 1830 anno
1645 1790 1725 1839 334
1741 1792 1796 1832 U.
1822 1805 1880 1842 c.,
1907 1794 1989 1841 420
2005 1807 2042 1834 a.
2076 1794 2124 1834 C.
2149 1793 2378 1838 secundum
2400 1795 2566 1835 Livium
2586 1797 2661 1845 IV,

1433 1853 1502 1899 44.
1535 1851 1659 1893 Haud
1675 1854 1800 1907 igitur
1822 1854 1946 1895 scribi
1968 1855 2056 1896 haec
2074 1864 2265 1910 poterant
2285 1855 2488 1897 Herodoti
2510 1865 2664 1913 tempo-

1433 1913 1547 1955 ribus
1569 1915 1633 1956 vel
1650 1915 1928 1972 Thucydidis,
1950 1918 2022 1973 qui
2048 1918 2178 1973 Κύμης
2202 1921 2269 1971 τῆς
2290 1918 2328 1960 ἓν
2360 1917 2562 1975 Ὀπικίᾳ
2583 1935 2665 1962 me-

1434 1977 1554 2018 minit
1568 1979 1646 2029 VI,
1665 1981 1706 2030 4,
1725 1982 1766 2028 4.
1780 1981 2038 2021 Μο11110111111
2053 1980 2105 2022 (10
2115 1981 2179 2021 his
2194 1982 2432 2022 Clausenius
2445 1990 2485 2023 et
2494 1984 2665 2023 Letron-

1436 2040 1549 2080 nius.
1578 2042 1591 2094 {l
1619 2065 1676 2072 —
1694 2041 1970 2095 Πιθηκοῦσσα]
1987 2043 2210 2095 Πιθηκοῦσα
2228 2043 2323 2085 cod.
2347 2044 2475 2085 Palat.

1490 2105 1512 2154 S
1537 2117 1601 2143 11.
1627 2105 1880 2145 Samnitibus
1904 2104 1957 2145 ad
1977 2120 2090 2146 mare
2111 2106 2375 2161 Tyrrhenum
2407 2107 2550 2163 Scylax
2569 2122 2662 2150 ean-

1433 2164 1530 2206 dem
1555 2167 1766 2219 regionem
1795 2167 1962 2217 tribuit,
1986 2181 2111 2221 quam
2133 2168 2376 2209 Ptolemaeus
2398 2171 2483 2220 III,
2508 2184 2550 2224 p.
2588 2172 2661 2223 173

1434 2228 1500 2269 ed.
1526 2229 1662 2271 Wilb.
1695 2230 1918 2271 Picentinis
1943 2231 2142 2284 assignat,
2168 2245 2192 2271 a
2213 2232 2343 2272 Sarno
2376 2232 2503 2273 fluvio
2536 2247 2664 2287 usque

1435 2290 1487 2331 ad
1511 2291 1704 2332 Silarum.

1489 2356 1511 2406 S
1532 2368 1596 2394 12.
1622 2354 1868 2395 Σαυνιτῶν
1899 2353 1946 2395 δὲ
1986 2354 2193 2409 ἔχονται
2220 2355 2468 2396 Λευκανοὶ
2485 2359 2499 2408 J
2520 2358 2662 2398 Λευκα-

1434 2415 1667 2470 νοὶέχονται
1693 2417 1887 2457 Σαυνιτῶν
1912 2413 2010 2457 cod.
2032 2416 2159 2458 Palat.
2180 2418 2204 2457 J
2207 2431 2273 2457 am
2293 2418 2409 2457 novit
2427 2427 2570 2459 auctor
2587 2435 2662 2461 no·

1434 2486 1515 2519 ster
1549 2481 1738 2520 Lucanos
1768 2480 1842 2520 ubi
1864 2480 2077 2520 Hecataeus
2107 2488 2147 2520 et
2165 2478 2403 2520 Herodotus
2438 2481 2663 2523 OEnotrios

1432 2551 1654 2593 noverant,
1682 2543 1753 2584 sed
1779 2543 1967 2584 nondum
1988 2544 2104 2583 novit
2126 2543 2309 2591 Bruttios
2332 2542 2346 2599 (
2368 2544 2488 2584 sicuti
2517 2547 2663 2586 Antio-

1433 2604 1534 2644 chus
1546 2619 1711 2660 quoque
1720 2607 1996 2661 Syracusanus
2006 2607 2112 2646 inter
2124 2607 2315 2649 Lucanos
2324 2613 2364 2646 et
2374 2607 2556 2646 Bruttios
2566 2622 2666 2649 non-

1433 2666 1535 2707 dum
1556 2667 1759 2708 distinxit.
1782 2670 1823 2709 V
1838 2669 1984 2710 Strabo
2001 2671 2077 2718 VI,
2102 2683 2146 2724 p.
2168 2668 2247 2709 255
2267 2668 2301 2724 ),
2319 2669 2392 2723 qui
2407 2668 2474 2709 Ol.
2503 2674 2596 2720 106,
2625 2685 2661 2721 1,

1434 2730 1513 2770 356
1540 2745 1578 2771 a.
1604 2732 1651 2772 C.
1670 2746 1692 2772 0
1711 2731 1976 2785 fugitivorum
2005 2732 2177 2772 colluvie
2192 2732 2236 2771 in
2254 2731 2466 2771 nationem
2494 2732 2664 2773 conflari

1432 2802 1646 2848 coeperunt
1681 2793 1887 2851 (Diodor‘.
1923 2796 2041 2845 XVI,
2072 2793 2137 2835 15.
2171 2792 2316 2835 Strabo
2347 2794 2424 2844 VI,
2459 2807 2503 2849 p.
2529 2794 2609 2836 256
2629 2796 2660 2851 ).

1432 2856 1563 2909 Igitur
1585 2871 1682 2898 eum
1713 2857 1838 2898 Italiae
1871 2866 2024 2898 statum
2056 2856 2242 2912 Periplus
2264 2855 2454 2908 exhibet,
2475 2858 2546 2910 qui
2579 2868 2664 2900 crat

1432 2927 1526 2960 ante
1544 2920 1710 2975 Olymp.
1739 2924 1832 2962 106.
1859 2924 1874 2976 Η
1893 2945 1950 2951 —
1966 2919 1990 2971 ἣ
2006 2924 2160 2975 μερῶν
2199 2917 2239 2965 ς’
2272 2918 2352 2959 καὶ
2391 2933 2439 2959 νυ
2455 2924 2575 2960 κτῶν
2594 2919 2659 2975 ς’]

1432 2983 1523 3023 Ηο0
1534 2983 1712 3023 nimium
1730 2990 1804 3023 est.
1827 2984 1864 3024 A
1883 2982 2012 3023 Silaro
2029 2982 2072 3022 ss.
2091 2995 2222 3036 usque
2237 2981 2290 3022 ad
2300 2981 2481 3022 Thurios
2497 2990 2593 3022 sunt
2607 2982 2660 3022 ad

1433 3047 1543 3100 3700
1565 3045 1717 3096 stadia,
1743 3061 1834 3101 quae
1868 3050 1892 3087 6
1922 3045 1986 3087 vel
2017 3061 2041 3100 7
2072 3045 2218 3085 diebus
2246 3044 2431 3100 percurri
2457 3052 2659 3099 poterant.

1431 3109 1631 3162 Similiter
1639 3110 1813 3164 Iapygiae
1828 3109 2019 3164 paraplus
2035 3123 2105 3149 sex
2120 3107 2282 3148 dierum
2300 3107 2566 3160 noctiumque
2578 3121 2662 3147 esse

1431 3171 1599 3223 dicitur,
1614 3186 1744 3226 quum
1757 3186 1838 3211 orae
1846 3169 2062 3224 longitudo
2070 3171 2122 3210 sit
2130 3168 2357 3210 stadiorum
2367 3168 2527 3208 cIrciter
2536 3168 2644 3209 3200
2654 3199 2662 3209 .

1429 3234 1578 3275 Nescio
1593 3249 1645 3275 an
1666 3243 1845 3287 utroque
1862 3232 1954 3272 loco
1970 3231 2068 3285 sigla
2085 3230 2126 3278 ς’
2146 3239 2186 3271 01
2201 3229 2243 3270 Γ’
2258 3228 2429 3270 confusa
2444 3229 2540 3268 sint.
2559 3231 2574 3283 Η
2606 3253 2662 3260 --

1431 3295 1463 3336 Θ
1475 3312 1555 3352 ουρ
1569 3296 1637 3344 ίας
1657 3300 1670 3349 ]
1687 3298 1840 3337 Forma
1861 3293 2003 3347 Θουρία
2023 3294 2152 3333 utitur
2167 3293 2288 3332 etiam
2302 3289 2565 3345 Thucydides
2582 3291 2657 3340 VI,

1432 3362 1455 3399 6
1464 3373 1480 3399 1
1491 3391 1500 3399 .
1516 3362 1591 3408 104
1600 3391 1609 3400 .
1619 3361 1717 3409 VII,
1730 3359 1780 3399 33
1789 3389 1799 3407 ,
1811 3356 1862 3397 de
1872 3356 1975 3397 urbe
1986 3355 2172 3410 loquenS‚
2183 3369 2269 3394 non
2278 3352 2330 3394 de
2338 3367 2452 3407 agro,
2462 3360 2510 3393 ut
2517 3354 2659 3407 Poppo

1430 3421 1532 3461 vult.
1550 3420 1704 3462 Eadem
1730 3419 1861 3460 forma
1877 3450 1888 3469 ,
1903 3417 2023 3473 juxta
2040 3416 2248 3471 vulgarem
2265 3415 2434 3470 Θούριοι,
2459 3415 2503 3454 in
2524 3415 2660 3454 numis

1430 3485 1625 3524 occurrit.
1660 3484 1717 3524 V.
1749 3483 1939 3523 Mionnet
1960 3484 2101 3521 Descr.
2134 3479 2204 3520 des
2232 3478 2336 3519 me'd.
2368 3486 2400 3518 t.
2425 3479 2461 3526 Ι,
2495 3490 2540 3531 p.
2566 3490 2656 3530 170,

1429 3562 1472 3587 n.
1505 3545 1601 3597 865,
1626 3554 1666 3587 et
1684 3545 1889 3601 Supplem.
1917 3553 1948 3585 t.
1973 3546 2008 3594 I,
2040 3558 2083 3599 p.
2118 3543 2214 3592 324,
2236 3557 2279 3582 n.
2306 3543 2402 3595 867.
2426 3539 2490 3580 Cf.
2515 3539 2654 3593 Steph.

1428 3610 1525 3663 Byz.
1547 3623 1581 3649 s.
1606 3622 1647 3648 v.
1672 3616 1712 3648 et
1740 3606 1868 3647 schol.
1894 3605 2108 3660 Aristoph.
2131 3604 2243 3645 Nub.
2277 3603 2354 3643 331
2380 3615 2390 3643 2
2412 3602 2571 3656 Λέγεται
2596 3600 2659 3640 καὶ

1429 3670 1589 3725 Θούριον
1610 3669 1675 3710 καὶ
1693 3669 1848 3724 Θουρία.
1872 3669 1954 3710 Th.
1988 3667 2153 3709 Muller.
2181 3668 2244 3706 De
2265 3665 2397 3706 Thur.
2422 3678 2510 3718 rep.
2533 3677 2575 3716 p.
2610 3663 2655 3701 13

1428 3748 1490 3788 sq.
1512 3733 1527 3786 ΙΙ
1544 3732 1646 3772 -Π
1660 3748 1680 3773 0
1694 3748 1717 3773 σ
1729 3733 1842 3774 ειδω
1856 3732 1934 3773 νία
1952 3731 2170 3785 mosae&-
2185 3727 2390 3776 t'azcodd.;
2409 3739 2489 3766 em.
2513 3724 2656 3764 Cluve-

1427 3797 1514 3837 rius
1542 3795 1632 3837 Ital.
1668 3797 1745 3846 IV,
1771 3799 1821 3845 14
1844 3810 1887 3850 p.
1932 3794 2053 3835 1252.
2096 3791 2316 3835 Posidonia
2330 3820 2341 3840 ,
2378 3786 2655 3842 Sybaritarum

1428 3858 1605 3908 colonia,
1642 3859 1686 3899 in
1717 3860 1982 3899 Lucanorum
2018 3863 2257 3911 potestatem
2295 3850 2407 3890 venit
2444 3849 2548 3887 inter
2585 3848 2652 3886 an.

1430 3921 1629 3970 438-424.
1653 3922 1709 3961 V.
1735 3920 1881 3962 Strabo
1902 3922 1980 3968 VI,
2019 3933 2062 3972 p.
2089 3918 2184 3957 252.
2215 3911 2415 3954 Niebuhr.
2455 3912 2505 3949 R.
2542 3910 2593 3948 G.
2618 3909 2653 3956 Ι,

1428 3998 1471 4039 p.
1491 3982 1542 4038 95
1559 3998 1621 4038 sq.
1640 3982 1656 4035 Η
1672 3981 1896 4031 -Ἔλὲα,
1943 3982 2062 4026 Λᾶος
2095 3975 2310 4031 Θουρίων
2330 3972 2396 4014 ἀπ.
2412 3975 2425 4025 ]
2443 3970 2507 4011 καὶ
2527 3968 2655 4009 Ἐλαὰ

2457 4051 2488 4080 2.
