2808 4342
488 42 534 91 Ο
638 92 642 97 .

702 127 745 170 0

224 229 250 268 ⁵
261 225 315 267 to

249 316 399 360 Ἰνδικῆς
413 317 477 357 τῆς
491 268 595 352 3123<
611 308 754 355 Γάγγου
769 308 939 356 ποταμοῦ
953 306 1017 344 καὶ
1029 309 1103 343 τῶν
1123 305 1161 343 ἐν
1181 305 1275 354 αὐτῇ
1289 305 1439 345 κόλπων

199 370 406 418 περίπλους.

247 424 363 461 Σινῶν
386 419 449 456 καὶ
438 420 539 455 ιτῶν
563 416 603 455 έν
625 416 748 459 αὐτοῖς
761 414 912 452 κόλπων
931 413 1140 463 περίπλους.

247 478 323 514 Τοῦ
345 473 555 522 Θηριιὶιδους
582 470 723 509 κόλπου
743 470 952 518 περίπλους.

248 531 325 568 Τοῦ
347 533 422 566 τῶν
403 530 558 566 νΣινῶν
576 526 716 563 κόλπου
739 523 949 572 περίπλους.

249 582 576 632 Ἀνακεφαλαίωσις
588 583 663 617 τῶν
676 579 947 628 προειρημένων
961 577 1134 617 ἁπάντων
1142 578 1417 629 διαστημάτων.

596 714 1037 760 ΠΡΟΟΙΜΙΟΝ.

260 845 277 906 [
295 846 335 891 Τ
337 847 383 899 ἧς
399 841 473 903 μὲν
496 840 607 894 ε’ντὸς
628 843 710 887 τῶν
736 841 997 905 Ἡρακλείων
1016 844 1180 898 στηλῶν
1202 849 1218 900 ]
1245 843 1437 904 κειμένης

197 913 422 969 θαλάσσης,
438 911 489 969 ἣν
506 914 527 957 ὁ
542 911 747 975 περιέχων
763 910 837 967 τὴν
858 916 935 971 γῆν
953 911 1133 964 ὠκεανὸς
1150 911 1291 976 [πρὸς]
1314 914 1437 959 ἑσπέ-

199 1002 269 1047 ρας
296 983 499 1042 ἐπιτελεῖ,
530 980 639 1027 κατὰ
661 980 731 1026 τὸν
765 979 1020 1039 καλούμενον
1055 980 1303 1044 Ἡράκλειον
1334 998 1438 1046 πορ·

197 1053 300 1114 θμὸν
317 1051 392 1108 τὴν
417 1050 596 1131 εἷσροὴνω
603 1047 846 1110 ποιούμενος
867 1049 1163 1135 Ἀρτεμίδωρος
1195 1053 1217 1096 ὁ
1247 1050 1439 1115 Ἐφέσιος

156 1143 176 1172 5
198 1140 243 1183 γε
226 1121 436 1184 ,ωγράφος
459 1122 501 1165 ἐν
530 1120 615 1172 τοῖς
634 1119 779 1165 ἕνδεκα
797 1123 871 1175 τῆς
895 1119 1156 1183 γεωγραφίας
1178 1120 1350 1183 βιὸλίοις
1372 1121 1439 1168 τὸν

196 1190 450 1253 περίπλουν,
483 1191 538 1241 ὡς
566 1189 615 1234 ἂν
647 1182 697 1245 ἦν
721 1189 905 1248 μάλιστα
934 1190 1131 1246 δυνατὸν,
1167 1189 1437 1254 συνέγραψεν,

194 1264 314 1320 ἡμεῖς
330 1258 373 1305 δὲ
395 1278 476 1304 των
506 1258 677 1320 βιὸλίων
693 1258 848 1304 τούτων
877 1257 950 1311 τὰς
969 1258 1162 1321 περιττὰς
1187 1264 1260 1306 τοῦ
1277 1279 1438 1321 μνημο-

195 1330 400 1382 νευθέντος
429 1328 571 1391 ἀνδρὸς
607 1327 911 1390 παρεκὸἄσεις,
934 1328 1112 1391 προσέτι
1135 1328 1178 1374 δὲ
1217 1329 1436 1393 βαρὸάρων

197 1397 440 1450 Λίθιοπικᾶς
459 1398 596 1450 πόλεις
617 1397 785 1461 ἀφέντες
797 1433 809 1454 ,
831 1399 873 1443 ἐν
892 1399 1069 1460 ἐπιτομῇ
1086 1397 1326 1461 σαφέστατα
1345 1400 1437 1459 μετ’

135 1479 175 1511 10
201 1469 393 1532 ἀκριὸοῧς
409 1468 522 1530 [τῶν
538 1468 556 1530 ]
574 1467 869 1530 ἐφευρεθέντων
882 1467 1117 1529 προσθήκης
1132 1467 1200 1512 τὸν
1214 1467 1437 1530 περίπλουν

196 1538 507 1596 ἐποιησάμεθα,
531 1539 585 1588 ὡς
606 1535 735 1596 μηδὲν
756 1537 882 1582 ἐνδεῖν
899 1536 1000 1598 πρὸς
1021 1536 1280 1594 τελειοτάτην
1305 1537 1438 1600 σαφή-

196 1625 306 1651 νειαν
321 1612 404 1656 τοῖς
423 1605 518 1668 περὶ
534 1608 652 1651 τοῦτο
674 1604 721 1650 τὸ
744 1604 865 1667 μέρος
882 1608 954 1661 τῆς
968 1605 1229 1669 γεωγραφίας
1246 1607 1439 1652 σπουδά-

197 1679 327 1729 ζουσι.
394 1676 492 1720 Τῶν
512 1673 584 1736 [δὲ
600 1673 618 1736 ]
637 1674 830 1719 ὠκεανῶν
852 1674 1057 1737 ἑκατέρων
1076 1679 1146 1721 τοῦ
1175 1694 1220 1721 τε
1246 1674 1348 1739 ἑῴου
1368 1676 1438 1722 καὶ

196 1748 266 1790 τοῦ
290 1743 480 1806 ἑσπερίου
503 1746 517 1803 (
537 1736 593 1788 ὧν
617 1742 691 1799 τὴν
714 1743 893 1806 εἴδησιν,
918 1746 957 1796 ἐς
978 1744 1072 1790 ὅσον
1095 1745 1257 1805 ἐφικτὸν
1279 1744 1440 1808 ἀνθρώ-

133 1830 172 1861 ls
196 1831 310 1874 ποις,
340 1816 367 1868 ἠ
395 1816 474 1858 τῶν
495 1814 661 1859 πολλῶν
684 1813 843 1868 σπουδὴ
859 1813 931 1859 καὶ
954 1814 1180 1877 φιλομαθία
1200 1818 1312 1875 σαφῆ
1336 1833 1437 1861 κατ·

135 1908 141 1911 -
196 1882 398 1942 έστησεν)
433 1885 479 1927 ἐκ
506 1885 579 1937 τῆς
599 1883 859 1945 γεωγραφίας
883 1887 954 1927 τοῦ
980 1883 1188 1929 θειοτάτου
1208 1883 1280 1929 καὶ
1304 1902 1439 1947 σοφω-

195 1951 321 1999 τάτου
344 1951 607 2012 Πτολομαίου
626 1951 674 1997 ἔκ
693 1971 737 1997 τε
762 1955 833 2008 τῆς
854 1952 1139 2017 Πρωταγόρου
1156 1955 1237 1998 τῶν
1260 1953 1437 1999 σταδίων

198 2020 529 2084 ἀναμετρήσεως,
545 2022 595 2076 ἣν
612 2028 694 2074 τοῖς
717 2021 879 2074 οἰκείοις
894 2025 968 2077 τῆς
986 2022 1247 2086 γεωγραφίας
1269 2024 1441 2084 βιὸλίοις

197 2092 510 2153 προστέθεικεν,
544 2090 603 2135 ἔτι
629 2090 710 2149 μὴν
743 2090 814 2135 καὶ
846 2091 996 2153 ἑτέρων
1026 2092 1231 2137 πλείστων
1255 2092 1439 2155 ἀρχαίων

132 2175 176 2205 20
198 2161 442 2224 ἀνδρῶν,τὸν
453 2160 675 2223 περίπλουν
684 2161 923 2223 ἀναγράψαι
932 2161 1205 2223 προειλόμεθα
1214 2163 1257 2205 έν
1269 2161 1442 2222 βιὸλίοις

198 2231 302 2286 δυσὶ,
324 2230 393 2275 τὸν
407 2229 482 2287 μὲν
504 2231 604 2291 ἑῷον
621 2229 692 2274 καὶ
711 2229 993 2290 μεσημὸρινὸν
1006 2229 1187 2274 ὠκεανὸν
1209 2231 1249 2274 έν
1264 2232 1323 2292 τῷ
1342 2247 1440 2292 προ·

196 2299 303 2363 τέρῳ
341 2296 512 2360 βιόλίῳ,
547 2296 615 2343 τὸν
640 2297 675 2343 δ’
707 2297 894 2359 ἑσπέριον
919 2297 990 2343 καὶ
1013 2297 1082 2343 τὸν
1108 2299 1293 2362 ἀρκτῷον
1320 2299 1361 2343 ἑν
1381 2302 1440 2362 τῷ

198 2367 389 2430 δευτέρῳ,
405 2366 495 2428 ἅμα
507 2369 596 2418 ταῖς
615 2367 656 2412 ἐν
681 2367 816 2419 αὐτοῖς
836 2365 1045 2427 κειμέναις
1061 2367 1273 2428 μεγίσταις
1285 2367 1440 2424 νήσοις,

197 2442 249 2499 τῇ
295 2456 339 2482 τε
377 2436 634 2499 Ταπροὸἄνῃ
680 2436 940 2497 καλουμένη,
976 2440 1029 2499 τῇ
1077 2436 1440 2497 Παλαισιμούνδου

135 2519 176 2550 2⁵
197 2506 398 2569 λεγομένῃ
430 2506 641 2568 πρότερον,
666 2505 736 2551 καὶ
760 2511 850 2557 ταῖς
874 2507 1174 2568 Πρεττανικαῖς
1191 2506 1440 2570 ἀμφοτέραις

255 2687 278 2737 S
301 2690 338 2727 1.
356 2685 496 2736 Τῆς...
520 2683 715 2736 στηλῶν
738 2685 750 2740 ]
775 2684 903 2725 Maris
926 2685 1076 2726 interni
1097 2686 1349 2727 mentionem
1370 2685 1441 2726 dc-

200 2745 371 2786 sidcrari
390 2755 522 2801 patet;
544 2746 597 2787 de
619 2746 755 2787 verbis
770 2761 1001 2789 asseverare
1016 2747 1119 2789 nihil
1137 2747 1246 2789 licet.
1263 2749 1357 2790 Mea
1374 2763 1439 2790 ac-

201 2807 461 2850 commodavi
482 2809 532 2850 ad
558 2810 696 2851 locum
717 2809 812 2851 libri
836 2812 879 2851 11
902 2810 993 2851 init.
1019 2822 1029 2851 z
1051 2810 1128 2862 Τῆς
1149 2809 1217 2866 μὲν
1233 2809 1309 2867 γὰρ
1332 2809 1439 2859 ἐντὸς

208 2869 448 2925 Ἡρακλείων
472 2871 627 2922 στηλῶν
654 2871 802 2923 ἁπάσης
825 2872 1045 2925 θαλάσσης,
1076 2874 1205 2929 ὥσπερ
1226 2872 1292 2915 καὶ
1316 2873 1442 2929 προεί-

201 2947 341 2988 πομεν,
361 2931 497 2987 ἀκριὸῆ
515 2933 581 2973 τὸν
598 2932 805 2988 περίπλουν
822 2933 1062 2989 πεποιήμεθα
1077 2934 1116 2976 ἐν
1136 2937 1220 2983 ταῖς
1243 2933 1443 2990 ἔπιτομαῒς

199 2999 279 3037 τῶν
303 2995 440 3036 ἕνδεκα
457 2994 546 3036 κτλ.
571 2996 707 3036 Possis
728 2996 880 3036 etiam:
905 2998 972 3046 τῆς
1006 2994 1110 3043 ἔντὀς
1135 2997 1200 3037 καὶ
1235 2999 1319 3037 καθ’
1343 2998 1444 3052 ἡμᾶς

205 3057 353 3113 (sicuti
369 3058 410 3097 in
429 3057 542 3112 Epit.
563 3057 752 3113 Menipp.
776 3059 799 3111 S
822 3057 845 3098 3
870 3069 879 3097 :
900 3054 1168 3112 Ἀρτεμίδωρος
1193 3058 1237 3098 τὸ
1256 3058 1440 3099 πλεῖστοι

171 3152 175 3157 .
204 3120 315 3176 μέρος
331 3122 399 3172 τῆς
422 3118 528 3168 ἐντὸς
541 3118 606 3161 καὶ
624 3119 710 3160 καθ’
728 3118 830 3175 ἡμᾶς
845 3118 1112 3175 τυγχανούσης
1126 3119 1319 3172 θαλάττης
1334 3121 1442 3162 ἐκπε·

203 3181 405 3237 ριπλεύσας
424 3181 438 3237 )
459 3189 501 3222 et
528 3181 617 3222 aliis
652 3180 787 3223 modis
807 3180 961 3223 multis.
994 3180 1177 3223 Millerus
1205 3182 1439 3237 supplevit:

201 3245 271 3295 τῆς
300 3241 367 3299 μὲν
404 3240 543 3299 μεταῇ
572 3241 758 3298 Εὐρώπης
778 3257 820 3285 τε
853 3242 919 3284 καὶ
950 3242 1109 3296 Λιὸὖης,
1133 3243 1315 3285 Haaseus

203 3304 310 3355 ἔντδς
330 3303 561 3362 Ἡρακλείου
583 3306 774 3362 πορθμοῦ.
797 3307 887 3361 11-
908 3306 928 3347 θ
942 3305 1135 3359 αλάσση
1149 3306 1195 3362 ς]
1221 3304 1348 3347 modo
1368 3307 1439 3355 sic,

202 3366 331 3410 modo
365 3367 558 3421 θαλάττης
588 3366 778 3420 codices,
801 3369 862 3410 uti
898 3368 941 3410 in
975 3367 1193 3420 Strabone,
1214 3367 1319 3411 aliis.
1346 3370 1361 3423 11
1388 3393 1444 3401 -

204 3442 246 3471 2.
266 3428 354 3482 τὴν
373 3431 490 3487 γῆν]
506 3431 564 3472 sic
586 3430 734 3482 codex,
757 3431 834 3473 nisi
851 3430 965 3487 quod
981 3431 1096 3473 litera
1111 3446 1137 3487 γ
1151 3432 1333 3473 evanuit.
1352 3431 1445 3474 Mil·

203 3491 313 3534 lerus
327 3492 443 3534 dedit
477 3493 746 3551 [πανταγ]οῦ.
777 3496 794 3550 ΙΙ
830 3518 887 3527 -
912 3493 1156 3551 ἑσπέρας]
1188 3494 1330 3538 Codex
1356 3507 1365 3536 :
1399 3493 1446 3536 ἔπ

206 3551 260 3595 1..
278 3569 335 3605 ος,
367 3556 525 3597 incerto
543 3556 646 3611 siglo
664 3555 820 3598 medio.
843 3558 975 3599 Haase
996 3557 1129 3612 legere
1149 3557 1226 3599 sibi
1250 3558 1360 3599 visus
1384 3566 1445 3598 est

205 3612 318 3671 ἔαρος
342 3615 459 3670 cujus
481 3619 697 3673 *estigium
730 3618 882 3661 flustra
914 3633 1088 3675 quaeras.
1121 3619 1305 3662 Millerus
1325 3619 1446 3661 tacite

204 3677 369 3735 scripsit
392 3677 582 3734 ἑσπὲριος,
604 3680 718 3736 quod
738 3680 790 3723 ad
810 3681 979 3723 traditas
1010 3682 1147 3724 literas
1167 3682 1356 3740 proxime
1380 3697 1446 3724 ac·

205 3737 340 3793 cedit3
374 3754 472 3782 nam
506 3742 675 3798 spiritus
716 3745 966 3799 permutatio
994 3753 1035 3787 et
1065 3758 1191 3801 prava
1222 3744 1444 3787 verborum

204 3802 417 3845 distinctio
449 3805 492 3845 in
511 3803 654 3847 codice
676 3814 818 3847 nostro
840 3807 974 3848 ubivis
1004 3806 1141 3858 obvia,
1163 3805 1340 3863 ideoque
1360 3821 1445 3849 non

205 3864 423 3908 moranda.
451 3866 559 3909 Sic
547 3881 590 3909 m
612 3866 719 3910 linea
751 3877 884 3910 antec.
921 3868 1016 3911 cod.
1040 3869 1128 3926 περὶ
1156 3869 1261 3926 ἔχων
1290 3878 1331 3913 et
1348 3884 1445 3912 mox

207 3925 358 3968 ἕνδεκα.
388 3930 445 3970 At
467 3942 597 3984 quum
630 3944 713 3971 non
734 3944 781 3981 ea
809 3931 861 3971 sit
885 3931 1025 3972 Nostri
1061 3932 1219 3984 oratio,
1237 3940 1286 3974 ut
1308 3930 1445 3987 adjec-

206 3988 338 4029 tivum
358 3988 528 4046 ἑσπέριος
548 4005 628 4047 pro
642 3990 705 4047 ἀφ’
730 3992 789 4034 vel
813 3992 905 4047 πρὸς
927 3991 1084 4050 ἑσπέρας
1100 3995 1290 4051 usurpari
1308 4001 1444 4050 putes,

208 4056 281 4090 aut
302 4051 545 4106 corrigenda
580 4061 641 4096 est
662 4063 733 4096 aut
761 4053 962 4110 ejicienda
983 4070 1085 4107 vox,
1109 4065 1180 4099 aut
1213 4055 1446 4099 dormitans

1088 204 1387 251 MARctAm
1421 203 1866 252 nEnAcLEssNsts

2679 0 2808 207 *ἐξ

2372 199 2808 272 (ι’...ινιιιιᾱεὴζ

1538 311 1672 375 ‘India
1681 313 1790 346 exer-a
1814 311 1982 355 ὒοπςοηι
1998 312 2167 356 ,fluvium
2181 313 2405 360 cinnamoque
2423 315 2513 359 adJa
2491 315 2676 351 acontium
2694 324 2755 360 n·
2730 270 2808 403 1

1511 366 1732 456 ηιὲίίιεανιιοι
1752 421 1977 465 :innatamque
1997 419 2253 465 adiacentium
2271 422 2451 469 periples.

1555 474 1681 511 Ferini
1697 475 1802 510 sinus
1821 475 1997 520 pet-ipim.

1552 530 1717 565 senensis
1734 530 1841 564 sinus
1857 529 2036 574 pere‘plus.

1560 583 1839 621 Consummatn'o
1866 582 2034 618 omnium
2052 582 2182 618 horum
2207 582 2502 621 intervallorum.

1922 723 2333 767 PROOEMIUM.

1569 850 1779 907 Periplum
1801 851 1927 892 maris
1954 851 2064 892 intra
2083 851 2275 892 Herculis
2294 849 2508 892 columnas
2527 851 2619 902 siti,
2639 850 2763 907 quod

1510 934 1664 969 terram
1683 927 1870 968 ambiens
1888 940 2066 969 oceanus
2079 936 2196 984 parte
2210 931 2276 971 sui
2292 929 2544 972 occidentale
2566 944 2641 987 per
2655 931 2773 980 Heri

1509 1008 1612 1050 culis
1657 1008 1809 1050 fretum
1845 1009 2023 1052 influens
2050 1007 2193 1060 efficit,
2233 1009 2523 1053 Artemidorus
2554 1011 2758 1068 Ephesius

1509 1090 1766 1146 geographus
1790 1089 1992 1131 undecim
2010 1089 2282 1146 Geographiae
2301 1090 2418 1133 libris
2435 1105 2559 1147 quam
2581 1091 2757 1148 diligen-

1511 1172 1666 1213 tissime
1699 1170 1916 1227 descripsit
1930 1202 1942 1222 ,
1968 1185 2124 1227 nosque
2138 1202 2150 1221 ,
2174 1170 2394 1227 superfluis
2420 1170 2623 1216 librorum
2644 1187 2750 1231 pre-

1511 1252 1610 1294 dicti
1633 1253 1710 1293 viri
1726 1251 2049 1306 digressionibus
2067 1260 2191 1308 atque
2208 1252 2455 1309 AEthiopicis
2476 1252 2757 1298 Barbuomm

1510 1332 1686 1374 urbibus
1706 1313 1893 1383 omissis{
1917 1331 2033 1373 brevi
2055 1332 2306 1388 compendio
2323 1331 2550 1375 dilucidam
2575 1332 2758 1391 descrip-

1507 1416 1663 1457 tionem
1699 1414 1956 1456 confecimus
1990 1428 2075 1455 una
2107 1428 2206 1455 cum
2240 1422 2434 1456 accurato
2472 1413 2762 1471 supplemento

1509 1509 1655 1537 eorum
1671 1508 1763 1551 quae
1777 1503 1918 1551 postea
1931 1495 2098 1549 cognita
2111 1494 2300 1546 suerunt,
2322 1496 2379 1537 ita
2396 1502 2443 1537 ut
2462 1494 2563 1536 nihil
2585 1496 2763 1539 omnino

1507 1575 1560 1617 ad
1581 1589 1786 1619 summam
1819 1574 2156 1630 perspicuitatem
2181 1573 2408 1617 desiderari
2437 1583 2564 1631 queat
2595 1575 2649 1618 ab
2682 1562 2765 1618 mis„

1507 1657 1585 1712 qui
1624 1656 1733 1696 hanc
1760 1654 2018 1711 geographiae
2059 1663 2220 1711 partem
2262 1669 2511 1710 cognoscere
2549 1656 2725 1713 cupiunt
2746 1670 2756 1697 :

1509 1738 1724 1792 utriusque
1750 1745 1888 1778 autem
1912 1737 2083 1788 oceani,
2107 1745 2198 1778 tum
2224 1735 2434 1779 orientalis
2457 1744 2549 1779 tum
2570 1737 2772 1783 Oeniden--

1514 1818 1604 1860 talis
1637 1818 1850 1875 (quorum
1869 1818 2147 1871 cognitionem
2161 1848 2172 1867 ,
2197 1827 2399 1872 quantum
2418 1817 2580 1860 homini
2599 1820 2760 1876 assequi

1510 1898 1619 1949 licet,
1645 1897 1874 1940 multorum
1907 1896 2109 1938 industria
2147 1905 2272 1951 atque
2300 1896 2479 1939 eruditio
2502 1898 2760 1942 manifestam

1509 1974 1630 2015 nobis
1648 1973 1889 2028 reddidit),
1920 1987 1972 2015 ex
1994 1971 2125 2013 divini
2155 1981 2196 2014 et
2210 1973 2517 2028 ‘sapientissimi
2538 1973 2756 2016 Ptolomaei

1509 2051 1772 2107 Geographia
1789 2059 1830 2092 et
1845 2052 2079 2104 Protagorae
2091 2047 2320 2090 stadiorum
2338 2042 2614 2102 dimensione,
2627 2048 2756 2107 quam
2779 2067 2781 2070 ¹

1509 2128 1595 2169 suis
1613 2127 1666 2169 de
1684 2126 1933 2183 geographia
1955 2125 2073 2167 libris
2097 2123 2326 2180 subjunxit,
2347 2134 2436 2167 tum
2452 2139 2503 2167 ex
2524 2124 2615 2168 aliis
2630 2125 2761 2183 pluri-

1510 2204 1588 2245 mis
1602 2204 1747 2259 priscis
1759 2202 2013 2251 auctoribus‚
2024 2200 2345 2256 descriptionem
2359 2199 2528 2244 duobus
2546 2201 2663 2244 libris
2674 2216 2762 2244 am-

1511 2279 1619 2335 plexi
1638 2292 1798 2330 sumus,
1823 2277 2033 2319 orientalis
2050 2276 2221 2332 quidem
2250 2285 2292 2319 et
2314 2276 2595 2320 meridionalis
2616 2279 2759 2322 oceani
2788 2323 2790 2327 ,

1513 2355 1652 2411 priore
1666 2354 1790 2405 libro,
1809 2352 2073 2396 occidentalis
2095 2367 2194 2395 vero
2215 2361 2257 2395 et
2277 2353 2607 2410 septentrionalis
2622 2363 2761 2412 poste-
2783 2411 2786 2417 Α

1511 2433 1637 2482 riore,
1660 2445 1745 2473 una
1762 2445 1858 2472 cum
1874 2430 2095 2486 praecipuis
2114 2443 2206 2485 quae
2222 2429 2264 2471 in
2280 2429 2357 2471 illis
2370 2428 2510 2486 jacent
2527 2429 2689 2483 insulis,
2712 2445 2760 2475 ea

1510 2508 1665 2550 scilicet
1696 2521 1821 2563 quam
1855 2505 2134 2562 Taprobanen
2161 2514 2324 2558 vocant,
2344 2505 2634 2550 Palaesimundi
2656 2506 2758 2551 olitn
2781 2509 2787 2570 j

1511 2693 1658 2726 auctor
1679 2684 1767 2726 haec
1787 2683 1965 2739 scripsit,
1990 2683 2111 2725 sicuti
2130 2682 2198 2725 illa
2212 2697 2306 2739 quae
2319 2682 2512 2739 leguntur
2529 2685 2554 2737 3
2571 2685 2596 2734 Ι.
2619 2682 2714 2725 init.
2742 2696 2756 2727 z
2779 2666 2792 2698 ⁴

1511 2746 1845 2803 τῆςέγνωσμένης
1878 2746 2028 2798 ἁπάσης
2063 2747 2153 2801 γῆς.
2188 2744 2261 2787 ubi
2293 2743 2470 2787 debehat
2503 2746 2572 2797 τῆς
2610 2743 2782 2801 ἀπάσης..

1505 2810 1597 2866 γῆς.
1617 2811 1709 2865 11—-
1725 2809 1764 2851 5.
1782 2824 1833 2851 το
1848 2810 1888 2857 ἴς
1923 2807 2132 2864 ἕνδεκα]
2154 2807 2292 2849 ἕνδεκα
2311 2805 2563 2860 τοῗςοοάοκς
2578 2821 2663 2850 em.
2678 2809 2787 2854 lae—l

1513 2881 1663 2915 tronne
1698 2874 1838 2914 Poem.
1866 2872 2003 2924 geogr.
2038 2883 2083 2927 p.
2119 2870 2218 2926 273.
2250 2870 2267 2925 11
2293 2893 2351 2903 —-
2383 2869 2425 2911 5.
2449 2869 2687 2928 γαιογράφος
2716 2868 2761 2914 ἓν

1513 2934 1649 2977 ἕνδεκα
1679 2936 1762 2983 τοῖς
1800 2937 1867 2987 τῆς
1907 2932 2162 2989 γαιογραφίας
2198 2931 2294 2974 cod.
2341 2933 2358 2987 ΙΙ
2397 2956 2454 2965 -
2489 2935 2531 2975 6.
2570 2931 2627 2975 ἂν
2666 2927 2725 2987 ἦν
2787 2953 2791 2970 1

1514 2996 1602 3050 ἐνῆν
1640 2994 2233 3050 cod.;em.1{0aechetius.u
2262 3017 2318 3026 —
2344 3007 2411 3037 lo.
2451 2991 2630 3050 ἂκριὸοῦς
2650 2992 2718 3051 tp
2790 3033 2795 3056 γ

1514 3075 1552 3115 ρε
1538 3060 1667 3101 θέντα
1689 3058 1803 3110 cod.;
1833 3073 1916 3100 em.
1939 3057 2191 3108 Holstenius,
2222 3054 2340 3112 cujus
2374 3056 2607 3100 versionem
2640 3078 2646 3091 ·
2668 3087 2670 3090 ψ
2695 3078 2701 3091 ·
2722 3087 2728 3090 -
2752 3084 2761 3101 .
2792 3064 2799 3106 l

1512 3123 1555 3163 in
1591 3122 1742 3163 latinis.
1788 3122 2043 3177 Corruptum
2075 3117 2232 3174 aliquid
2253 3117 2451 3160 odoratus
2483 3115 2619 3160 scribe
2653 3130 2735 3175 apo

1512 3182 1655 3239 graphi
1685 3183 1875 3225 Vaticani
1912 3190 2111 3237 quattuor
2137 3180 2349 3223 literarum
2385 3179 2581 3236 spatium·
2586 3187 2682 3222 ente
2714 3194 2757 3223 v.

1346 3247 1443 3295 ετῆς
1514 3242 1757 3300 ἔφευρεθέντα
1801 3244 1967 3299 reliquit
2006 3256 2198 3284 vacuum.
2242 3242 2259 3296 11
2304 3265 2361 3277 —
2397 3251 2464 3284 ια.
2505 3255 2727 3300 γαιογραφ

1512 3309 1608 3353 c‘od.
1652 3312 1668 3365 11
1696 3334 1752 3342 —
1783 3311 1847 3351 13.
1873 3309 1913 3351 δὲ
1938 3309 2110 3359 inserui,
2141 3315 2351 3364 praeunte
2388 3305 2620 3350 Holstenio.
2659 3307 2677 3364 ΙΙ

1517 3374 1582 3422 14.
1622 3369 1693 3423 τὴν
1734 3373 1847 3425 (ηοη
1872 3372 1958 3427 τῷ)
1995 3369 2123 3423 ἴδησιν
2155 3368 2270 3424 cod.;
2308 3383 2390 3412 em.
2422 3367 2630 3412 Hoesehel.
2659 3369 2677 3423 ΙΙ
2754 3422 2755 3426 ¹

1517 3434 1580 3475 15
1602 3431 1701 3489 σάφὴ
1725 3433 1819 3475 cod.
1838 3440 1878 3475 et
1897 3447 1994 3474 mox
2014 3432 2269 3490 γαιογραφίας
2293 3434 2362 3474 τοῦ
2382 3432 2591 3475 θειωτάτου
2608 3430 2690 3475 nto

1515 3496 1645 3552 μαίου,
1663 3510 1746 3538 em.
1764 3494 1969 3538 Hoeschel.
1993 3495 2163 3552 11—17.
2181 3494 2691 3552 Πρωταγόρου]Εωι·

1513 3568 1725 3601 auctorem
1744 3558 1978 3601 Marcianus
2010 3565 2213 3600 memorat
2237 3556 2443 3614 prooemio
2460 3554 2555 3599 libri
2585 3568 2700 3599 secu·
2740 3554 2757 3586 ‚‘

1513 3623 1680 3675 et538.
1705 3623 1761 3663 V.
1780 3623 1945 3676 Fragm.
1962 3634 2102 3676 geogr.
2120 3618 2323 3677 perditor.
2348 3619 2444 3675 11—
2466 3619 2534 3663 18.
2558 3618 2676 3668 ταις..
2697 3615 2748 3675 6

1515 3684 1746 3734 εΗοιςεοιὶ.
1771 3686 1942 3739 11—20.
1962 3682 2251 3740 ἀναγράψαι
2271 3679 2674 3739 προειλόμεθα]

1514 3748 1656 3804 γράψαι
1677 3763 1741 3804 πρ.
1762 3746 1947 3803 εἱλόμεθα
1964 3744 2078 3789 cod:
2068 3745 2385 3829 ,ἀναγράψαντες
2403 3742 2589 3800 εἱλόμεθα
2609 3753 2740 3799 apogr

1514 3818 1555 3851 et
1568 3809 1686 3852 editt.
1695 3811 1876 3866 ,inepte
1895 3808 1961 3852 Cl'.
1978 3807 2195 3862 §Beni-,z
2213 3810 2289 3848 τῶν
2307 3804 2380 3855 ἔξω
2395 3803 2648 3847 θαλασσῶν..
2717 3826 2736 3838 ‚.

1514 3834 2745 4008 ms.‚=.=.‚-„22ss1⁶‚2;==„=÷

1514 4009 1573 4050 γε
1565 4010 1636 4035 ιο·
1624 3994 1730 4036 ’νοου
1758 3994 1875 4046 cod.-
1907 4008 1989 4036 em.
2026 3990 2232 4036 Hoeschel.
2265 3991 2363 4046 11-
2384 3987 2455 4031 25.
2482 3989 2653 4045 Βρετταν

1516 4056 1562 4100 Ιι.
1582 4057 1610 4099 l.
1628 4067 1669 4100 ct
1685 4060 1745 4112 §8
1763 4058 2023 4115 Βρεττανικῶν
2041 4054 2189 4108 codex,
2207 4052 2352 4097 ceteris
2370 4050 2470 4095 locis
2484 4050 2655 4108 Πριτταν
2700 4092 2703 4093 γ
2727 4093 2733 4101 „
