2808 4342
160 187 251 228 216
564 228 612 271 ο

242 282 396 347 Δελφοὶ
413 283 684 331 συνάπτωσιν
704 283 747 331 δὲ
764 283 920 335 τούτοις
939 283 1129 346 ἐχόμενοι

239 351 289 398 τό
303 370 349 398 τε
370 352 550 400 Πυθικὸν
569 353 758 412 μαντεῖον
774 350 1089 414 ὂψευδέστατον.

156 436 222 468 sss
243 418 368 477 Ἑξῆς
386 420 428 467 δὲ
445 423 613 471 Φωκεῖς
626 454 641 479 ,
661 419 730 470 οὓς
753 420 868 464 δοκεῖ
884 418 1115 464 συνοικίσαι

242 490 418 546 Φῶκος,
436 488 644 535 κατελθὼν
668 486 774 547 μετὰ
790 486 1016 548 Κορινθίων
1038 492 1190 550 προτοῦ

239 560 542 619 γενεαλογεῖται
562 556 597 601 δ’
619 554 826 618 Ὀρνύτου
845 558 916 601 τοῦ
935 556 1137 620 Σισύφου.

241 628 282 673 Τ
283 625 410 682 αύτης
428 625 470 670 δὲ
489 630 622 670 κεῖται
639 622 815 679 πλησίον
839 624 1016 671 Βοιωτία
1033 658 1047 682 ,

235 693 354 756 χώρα
373 694 547 754 μεγίστη
566 691 708 756 καιρία
724 711 769 739 τε
787 695 839 752 τῇ
857 691 982 740 θέσει·

153 777 218 809 400
241 765 395 824 χρῆται
408 760 514 822 μόνη
533 762 614 824 γὰρ
630 761 738 824 τρισὶ
756 761 1002 821 θαλάτταις,
1021 766 1078 817 ὡς
1094 764 1213 827 λόγος
1225 800 1237 821 ,

238 831 324 893 ἔχει
348 830 390 876 δὲ
411 830 582 890 λιμένας
599 830 666 883 οὓς
689 830 764 892 μὲν
784 834 841 885 εἰς
864 833 1130 897 μεσημὸρίαν

238 899 463 961 βλέποντας
482 900 755 964 εὐκαιρότατα
770 900 872 964 πρὸς
893 901 963 948 τὸν
990 903 1154 966 Ἀδρίαν

234 968 281 1014 τὸ
300 969 516 1016 Σικελικόν
537 970 572 1015 τ’
590 970 787 1033 ἐμπόριον
799 1005 812 1028 ,
833 970 900 1024 οὒς
918 970 959 1017 δὲ
976 971 1077 1035 πρὸς
1098 972 1267 1035 Κύπρον

236 1038 307 1084 καὶ
325 1039 394 1086 τὸν
413 1042 511 1086 κατ’
532 1039 742 1101 Αἴγυπτόν
759 1059 804 1086 τε
819 1039 892 1093 τὰς
909 1041 1058 1097 νήσους
1075 1060 1120 1088 τε
1138 1044 1286 1088 πλοῦν·

152 1120 216 1152 405
240 1100 352 1154 οὗτοι
369 1107 411 1154 δὲ
430 1108 525 1171 περὶ
544 1108 619 1165 τὴν
638 1109 783 1156 Αὐλίδ’
803 1109 904 1155 εἰσὶν
918 1112 956 1156 οἱ
974 1110 1111 1166 τόποι,

237 1179 279 1222 ἐν
302 1170 360 1230 οἷς
381 1178 657 1240 Ταναγραίων
674 1179 761 1226 ἐστὶ
779 1178 949 1239 κειμένη
968 1180 1111 1238 πόλις,

235 1245 336 1310 ὑπὲρ
359 1246 402 1294 δὲ
421 1248 575 1304 ταύτην
592 1250 633 1294 έν
653 1248 855 1311 μεσογείῳ
875 1250 1076 1297 Θεσπιαί·

234 1316 305 1362 τὸν
324 1316 368 1363 δὲ
388 1317 524 1380 τρίτον
545 1318 623 1372 ἔξω
645 1323 717 1365 τοῦ
737 1318 828 1364 κατ’
850 1317 1031 1381 Εὔριπον
1052 1320 1205 1382 δρόμου

235 1386 291 1438 εἷς
310 1385 385 1441 τὴν
405 1386 660 1435 Μακεδόνων
677 1388 901 1435 Θετταλῶν
925 1389 959 1433 θ’
981 1387 1218 1450 ἱκνούμενον
1231 1423 1242 1445 ,

151 1470 217 1501 500
239 1456 302 1517 ἐφ’
321 1447 369 1500 οὗ
387 1454 591 1518 παράλιός
610 1457 721 1502 ἐστιν
744 1455 947 1512 Ἀνθηδὼν
964 1458 1099 1510 πόλις.

239 1522 388 1579 Θῆὅαι
404 1524 598 1585 μέγισται
618 1526 655 1570 δ’
673 1525 751 1571 εἰσὶ
770 1529 841 1582 τῆς
858 1526 1074 1578 Βοιωτίας.

242 1586 364 1642 Εἶτεν
382 1593 577 1640 συνάπτει
598 1592 776 1657 Μέγαρα
791 1630 804 1652 ,
825 1595 993 1657 Δωρικὴ
1013 1595 1143 1648 πόλις·

234 1662 470 1723 σύμπαντες
491 1661 618 1718 αὐτὴν
647 1664 847 1710 ἐπόλισαν
867 1664 947 1726 γὰρ
967 1666 1164 1729 Δωριεῖς,

234 1733 421 1778 πλεῖστοι
445 1731 652 1795 Κορίνθιοι
672 1733 804 1779 δὲκαὶ
827 1733 1073 1790 Μεσσήνιοι.

152 1816 213 1846 sos
242 1800 421 1863 Λέγουσι
435 1801 474 1846 δ’
492 1802 733 1864 Ὀγχηστοῦ
750 1802 966 1864 γενόμενον
991 1805 1171 1865 ἐγκρατῆ

240 1870 423 1933 Μεγαρέ’
446 1871 514 1934 ἀφ’
538 1875 662 1918 αὑτοῦ
679 1876 799 1918 τοῦτο
816 1873 955 1918 θέσθαι
970 1872 1167 1933 τοῦνομα.

238 1939 292 1987 Ἥ
316 1940 502 2004 Μεγαρὶς
518 1941 702 2005 ἀφορίζει
720 1942 761 1988 δὲ
782 1941 855 1998 τὴν
875 1942 1094 1989 Βοιωτίαν.

148 2095 264 2149 eod.;
294 2111 378 2140 em.
411 2097 618 2140 Meineke.
649 2100 667 2154 ss
703 2124 761 2132 —
793 2102 891 2150 482.
932 2099 1215 2156 ἐστραμμένους
1249 2113 1393 2140 omnes

147 2159 367 2211 editiones,
392 2160 465 2202 sed
484 2160 616 2203 codex
636 2161 760 2203 habet
783 2161 1074 2218 ἐστραμμένων,
1102 2160 1218 2217 quod
1252 2169 1396 2202 notare

147 2223 287 2264 omisit
301 2222 502 2275 Millerus,
517 2223 805 2279 reponendum
821 2238 907 2266 esse
931 2223 1107 2279 conjecit
1128 2222 1362 2265 Meinekius
1381 2236 1391 2264 :

154 2305 172 2322 ι
197 2286 360 2327 Horum
375 2285 615 2338 verborum,
633 2288 784 2342 inquit,
813 2288 847 2328 si
871 2289 904 2329 is
923 2301 1066 2329 sensus
1081 2295 1156 2338 est,
1174 2300 1298 2342 quem
1320 2300 1390 2327 vo-

147 2347 238 2389 lunt
259 2349 518 2405 interpretes,
535 2357 583 2391 ut
600 2349 736 2391 Ozolae
756 2350 879 2391 Locri
895 2348 1012 2391 sedes
1026 2363 1120 2391 suas
1133 2362 1264 2405 prope
1273 2348 1388 2391 AEto·

147 2410 243 2452 liam
274 2410 410 2452 fixisse
446 2409 655 2463 dicantur,
678 2420 900 2468 postquam
933 2411 986 2454 ab
1018 2412 1214 2468 Opuntiis
1246 2412 1390 2453 Locris

146 2472 253 2528 pulsi
273 2471 452 2523 suerint,
477 2474 708 2516 necessario
737 2473 810 2516 ὑπὸ
836 2479 913 2516 τῶν
936 2474 1029 2530 πρὸς
1046 2473 1212 2516 Εὕὸοιαν
1235 2475 1392 2530 Λοκρῶν

147 2534 413 2576 scribendum
425 2543 501 2578 est.
522 2535 602 2578 Sed
618 2536 745 2579 credo
759 2539 986 2594 Scymnum
1003 2538 1239 2594 scripsisse:
1262 2536 1392 2580 ἀπὸ...

150 2597 440 2653 ἐστραμμένων,
466 2607 514 2639 ut
544 2600 685 2655 Λοκροὶ
714 2600 806 2655 πρὸς
839 2600 1005 2641 Εὕὸοιαν
1040 2599 1295 2656 ἐστραμμένοι
1313 2600 1395 2641 sint

148 2661 271 2701 Locri
296 2661 337 2700 in
358 2661 557 2702 Euboeam
573 2670 817 2717 spectanteS,
837 2662 865 2703 i.
884 2676 921 2703 e.
939 2663 1131 2717 Opuntii.
1155 2678 1172 2701 n
1197 2662 1259 2703 De
1278 2675 1322 2702 re
1337 2661 1391 2703 cf.

150 2721 299 2763 Strabo
310 2723 387 2772 IX,
401 2736 445 2777 p.
464 2726 560 2771 416.
579 2723 898 2774 425,Plutarch.
915 2726 1001 2776 Qu.
1019 2737 1082 2777 gr.
1101 2738 1139 2764 c.
1162 2723 1282 2779 15,p.
1293 2726 1391 2777 294,

148 2783 391 2825 Eustathius
409 2783 461 2825 ad
479 2784 527 2825 ll.
553 2798 594 2835 2,
626 2787 721 2836 531,
747 2794 825 2826 etc.
862 2786 879 2840 n
902 2809 959 2816 —
978 2786 1075 2834 483.
1106 2786 1214 2826 Nota
1235 2799 1392 2826 sacram

148 2845 408 2902 Delphorum
448 2847 659 2900 regionem
705 2861 730 2887 a
776 2846 934 2902 reliqua
975 2846 1159 2888 Phocide
1195 2845 1391 2902 disjungi.

148 2907 330 2950 Prodere
345 2909 425 2950 hoc
444 2907 609 2949 videtur
627 2915 838 2949 auctorem
859 2909 929 2963 qui
959 2916 1145 2963 tempore
1162 2908 1255 2949 belli
1281 2910 1392 2951 Sacri

149 2972 329 3029 scripsit.
390 2973 656 3026 Quamquam
711 2971 835 3011 etiam
885 2971 1080 3011 Doricam
1135 2970 1392 3026 Delphorum

148 3034 350 3089 originem
364 3047 388 3076 a
411 3034 540 3075 mixta
558 3032 725 3088 reliquze
746 3031 940 3075 Phocidis
965 3031 1232 3075 multitudine
1249 3031 1394 3074 distin-

149 3097 219 3152 gui
246 3104 393 3153 putare
420 3096 531 3138 licet.
552 3096 569 3149 ΙΙ
586 3118 645 3127 -
671 3096 769 3150 487.
796 3094 980 3149 δορνύτου
1004 3093 1159 3142 codex;
1186 3108 1269 3135 em.
1291 3096 1394 3135 Vin-

148 3157 330 3214 dingius.
352 3158 417 3199 De
438 3156 604 3208 Phoco,
622 3156 786 3213 Sisyphi
802 3155 1007 3198 Corinthii
1028 3163 1200 3212 nepote,
1226 3170 1266 3198 v.
1290 3158 1394 3198 Pau-

147 3234 238 3262 san.
273 3221 416 3273 11‚t,‚
451 3220 494 3262 3.
526 3232 598 3275 29,
632 3232 675 3261 2.
698 3219 783 3270 IX,
822 3232 890 3274 17,
925 3221 967 3261 6.
1001 3219 1068 3270 X,
1098 3231 1143 3269 1,
1171 3231 1209 3260 1.
1243 3221 1294 3270 4,
1321 3232 1384 3261 ιο.

148 3283 218 3333 32,
248 3296 314 3327 10.
345 3284 510 3325 Patrem
532 3282 661 3325 Phoci
698 3281 919 3324 Pausanias
947 3280 1104 3336 ubique
1126 3280 1385 3336 Ornyeioncm

147 3344 274 3397 dicit;
294 3359 391 3388 cum
408 3346 561 3387 Nostro
572 3352 710 3387 autem
734 3342 831 3386 facit
845 3342 975 3386 schol.
994 3344 1120 3386 Hom.
1136 3342 1186 3385 11.
1213 3345 1270 3394 11,
1290 3345 1387 3399 517,

147 3407 219 3448 uhi
249 3408 336 3449 haec
374 3406 541 3449 aliunde
580 3422 663 3449 non
694 3415 792 3449 nota
820 3419 830 3449 :
866 3406 1052 3462 Ὄρνυτος
1083 3405 1106 3447 ὁ
1139 3405 1303 3462 Σισύφου
1341 3406 1392 3456 εἰς

154 3467 373 3525 Ὑάμπολιν
409 3470 533 3511 ἐλθὼν
565 3469 816 3526 ἐπικουρῆσαι
848 3471 930 3518 τοῖς
963 3468 1096 3510 αὗτόθι
1125 3470 1207 3518 τοῖς
1230 3471 1392 3524 Λοκροῖς

147 3531 385 3587 πολεμοῦσι,
428 3533 492 3572 καὶ
529 3533 685 3585 νικήσας
716 3529 802 3587 ἦρξε
837 3535 904 3583 τῆς
933 3532 1063 3588 χώρας
1081 3530 1212 3580 αὗτός·
1245 3527 1291 3572 οὗ
1312 3531 1392 3581 υίὸς

147 3593 312 3643 Φῶκος,
335 3593 397 3648 ἀφ’
423 3592 466 3634 οὔ
489 3595 649 3643 Φωκέας
672 3595 806 3642 αὖτοὺς
824 3595 1052 3650 ὠνόμασαν,
1084 3591 1131 3636 οὗ
1160 3593 1386 3650 Ὀρνυτίων,

147 3651 195 3698 οὗ
219 3654 445 3706 Ναύὸολος,
478 3652 524 3696 οὗ
549 3657 710 3711 Ἴφιτος,
746 3654 791 3697 οὗ
815 3657 990 3712 Σχεδίος.
1014 3657 1048 3711 ,ΙΙ
1074 3681 1132 3689 -
1152 3658 1249 3712 489.
1282 3657 1389 3713 κερία

147 3715 244 3760 cod.
272 3717 373 3774 11-
404 3719 503 3772 490.
523 3716 599 3773 γὰρ
636 3716 734 3773 μονὴ
758 3717 853 3759 00(1.
871 3734 882 3769 ;
903 3733 983 3760 0111.
1012 3718 1130 3760 editt.
1158 3719 1222 3761 De
1260 3731 1305 3760 re
1330 3718 1385 3761 cs.

149 3778 376 3837 Ephorus(
395 3778 448 3820 fr.
468 3782 520 3834 67
538 3781 555 3834 )
574 3792 642 3834 ap.
666 3778 857 3820 strabon.
882 3779 950 3830 IX,
967 3794 1010 3835 p.
1036 3783 1119 3830 400
1137 3793 1147 3822 :
1167 3779 1332 3836 Ἔφορος
1345 3779 1387 3822 δὲ

146 3841 214 3884 καὶ
244 3840 365 3900 ταύτῃ
386 3840 548 3897 κρείττω
579 3839 649 3892 τὴν
677 3841 863 3883 Βοιωτίαν
891 3841 1091 3897 ἀποφαίνει
1123 3847 1200 3884 τῶν
1230 3842 1385 3900 ὁμόρων

150 3902 286 3956 ἐθνῶν,
308 3902 376 3945 καὶ
393 3903 454 3945 ὅτι
475 3902 575 3959 μόνη
597 3903 847 3959 τριθάλαττός
867 3903 962 3954 ἐστι,
988 3905 1051 3944 καὶ
1070 3905 1239 3960 λιμένων
1271 3902 1383 3948 εὗπο·

150 3967 215 4020 ρεῗ
225 3965 431 4015 πλειόνων,
449 3963 512 4007 ἐπὶ
528 3964 596 4021 μὲν
609 3969 665 4023 τῷ
684 3964 852 4021 Κρισαίῳ
870 3965 1005 4021 κόλπῳ
1021 3966 1085 4007 καὶ
1103 3971 1160 4022 τῷ
1182 3966 1383 4022 Κορινθια·

150 4031 209 4081 κῷ
227 4026 275 4068 τὰ
298 4026 339 4069 ἐκ
361 4031 427 4080 τῆς
458 4026 625 4077 Ἰταλίας
648 4027 713 4069 καὶ
733 4026 909 4076 Σικελίας
926 4028 990 4069 καὶ
1012 4028 1149 4081 Asa-354
1164 4028 1379 4085 δεχομένη,

937 182 1232 230 ΑΝΟΝΥΜῘ
1269 181 1459 243 (vomo
1490 184 1727 235 sevum
1759 188 1913 250 cml)

1465 294 1617 353 Delphi
1624 294 1862 354 Junguntur
1873 298 1939 341 his
1953 298 2118 343 finitimi

1465 362 1768 423 Pythieumque
1780 366 1996 410 orandum
2014 369 2335 412 veracissimum.

1465 430 1574 473 Dein
1589 431 1843 486 Phocenses,
1858 447 1964 491 quos
1983 443 2155 493 putatur
2166 438 2426 481 constituisse

1464 498 1630 542 Phocus
1641 499 1866 545 deveniens
1877 516 1930 545 eo
1949 517 2046 546 cum
2061 505 2287 548 Corinthiis
2308 506 2423 549 olim.

1469 568 1613 611 Genus
1633 567 1723 626 ejus
1743 569 1912 614 ducitur
1927 571 1981 615 ab
1994 574 2159 631 Ornyto
2174 575 2354 632 Sisyphi.

1465 638 1576 681 Huic
1593 638 1728 682 vicina
1738 638 1849 696 jacet
1866 642 2023 684 Boeotia
2036 673 2049 694 ,

1466 706 1581 762 regio
1598 707 1780 751 maxima
1794 709 1959 766 situque
1982 719 2239 768 opportuna;

1466 789 1563 818 nam
1583 776 1670 820 sola
1691 777 1826 821 tribus
1841 780 1973 822 utitur
1988 781 2195 835 maribus,
2221 791 2267 825 ut
2284 782 2421 826 serunt
2438 816 2449 835 ,

1466 843 1671 902 habetque
1688 853 1834 902 portus
1853 847 2008 903 partim
2021 862 2162 891 versus
2180 851 2396 894 meridiem

1465 919 1695 967 spectantes
1709 914 2063 969 opportunissime
2082 914 2136 958 ad
2158 917 2330 961 Adriani

1465 978 1728 1035 Siculamque
1741 987 2017 1024 mereatumm
2032 1012 2044 1034 ,
2063 984 2216 1039 partim
2234 998 2376 1028 versus
2396 988 2581 1044 Cyprum

1469 1048 1857 1104 navigationemque
1877 1049 1920 1090 in
1941 1049 2164 1106 AEgyptum
2182 1059 2224 1092 et
2245 1052 2397 1095 insulas

1467 1117 1485 1168 (
1502 1116 1601 1157 Haec
1615 1123 1753 1157 autem
1771 1116 1880 1157 cirea
1904 1116 2096 1159 Aulidem
2118 1126 2215 1159 sunt
2229 1118 2339 1170 loca,

1466 1184 1509 1224 in
1529 1183 1681 1239 quibus
1700 1184 2021 1239 Tanagraeorum
2039 1184 2140 1227 urbs
2165 1186 2239 1227 sita
2254 1195 2341 1239 est,

1466 1265 1672 1307 superque
1689 1266 1779 1293 eam
1797 1253 1839 1293 in
1860 1251 2170 1294 mediterraneis
2183 1254 2371 1310 Thespiae
2387 1257 2426 1310 )‚

1466 1321 1635 1361 tertium
1652 1334 1749 1362 vero
1764 1329 1933 1376 portum
1951 1329 2068 1363 extra
2082 1336 2251 1364 cursum
2271 1324 2439 1380 Euripi,

1465 1396 1507 1430 et
1525 1403 1666 1431 versus
1681 1388 1968 1432 Macedoniam
1983 1390 2318 1447 Thessaliamque
2333 1400 2562 1448 patentem;

1467 1457 1525 1499 ibi
1545 1466 1606 1500 aet
1629 1458 1837 1500 maritima
1859 1457 1960 1500 urbs
1982 1458 2223 1502 Anthedon.

1463 1527 1619 1569 Thebae
1638 1536 1775 1569 autem
1794 1528 1962 1569 Boeotiae
1977 1528 2077 1570 urbs
2095 1537 2158 1571 est
2174 1529 2368 1572 maxima.

1466 1596 1574 1637 Dein
1594 1594 1861 1652 conjungitur
1874 1597 2055 1650 Megara,
2073 1596 2173 1639 urbs
2192 1597 2369 1649 Dorica3

1466 1679 1561 1707 nam
1580 1665 1718 1707 cuncti
1746 1664 1854 1706 illam
1877 1664 2154 1707 condiderunt
2171 1667 2302 1707 Dores
2316 1698 2327 1715 ,

1464 1733 1632 1790 plurimi
1655 1741 1792 1775 tamen
1814 1733 2019 1775 Corinthii
2039 1742 2080 1775 et
2098 1735 2304 1776 Messenii.

1464 1803 1595 1845 Aiunt
1613 1816 1712 1844 vero
1728 1802 1926 1844 Onchesti
1949 1804 2127 1859 potitum
2148 1804 2322 1860 imperio
2341 1806 2576 1859 Megareum

1462 1871 1517 1914 de
1529 1886 1573 1914 se
1593 1872 1674 1914 hoc
1689 1872 1931 1928 imposuisse
1946 1886 2117 1916 nomen.

1462 1941 1640 1994 Megaris
1659 1939 1921 1982 disterminat
1939 1940 2156 1981 Boeotiain.

2326 2046 2486 2050 --m-
2557 2047 2680 2054 ῃ*

1464 2098 1526 2140 ἐπὶ
1544 2098 1585 2140 δὲ
1615 2102 1692 2140 τῶν
1713 2097 1806 2153 πρὸς
1826 2097 1993 2139 Εὔὸοιαν
2028 2102 2153 2153 μερῶν
2174 2098 2230 2154 ἐφ’
2257 2098 2418 2154 ἑκάτερα
2435 2102 2505 2141 τοῦ
2535 2098 2702 2156 Εὐρίπου

1462 2160 1696 2215 σχιζομένης
1714 2162 1781 2212 τῆς
1809 2158 2017 2215 παραλίας,
2046 2162 2095 2215 τῇ
2115 2159 2183 2215 μὲν
2209 2159 2271 2202 ἐπὶ
2292 2158 2362 2212 τὴν
2379 2159 2524 2204 Δῦλίδα
2541 2162 2606 2204 καὶ
2633 2162 2703 2216 τὴν

1461 2218 1723 2277 Ταναγρικὴν,
1748 2224 1797 2278 τῇ
1818 2221 1853 2260 δ’
1876 2220 1939 2263 ἐπὶ
1958 2221 2025 2262 τδν
2061 2221 2266 2277 Σαλγανέα
2291 2222 2356 2264 καὶ
2377 2220 2447 2275 τὴν
2475 2221 2702 2279 Ἀνθηδόνα,

1463 2287 1513 2341 τῇ
1546 2283 1613 2340 μὲν
1634 2281 1736 2325 εἶναι
1765 2285 1908 2339 συνεχῆ
1942 2281 2013 2335 τὴν
2052 2283 2136 2325 κατ’
2160 2282 2354 2340 Αἴγυπτον
2380 2285 2447 2327 καὶ
2467 2285 2618 2344 Κύπρον
2641 2289 2707 2331 καὶ

1463 2346 1531 2395 τὰς
1553 2345 1691 2398 νήσους
1719 2345 1932 2397 θάλατταν,
1950 2348 1999 2403 τῇ
2027 2344 2068 2387 δὲ
2082 2343 2153 2398 τὴν
2179 2345 2278 2389 κατὰ
2309 2346 2535 2398 Μακεδόνας
2554 2349 2621 2392 καὶ
2634 2348 2706 2403 τὴν

1464 2409 1709 2464 Προποντίδα
1740 2407 1806 2451 καὶ
1835 2407 1904 2450 τὸν
1945 2406 2257 2460 Ἑλλήσποντον.
2306 2410 2322 2464 ΙΙ
2362 2433 2420 2443 -
2450 2410 2549 2466 495.
2591 2408 2705 2456 αὖλιν

1462 2471 1578 2523 cod.;
1609 2486 1692 2514 em.
1713 2470 1920 2513 Meincke.
1945 2472 1961 2526 ΙΙ
1984 2495 2042 2503 -
2063 2474 2161 2527 497.
2186 2471 2393 2514 θεσπεσίαι
2414 2472 2530 2525 cod.;
2568 2477 2629 2518 uti
2659 2477 2703 2520 in

1462 2536 1636 2590 Dionys.
1661 2536 1786 2576 Decr.
1815 2533 1922 2575 Heli.
1946 2547 1987 2575 ν.
2017 2547 2111 2576 100.
2142 2535 2158 2589 ΙΙ
2177 2558 2235 2566 -
2257 2537 2352 2578 502.
2376 2533 2454 2577 εἴτε
2481 2535 2706 2582 ἐνσυνάπτει

1461 2596 1557 2638 cod.
1577 2599 1593 2651 ΙΙ
1613 2621 1672 2628 -
1687 2596 1783 2638 503.
1798 2595 2004 2649 ἐπώλησαν
2018 2596 2113 2638 cod.
2130 2597 2147 2651 ΙΙ
2159 2621 2216 2628 —
2229 2597 2323 2647 504.
2343 2597 2434 2653 Κορ.
2454 2612 2494 2639 τε
2510 2599 2574 2640 καὶ
2587 2600 2702 2653 eod.;

1461 2659 1617 2700 mutavi
1637 2673 1660 2700 e
1674 2657 1769 2713 conj
1774 2687 1785 2700 .
1808 2657 2022 2700 Meinekii.
2048 2660 2111 2700 De
2126 2658 2520 2714 Peloponnesiorum
2534 2662 2704 2718 expedi-

1462 2722 1590 2771 tione,
1621 2734 1704 2775 qua
1734 2721 1902 2774 Megara
1922 2728 2202 2774 occuparunt,
2226 2721 2367 2761 omnia
2392 2728 2504 2762 nota.
2525 2722 2582 2764 V.
2619 2737 2704 2780 prae

1461 2783 1605 2824 ceteris
1627 2779 1830 2824 Herodot.
1847 2781 1903 2833 V,
1928 2784 2007 2836 76⁵
2027 2781 2203 2822 Pausan.
2224 2783 2260 2832 1,
2284 2782 2353 2836 39,
2379 2785 2419 2831 4.
2442 2783 2539 2834 vn,
2557 2786 2625 2827 25.
2651 2799 2700 2839 2;

1463 2847 1642 2900 Lycurg.
1662 2844 1710 2885 C.
1738 2844 1886 2885 Leocr.
1907 2856 1950 2898 p.
1982 2846 2059 2896 196
2077 2858 2088 2893 ;
2109 2843 2256 2884 Strabo
2285 2857 2327 2899 p.
2351 2845 2446 2885 333.
2471 2844 2568 2899 393.
2592 2849 2700 2901 6533
2790 2827 2803 2847 ’ζ’

1461 2908 1624 2948 Conon.
1645 2908 1724 2952 263
1748 2903 1879 2946 schol.
1903 2902 2074 2946 Pindar.
2098 2904 2150 2945 N.
2170 2905 2267 2951 V11,
2292 2906 2392 2954 155;
2418 2905 2547 2950 schol.
2572 2911 2700 2953 Arist.

1462 2969 1567 3008 Ran.
1604 2969 1715 3017 440;
1752 2965 2032 3008 Raoul·Roch.
2056 2967 2141 3017 111,
2165 2980 2209 3022 p.
2239 2968 2316 3019 56,
2355 2968 2506 3010 Msiller
2539 2973 2642 3014 Dor.
2662 2974 2699 3024 1,
2782 2951 2789 2990 η’

1462 3043 1503 3084 p.
1530 3031 1600 3072 88.
1623 3031 1639 3083 ΙΙ
1667 3052 1725 3060 -
1747 3029 1841 3071 505.
1865 3030 1927 3069 De
1959 3027 2037 3069 hac
2058 3042 2102 3070 re
2124 3027 2179 3070 cf.
2201 3029 2375 3071 Pausan.
2400 3032 2435 3081 1,
2462 3032 2532 3086 39,
2563 3036 2605 3084 4,
2627 3035 2701 3090 qui

1462 3101 1553 3148 post
1575 3091 1653 3133 alia
1689 3091 1877 3147 quaedam
1906 3090 1959 3132 de
1984 3093 2156 3144 Megara
2185 3093 2365 3133 nominis
2391 3094 2551 3148 origine
2578 3095 2700 3141 affert
2768 3108 2783 3142 'f

1462 3155 1548 3196 lucc
1570 3167 1580 3196 :
1608 3154 1772 3195 Βοιωτοὶ
1796 3153 1836 3195 δὲ
1861 3154 1899 3195 ἐν
1937 3152 2150 3210 Ὀγχηστῷ
2171 3154 2351 3211 Μεγαρέα
2375 3156 2441 3197 τὸν
2462 3157 2702 3211 Ποσειδῶνος

1465 3217 1646 3258 οἰκοῦντα
1665 3215 1862 3272 ἀφικέσθαι
1891 3219 2050 3272 στρατιᾷ
2070 3217 2247 3259 Βοιωτῶν
2283 3233 2374 3273 φασι
2389 3218 2499 3276 Νίσῳ
2523 3221 2591 3263 τὸν
2611 3222 2703 3279 πρὸς

1465 3265 1576 3321 Μίνω
1595 3279 1768 3335 πόλεμον
1785 3278 2065 3330 συνδιοίσοντα,
2091 3280 2257 3321 πεσόντα
2272 3280 2312 3322 δὲ
2328 3279 2443 3323 αὑτὸν
2464 3281 2503 3325 ἐν
2522 3286 2572 3341 τῇ
2590 3285 2701 3345 μάχῃ
2760 3314 2763 3315 ⁷

1462 3341 1628 3397 ταφῆναί
1648 3355 1690 3383 τε
1708 3339 1824 3383 aiaton
1854 3341 1919 3382 καὶ
1936 3343 1985 3397 τῇ
2003 3341 2115 3383 πόλει
2135 3341 2296 3399 Μέγαρα
2320 3343 2445 3400 ὄνομα
2467 3343 2542 3388 ἀπὸ
2564 3347 2701 3391 τούτου

1461 3405 1663 3460 γενέσθαι,
1698 3405 1883 3459 πρότερον
1918 3403 2019 3444 Nica
2049 3403 2284 3463 καλουμένῃ.
2320 3405 2386 3449 Ct'.
2420 3406 2474 3450 de
2507 3409 2702 3466 Megareo

1460 3467 1712 3518 Onchestio,
1741 3467 1923 3522 Neptuni
1946 3466 2008 3508 vel
2025 3466 2298 3523 Hippomenis
2327 3468 2429 3521 filio,
2454 3470 2698 3527 Apollodor.
2734 3482 2737 3486 ⁴
2798 3488 2808 3503 v

1462 3590 1585 3647 Apud
1637 3590 1906 3633 Plutarchum
1950 3594 2036 3645 Qu.
2078 3605 2140 3647 gr.
2172 3607 2211 3634 c.
2262 3597 2310 3636 16
2344 3595 2559 3650 Megareus
2591 3595 2700 3641 filius
2737 3558 2808 3674 ἒξ

1458 3653 1653 3694 Onchesti
1687 3652 1854 3705 dicitur,
1889 3654 2009 3695 sicuti
2043 3667 2111 3710 ap.
2150 3654 2347 3711 Stephan.
2383 3658 2482 3713 Byr..
2518 3657 2701 3716 aliosque
2752 3637 2808 3731 ῥ’

1462 3530 1549 3581 111,
1589 3530 1661 3581 15,
1684 3532 1708 3571 8
1724 3560 1736 3581 ,
1771 3529 1971 3571 Hellanic.
2008 3528 2060 3570 sr.
2086 3532 2139 3585 47
2162 3544 2229 3586 ap.
2255 3531 2451 3588 Stephan.
2475 3546 2515 3576 v.
2539 3532 2697 3578 Νίσαια.

1457 3717 1641 3772 Copeus,
1676 3718 1883 3772 Coparum
1917 3715 2132 3768 conditor,
2165 3717 2219 3759 ab
2253 3718 2464 3762 Onchesto
2498 3719 2700 3764 oriundus

1456 3778 1711 3834 perhibetur.
1747 3779 1919 3821 Fabulas
1947 3778 2021 3821 has
2041 3794 2092 3821 ex
2117 3780 2154 3821 vi
2178 3794 2301 3836 quam
2331 3781 2555 3825 Onchestia
2575 3796 2700 3840 pane·

1454 3842 1586 3895 gyris,
1627 3842 1881 3897 Neptunium
1919 3841 2388 3899 Aniphictyonicumque
2426 3844 2467 3885 in
2499 3845 2700 3891 Boeotiam
2723 3854 2782 3897 ζ,

1453 3911 1495 3944 et
1525 3904 1677 3944 vicinas
1709 3903 1831 3945 urbes
1864 3904 2114 3957 exercuerit,
2149 3904 2410 3960 explicandas
2444 3920 2531 3949 esse
2562 3910 2698 3949 oen-et

1453 3965 1652 4006 Malim-us
1695 3966 1803 4008 Min.
1842 3981 1884 4022 p.
1927 3968 2023 4008 238.
2064 3967 2080 4021 11
2114 3989 2170 3999 —·
2196 3969 2290 4009 506.
2330 3967 2511 4024 Μεγαρέα
2548 3964 2694 4010 codex.

1455 4042 1537 4069 0111.
1560 4029 1673 4070 betr.
1700 4032 1715 4082 ΙΙ

2800 1438 2808 1476 ...-
