2808 4342
705 114 747 156 0

201 182 292 224 8⁸⁰

198 276 269 325 καὶ
306 276 472 342 Ἀρχίας
517 257 827 330 ,Ἀναξιδότου
877 273 950 320 καὶ
979 273 1189 337 Ὀφέλλας
1231 276 1436 331 Σειληνοῦ

197 348 270 395 καὶ
284 347 499 407 Τιμάνθης
517 345 768 394 Παντιάδου·
785 336 895 390 οὗτοι
909 340 984 403 μὶν
1003 343 1220 391 Πελλαῖοι.
1288 344 1337 408 (ι)
1358 344 1438 393 Ἐκ

202 414 246 462 δὲ
270 414 538 479 Ἀμφιπόλιος
561 407 660 474 ἦγον
681 409 777 458 οἵδε·
800 409 988 473 Νέαρχος
1007 409 1289 474 Ἀνδροτίμου,
1316 411 1359 466 ὃς
1380 413 1436 459 τὰ

198 483 305 547 ἀμφὶ
324 485 385 546 τῷ
408 481 627 544 παράπλῳ
650 478 870 542 ἄνι’γραψε·
892 481 964 525 καὶ
995 478 1225 541 Λαομέδων
1258 482 1281 527 6
1300 480 1438 544 Λαρί-

135 568 156 597 ε
197 569 301 614 χου,
324 550 395 597 καὶ
428 546 716 610 Ἀνδροσθένης
739 546 1074 611 Καλλιστράτου·
1095 546 1145 613 (ο)
1167 549 1216 596 ἐκ
1251 547 1295 596 δὲ
1309 548 1436 614 Ὀρε-

199 620 332 671 στίδος
381 615 591 679 Κράτερός
627 634 671 662 τε
720 618 743 661 6
779 614 1045 680 Ἀλεξάνδρου
1091 618 1165 664 καὶ
1203 620 1439 683 Περδίκκας

195 692 217 735 ὁ
240 686 473 749 Ὀρώντεω.
542 683 751 748 Ἐορδαῖοί
770 702 815 731 τε
832 685 1095 747 Πτολεμαῖός
1108 705 1154 734 τε
1171 690 1194 734 6
1208 689 1351 750 Λάγου
1366 689 1438 736 καὶ

195 755 445 816 Ἀριστόνους
466 756 488 799 6
514 753 732 802 Πεισαίου.
800 753 881 801 Ἐκ
907 755 1073 812 Πύδνης
1101 774 1148 804 τε
1175 756 1360 821 Μήτρων
1390 777 1436 805 τε

198 827 220 870 6
243 823 511 886 Ἐπιχάρμου
554 823 628 870 καὶ
660 824 921 887 Νικαρχίδης
957 827 981 871 6
1011 825 1169 886 Σίμου·
1203 828 1253 887 (ο)
1287 826 1357 873 ἐπὶ
1393 826 1436 874 δὲ

132 909 171 939 10
191 892 388 945 Ἄτταλός
410 910 456 939 τε
483 896 505 939 6
537 892 836 957 ’Λνδρομίνεω,
874 895 1143 958 Στυμφαῗος,
1168 895 1239 942 καὶ
1272 896 1436 944 Πευκέ-

193 981 293 1015 στας
327 961 618 1026 Ἀλεξάνδρου,
661 962 864 1020 Μιεζεύς,
903 963 975 1009 καὶ
1009 964 1173 1012 Πείθων
1210 965 1435 1028 Κρατεύα,

194 1029 458 1091 Ἀλκομενεύς
470 1030 567 1090 ,καὶ
586 1030 812 1083 Λεοννάτος
828 1030 1096 1095 Ἀντιπάτρου
1109 1066 1121 1089 ,
1146 1033 1317 1093 Αἰγαῖος
1330 1068 1343 1090 ,
1365 1034 1433 1079 καὶ

193 1100 442 1163 Πάνταυχος
465 1100 701 1160 Νικολάου,
725 1100 976 1163 Ἀλωρίτης,
1002 1101 1073 1147 καὶ
1106 1101 1305 1156 Μυλλέας
1326 1099 1435 1150 Zmi-

191 1173 292 1230 λου,
320 1173 543 1233 Βεροιαῖος·
582 1163 691 1216 οὗτοι
723 1169 798 1231 μὲν
839 1171 877 1217 οἱ
908 1169 1139 1231 ξύμπαντες
1179 1170 1434 1225 Μακεδόνες.

131 1256 167 1285 15
194 1240 242 1301 (7)
266 1238 482 1296 Ἑλλήνων
502 1238 546 1285 δὲ
570 1239 729 1295 Μήδιος
752 1238 827 1301 μὲν
852 1238 1170 1302 Ὀξυνθέμιδος,
1192 1245 1435 1304 Λαρισαῖος,

190 1309 381 1371 Εὐμένης
409 1308 453 1356 δὲ
478 1308 753 1372 Ἱερωνύμου,
777 1310 823 1355 ἐκ
849 1309 1059 1373 Καρδίης,
1086 1309 1368 1372 Κριτόὸουλος
1391 1309 1435 1356 δὲ

192 1378 433 1438 Πλάτωνος,
458 1381 599 1436 Κῶος,
629 1379 701 1424 καὶ
739 1378 856 1432 Θόας
882 1380 1136 1442 Μηνοδώρου
1168 1380 1239 1426 καὶ
1269 1380 1434 1427 Μαίαν-

191 1448 282 1511 δρος
315 1447 645 1511 Μανδρογένεος,
679 1446 931 1509 Μάγνητες·
959 1450 1009 1509 (s)
1032 1446 1214 1512 Ἄνδρων
1263 1448 1306 1494 δὲ
1342 1452 1434 1496 Κα-

194 1516 360 1574 ὅήλεω,
387 1517 538 1573 Τήΐος,
573 1517 772 1581 Κυπρίων
803 1514 847 1563 δὲ
871 1516 1102 1575 Νικοκλέης
1122 1517 1430 1581 Πασικράτεος,

123 1602 166 1632 20
192 1585 352 1643 Σόλιος,
372 1586 443 1632 καὶ
463 1585 664 1649 Νιθάφων
686 1585 984 1649 Πνυταγόρεω,
1005 1587 1281 1649 Σαλαμίνιος.
1347 1579 1433 1635 ’Ἦν

188 1654 232 1701 δὲ
252 1653 302 1711 δὴ
326 1654 398 1701 καὶ
429 1653 597 1718 Πέρσης
616 1657 728 1719 αὐτῷ
762 1654 1036 1719 τριήραρχος,
1059 1656 1235 1719 Βαγώας
1257 1660 1279 1703 6
1307 1660 1429 1721 Φαρ·

187 1724 380 1787 νουχέως·
404 1725 454 1787 (ο)
474 1727 547 1781 τῆς
569 1723 611 1771 δὲ
635 1726 760 1771 αὐτοῦ
783 1723 1050 1790 Ἀλεξάνδρου
1067 1726 1155 1779 νεὸς
1176 1726 1431 1789 κυὸερνήτης

186 1788 237 1851 ἦν
271 1794 555 1856 Ὀνησίκριτος
593 1794 931 1847 Ἀστυπαλαιεύς·
966 1795 1239 1857 γραμματεὺς
1276 1795 1321 1843 δὲ
1357 1800 1430 1842 τοῦ

190 1863 338 1911 στόλου
394 1863 549 1917 παντὸς
599 1864 816 1927 Εὐαγόρας
874 1864 1140 1925 Εὐκλέωνος,
1198 1865 1427 1928 Κορίνθιος.

124 1949 165 1979 25
189 1931 258 1997 (ιο)
280 1932 503 1995 Ναύαρχος
522 1932 565 1979 δὲ
588 1934 771 1979 αὐτοῖσιν
788 1934 995 1990 ἐπεστάθη
1020 1934 1208 1996 Νέαρχος
1227 1933 1426 1998 Ἀνδροτί·

190 2018 283 2062 μου·
305 2000 353 2047 τὸ
373 1999 487 2061 γένος
506 1999 580 2062 μὲν
601 1999 718 2064 Κρὴς
735 2005 757 2047 6
789 2001 1003 2065 Νέαρχος,
1027 2002 1130 2067 ᾤκεε
1158 2002 1200 2049 δὲ
1222 2004 1263 2048 ἐν
1285 2002 1431 2067 Ἀμφι-

186 2070 306 2117 πόλει
321 2073 373 2133 τῇ
388 2069 458 2116 ἐπὶ
474 2070 698 2133 Στρυμόνι.
767 2074 797 2131 (ι
808 2073 839 2133 ι)
863 2071 942 2125 Ὡς
958 2070 999 2117 δὲ
1020 2075 1153 2118 ταῦτα
1170 2070 1427 2132 ἐκεκόσμητο

193 2138 464 2203 Ἀλεξάνδρῳ,
489 2139 580 2186 ἔθυε
603 2146 710 2186 τοῖσι
738 2144 886 2187 θεοῖσιν
906 2140 993 2187 ὅσοι
1017 2159 1060 2187 τε
1082 2140 1247 2204 πάτριοι
1269 2139 1297 2197 ἢ
1321 2160 1429 2202 μαν-

187 2209 321 2255 τευτοὶ
344 2210 480 2271 αὐτῷ,
502 2209 574 2254 καὶ
603 2210 834 2256 Ποσειδῶνι
854 2210 925 2255 καὶ
956 2210 1203 2273 Ἀμφιτρίτῃ
1229 2209 1302 2255 καὶ
1325 2212 1427 2267 Νη·-

121 2294 163 2323 ου
188 2274 300 2341 ρηῖσι
322 2277 394 2324 καὶ
414 2279 527 2342 αὐτῷ
545 2281 605 2341 τῷ
626 2278 820 2342 Ὠκεανῷ
843 2278 915 2325 καὶ
938 2282 997 2343 τῷ
1018 2278 1214 2342 Ὑδάσπῃ
1232 2270 1427 2343 ποταμῷ,

186 2346 270 2393 ἀπὸ
291 2351 362 2394 τοῦ
387 2349 586 2410 ὡρμᾶτο,
617 2348 687 2394 καὶ
711 2351 770 2411 τῷ
801 2348 990 2411 Ἀκεσίνῃ
1005 2386 1016 2406 ,
1048 2350 1088 2401 ἐς
1110 2350 1248 2395 ὅντινα
1273 2350 1425 2395 ἐκδιδοῖ

185 2416 431 2477 ’Υδάσπηῆ
456 2417 528 2463 καὶ
550 2419 611 2481 τῷ
631 2417 748 2482 Ἰνδῷ
762 2454 774 2478 ,
808 2420 847 2471 ἐς
869 2418 1006 2464 ὅντινα
1037 2418 1163 2483 ἄμφω
1183 2419 1424 2465 ἐκδιδοῦσιν·

187 2484 259 2549 (ια)
287 2484 439 2546 ἀγῶνές
460 2503 505 2532 τε
529 2487 641 2550 αὐτῷ
661 2486 851 2547 μουσικοὶ
874 2487 945 2533 καὶ
968 2487 1156 2549 γυμνικοὶ
1188 2489 1424 2551 ἐποιεῦντο,

185 2555 256 2600 καὶ
278 2555 416 2617 ἱερήϊα
440 2557 491 2618 τῇ
517 2559 691 2620 στρατιῇ
714 2556 830 2619 πάσῃ
851 2556 961 2603 κατὰ
980 2557 1102 2604 τέλεα
1125 2556 1295 2606 ἐδίδοτο.

120 2639 162 2668 33
247 2625 373 2672 xlx.
412 2622 491 2676 Ὧς
519 2624 562 2670 δὲ
581 2625 719 2671 πάντα
742 2624 938 2690 ἐξήρτυτο
958 2628 1072 2690 αὐτῷ
1103 2628 1158 2679 εἷς
1181 2626 1425 2690 ἀναγωγὴν,

188 2691 397 2754 Κράτερον
424 2693 497 2752 μὲν
516 2695 568 2739 τὰ
592 2694 659 2740 ἐπὶ
682 2695 835 2758 θάτερα
857 2700 929 2742 τοῦ
962 2695 1189 2742 “Υδάσπεω
1222 2695 1326 2742 ἰέναι
1350 2696 1423 2743 σὺν

182 2763 235 2823 τῇ
255 2764 427 2823 στρατιῇ
447 2763 636 2809 ἐκέλευσε
665 2767 813 2826 πεζικῇ
849 2784 893 2811 τε
921 2764 992 2811 καὶ
1022 2767 1188 2829 ἱππικῇ·
1214 2768 1253 2818 ἐς
1281 2766 1328 2813 τὸ
1351 2766 1420 2812 ἐπὶ

183 2962 353 3021 vl‚‚28,
381 2964 433 3012 4;
457 2963 670 3003 Λεοννάτον
699 2960 863 3013 Ἀντέου,
894 2964 936 3004 in
965 2966 1131 3006 Arrian.
1163 2968 1224 3006 De
1246 2980 1420 3008 success.

183 3022 302 3066 Alex.
324 3026 347 3077 S
372 3036 397 3065 α
412 3037 456 3080 p.
481 3027 559 3074 241
587 3023 656 3066 ed.
674 3024 819 3066 Didot.
842 3039 851 3066 :
874 3027 1087 3075 Λεοννάτος
1103 3026 1124 3067 ὁ
1142 3026 1294 3075 mutos<
1315 3029 1326 3083 (
1348 3029 1425 3069 Ἄν·

183 3086 271 3135 θους
288 3099 370 3128 scr.
386 3085 549 3128 Bekker
565 3087 609 3128 in
639 3086 790 3129 Photio
811 3102 855 3144 p.
882 3092 952 3143 69,
978 3102 1043 3138 ια,
1070 3088 1167 3130 salse
1186 3090 1328 3145 procul
1348 3090 1424 3131 du-

184 3148 254 3190 bio
272 3147 306 3206 ).
332 3149 350 3204 ΙΙ
368 3171 426 3181 --·
447 3149 488 3190 3.
515 3145 614 3205 ἦγον
638 3149 734 3191 οἵδε·
764 3149 806 3191 ἐκ
833 3150 983 3206 Κρήτης
1002 3151 1149 3206 Νέαρχ.
1175 3151 1319 3201 codd,
1346 3154 1421 3193 nisi

182 3209 297 3267 quod
313 3209 355 3253 ἔκ
371 3210 521 3268 Κρήτης
535 3211 576 3254 δὲ
586 3213 640 3254 N.
652 3210 747 3254 cod.
761 3214 810 3255 Β.
826 3213 967 3256 Verba
975 3212 1016 3255 ἐκ
1031 3213 1228 3269 Kp.ejecit
1239 3214 1422 3255 Schmie·

182 3272 292 3325 der„
323 3281 468 3330 utpote
491 3274 666 3329 glossam
698 3274 858 3327 scribae,
893 3275 966 3331 qui
1001 3275 1235 3317 Nearchum
1277 3289 1423 3329 genere

183 3336 422 3378 Cretensem
443 3335 568 3379 fuisse
585 3344 731 3379 notare
749 3336 941 3380 voluerit.
968 3338 985 3393 ΙΙ
1008 3361 1066 3370 -
1080 3340 1120 3388 4.
1142 3338 1420 3394 Λαομέδων]

183 3397 397 3453 Λαμπέδων
426 3397 571 3450 codd.;
606 3413 769 3442 eorrex.
807 3399 1050 3442 Schmieder
1082 3414 1134 3442 ex
1176 3402 1276 3443 Arr.
1313 3401 1419 3457 Exp.

183 3459 263 3510 111,
286 3465 327 3511 6,
347 3461 386 3502 5.
411 3463 472 3502 De
488 3460 779 3504 Androsthene
794 3462 850 3505 cf.
867 3463 1017 3520 Script.
1036 3477 1117 3505 rer.
1145 3462 1261 3506 Alex.
1281 3476 1324 3519 p.
1350 3476 1419 3517 72.

190 3520 208 3575 ΙΙ
236 3544 292 3552 -
312 3524 352 3564 8.
375 3522 631 3580 Πεισαίου]
658 3523 840 3566 Νεισαίου
862 3533 903 3567 et
917 3524 1080 3567 Νισαίου
1097 3524 1240 3577 codd.;
1258 3539 1419 3567 cortex.

183 3580 305 3624 editt.
330 3597 381 3624 ex
401 3584 562 3641 Exped.
582 3587 669 3639 vlg,
691 3589 761 3640 28,
786 3600 813 3629 α
835 3587 849 3645 (
873 3586 946 3629 ubi
976 3588 1223 3631 Aristonous
1249 3587 1422 3629 Pelloeus

184 3641 367 3703 dicitur)
392 3654 433 3687 et
453 3648 634 3689 Success.
655 3648 773 3691 Alex.
800 3653 823 3703 S
842 3662 882 3691 2.
914 3650 930 3705 u
953 3673 1011 3682 —
1033 3651 1075 3693 8.
1097 3651 1331 3693 Metronem
1352 3648 1421 3691 ha·

182 3704 258 3749 bes
280 3721 348 3764 ap.
366 3709 558 3750 Curtium
573 3711 650 3760 VI,
676 3715 745 3753 26.
776 3727 816 3753 τε
845 3720 939 3768 post
961 3712 1091 3769 Μήτρ.
1113 3726 1199 3755 om.
1219 3713 1302 3755 BC.
1329 3712 1346 3767 ΙΙ
1365 3735 1423 3744 -

184 3782 229 3824 9.
252 3768 512 3812 Nicarchidis
531 3785 682 3813 nomen
707 3787 757 3814 ex
775 3773 855 3815 hoc
873 3774 965 3816 loco
983 3775 1290 3817 Freinshemius
1303 3788 1422 3831 repo·

184 3830 372 3875 nendum
392 3833 567 3883 censuit,
591 3841 633 3875 et
651 3837 833 3890 reposuit
851 3837 1018 3878 Mfitzell
1042 3838 1083 3878 in
1106 3837 1251 3879 Curtio
1271 3838 1327 3888 V,
1348 3849 1418 3889 αι,

184 3893 257 3936 ubi
278 3893 442 3937 codices
473 3894 777 3946 Nicarthidem,
801 3897 1086 3951 marchidcm,
1116 3898 1418 3942 Nichartidcm.

191 3954 275 4010 ΙΙ-
289 3956 587 4014 ιμΜιέζεοςζΑ,
602 3958 766 4007 Μιόζεος
775 3961 862 4011 DC,
878 3960 1125 4010 ΜειόζεωςΒ.
1146 3965 1162 4017 1)
1174 3986 1228 3995 -
1245 3975 1262 4003 1
1274 3975 1310 4003 1.
1329 3961 1424 4017 Κρα·

186 4019 278 4058 ‘caui'
310 4023 363 4071 A,
390 4020 540 4076 Κρατεᾶ
560 4022 684 4063 BCD.
709 4023 758 4063 In
790 4023 848 4064 Ex
858 4022 950 4079 ped
978 4025 1098 4066 Pitho
1122 4023 1322 4066 Eordaeus
1344 4032 1417 4066 est.

1346 177 1603 228 Annum

1508 289 1699 335 Athenai
1712 323 1726 344 ,
1761 293 1959 338 Archiam
1981 298 2231 352 Λωῑαοιε,
2250 302 2465 359 Ophellam
2489 304 2615 349 sueni
2630 337 2644 359 ,
2735 291 2744 298 '
2795 289 2808 296 ’

1508 359 1722 402 manthem
1740 362 1976 415 Pantiad23
1994 364 2039 407 hi
2054 366 2189 411 Pallet
2208 379 2342 413 erant.
2404 370 2466 429 (4)
2486 374 2548 416 Ex
2575 377 2655 418 Am

1507 425 1592 481 poli
1615 426 1800 470 hiduees
1812 428 1982 474 suerunt
2004 444 2015 474 :
2037 433 2250 489 Neu-ebus
2268 438 2508 483 Androtimi
2531 442 2653 496 filius,

1508 496 1728 552 Paraplum
1755 500 2015 558 consu-ipsit,
2048 497 2290 548 Laomedon
2317 510 2482 553 {michi
2502 512 2609 555 filius
2623 546 2635 565 ,
2730 501 2732 508 ’

1507 561 1751 607 drosthenea
1768 566 1984 611 Callistrati
2003 569 2125 612 filius.
2186 572 2250 627 (5)
2271 574 2335 616 Ex
2349 576 2539 621 Orestide
2555 581 2754 625 Craterus

1508 630 1873 698 Alexandrifflius,
1894 644 1935 678 et
1953 636 2168 680 Perdiccas
2186 640 2370 684 Orontis.
2429 645 2594 690 Eordaei
2614 650 2751 692 Ptole-

1508 713 1634 742 maeus
1653 702 1752 757 Lagi
1780 703 1887 745 filius
1918 713 1959 747 et
1978 706 2197 749 Aristonus
2221 710 2357 751 Pisaei.
2417 713 2480 755 Ex
2498 714 2641 771 Pydna
2658 718 2746 760 Me·

1507 774 1603 810 tron
1631 769 1871 826 Epicharmi
1897 771 2005 815 filius
2026 782 2068 817 et
2092 777 2359 819 Nicarchides
2378 779 2494 821 simi.
2554 782 2619 837 (6)
2641 775 2771 827 Prae-⁹

1507 843 1619 878 terea
1663 837 1826 881 Attalus
1857 839 2137 885 Andmmenis
2179 844 2287 891 filius
2322 847 2581 904 Stymphzeus
2623 858 2749 908 atque

1505 905 1721 948 Peucestes
1746 906 1971 951 Alexandri
1985 940 1998 962 ,
2020 911 2202 955 Miaeus
2226 926 2237 955 :
2258 914 2411 957 Pithon
2432 917 2620 959 Crateuae
2634 949 2646 970 ,
2678 919 2749 963 Al·

1506 987 1729 1016 eomeneus
1750 989 1761 1017 ε
1782 984 1824 1018 et
1849 978 2087 1022 honustus
2109 983 2315 1039 Antipatri
2330 1015 2342 1035 ,
2364 985 2523 1041 AEgoeus
2549 1000 2559 1028 t
2584 996 2626 1028 et
2644 990 2749 1032 Pan·

1507 1042 1680 1083 tauchus
1700 1044 1858 1086 Nioolai
1873 1076 1886 1096 ,
1907 1045 2086 1089 Alorites
2107 1061 2118 1090 z
2142 1057 2185 1091 et
2204 1050 2373 1107 Mylleas
2399 1053 2526 1105 Zoili,
2556 1057 2748 1099 Beroeen·
2769 1102 2775 1118 v

1506 1110 1561 1151 sis
1582 1122 1601 1169 :-
1624 1109 1669 1152 hi
1691 1111 1862 1167 quidem
1894 1127 2040 1156 omnes
2071 1116 2335 1161 Macedonoe.
2395 1122 2460 1175 (7)
2497 1123 2560 1164 Ex
2592 1124 2747 1167 Graecis

1506 1191 1605 1220 vero
1627 1177 1794 1221 Medius
1812 1182 2133 1238 Oxynthemidis
2147 1183 2270 1237 filius,
2292 1188 2494 1231 Larisaeus
2512 1203 2522 1231 :
2539 1192 2748 1235 Eumenes
2769 1236 2772 1237 γ

1506 1247 1777 1304 Hieronymi,
1802 1248 2032 1292 Cardianus
2058 1264 2068 1292 :
2102 1253 2343 1296 Critobulus
2370 1255 2567 1308 Platonis,
2601 1259 2712 1302 Cous
2733 1274 2744 1302 ε

1503 1314 1643 1357 ‘Fhoas
1672 1316 1893 1359 Menodori
1922 1320 1940 1373 (
1954 1318 2291 1379 MandrodoriP)
2317 1321 2439 1375 filius,
2465 1333 2507 1366 et
2536 1326 2748 1371 Maeander

1506 1384 1796 1442 (Menandere)
1815 1387 2112 1444 Mandrogenis
2135 1389 2260 1442 filius,
2276 1390 2321 1433 hi
2336 1393 2537 1447 Magnoeii
2553 1407 2563 1435 ε
2582 1395 2646 1449 (8)
2665 1398 2748 1438 An·
2765 1386 2780 1435 ¹.

1504 1453 1614 1496 dron
1635 1455 1822 1507 Cabelei,
1843 1458 1970 1499 Teius
1993 1471 2003 1500 :
2035 1474 2087 1501 ex
2114 1461 2301 1517 Cypriis,
2325 1462 2512 1506 Nicocloe
2531 1453 2746 1507 Pasieratis
2787 1464 2793 1506 Ῐ

1504 1523 1628 1577 filius,
1649 1525 1806 1579 Solius,
1838 1535 1879 1569 et
1911 1527 2152 1585 Nithaphon
2176 1530 2459 1587 (Nicocreon)
2478 1534 2742 1589 Pnytagoras.

1503 1592 1763 1636 Salaminius.
1824 1596 1925 1638 Erat
1941 1604 2080 1639 autem
2103 1598 2227 1639 etiam
2250 1601 2372 1642 Persa
2390 1599 2560 1656 quidam
2584 1602 2743 1644 triremi
2776 1638 2778 1642 ,

1502 1661 1719 1716 prael'ectus
1747 1664 1903 1718 Bagoas
1934 1664 2191 1707 Pharnuchae
2227 1666 2351 1709 filius.
2386 1669 2451 1722 (9)
2481 1669 2616 1725 Ipsius
2646 1683 2746 1712 vero

1503 1728 1730 1771 Alexandri
1760 1732 1941 1773 triremis
1966 1732 2218 1787 gubernator
2232 1743 2320 1776 erat
2338 1736 2600 1777 Onesicritus
2623 1739 2747 1795 Asty-

1500 1799 1726 1854 palaeensis.
1787 1800 1929 1842 Scriba
1962 1802 2088 1844 notius
2121 1803 2257 1845 classis
2286 1806 2494 1860 Euagoras
2524 1804 2745 1851 Eucleouis

1501 1866 1634 1919 filius,
1677 1869 1935 1911 Corinthius.
1999 1872 2091 1925 (10)
2133 1872 2398 1914 Navnrchum
2438 1874 2496 1914 eis
2532 1875 2747 1919 constituit
2771 1921 2778 1930 ¹

1499 1935 1733 1978 Nearchum
1742 1937 2136 1981 Androtimifilium.
2152 1942 2250 1981 Erat
2262 1940 2549 1983 hicNearchus
2563 1943 2663 1985 Cres
2677 1957 2743 1999 ge-

1500 2018 1614 2056 nere,
1634 2004 1845 2047 habitabat
1866 2016 2003 2049 autem
2028 2007 2266 2064 Amphipoli
2291 2023 2383 2064 quae
2404 2008 2456 2051 ad
2478 2010 2743 2067 Strymonem

1500 2073 1675 2116 fluvium
1687 2076 1764 2117 sita
1778 2084 1852 2118 est.
1898 2078 1938 2132 (1
1950 2079 1990 2133 1)
2003 2077 2078 2118 His
2093 2077 2215 2119 rebus
2232 2079 2287 2120 ita
2301 2079 2550 2131 constitutis,
2568 2079 2745 2124 Alexan·

1498 2140 1575 2183 der
1604 2142 1684 2184 diis
1706 2145 1875 2200 patriis,
1909 2154 1951 2187 et
1982 2146 2134 2202 quibus
2164 2154 2275 2188 vates
2306 2145 2548 2198 monebant,
2578 2162 2741 2192 sacrum

1499 2208 1617 2262 fecit,
1641 2219 1681 2252 et
1697 2211 1894 2267 Neptuno
1912 2220 1954 2254 et
1972 2213 2235 2270 Amphitritae
2252 2228 2300 2255 ac
2316 2213 2564 2258 Nereidibus
2582 2216 2744 2273 ipsique

1498 2278 1690 2331 Oeeano;
1728 2278 1914 2336 Hydaspi
1951 2294 2140 2336 quoque,
2179 2279 2292 2322 unde
2334 2280 2540 2334 solvebat;
2577 2285 2743 2327 Acesini

1497 2356 1715 2404 praeterea,
1734 2348 1777 2389 in
1797 2362 1922 2404 quem
1945 2347 2159 2406 Hydaspes
2182 2349 2334 2401 influit,
2356 2357 2398 2391 et
2411 2348 2535 2402 Indo,
2553 2350 2596 2393 in
2616 2364 2742 2408 quem

1497 2425 1673 2473 uterque
1711 2416 1857 2460 fertur.
1918 2418 2010 2473 (12)
2041 2418 2276 2460 Certamina
2308 2432 2475 2475 quoque
2512 2419 2669 2462 musiea
2700 2427 2743 2465 et

1498 2488 1688 2543 gymnica
1720 2487 1960 2543 agebantur,
1995 2495 2037 2529 et
2073 2488 2250 2529 victimae
2287 2501 2362 2544 per
2393 2486 2552 2543 singula
2578 2489 2743 2545 agmina
2795 2494 2798 2495 ⁷

1497 2566 1538 2599 et
1566 2566 1725 2600 turmas
1749 2557 2121 2600 distribuebantur.
2684 2580 2689 2582 -

1552 2627 1670 2668 XIX.
1700 2626 1906 2669 Omnibus
1917 2627 2055 2681 itaque
2069 2625 2193 2666 rebus
2210 2624 2261 2667 ad
2279 2625 2555 2679 navigandum
2568 2627 2737 2682 paratis,
2788 2620 2808 2666 ἰ

1497 2690 1798 2737 Craterum'ad
1835 2693 2003 2735 alteram
2038 2691 2242 2748 Hydaspis
2268 2693 2399 2747 ripam
2429 2706 2524 2734 cum
2556 2694 2739 2736 exercitu

1496 2765 1675 2820 equestri
1697 2778 1745 2805 ac
1768 2761 1947 2819 pedestri
1981 2763 2057 2803 iter
2090 2761 2221 2803 facere
2240 2759 2386 2816 jubet;
2410 2760 2462 2802 nb
2491 2761 2616 2804 altera
2638 2777 2739 2806 vero

1502 2967 1519 3020 ΙΙ
1542 2965 1677 3007 —13.
1691 2963 1877 3016 Μυκήλας
1890 2966 1941 3006 A.
1964 2963 2053 3018 1)-
2069 2965 2132 3013 ι4.
2151 2962 2332 3017 Βεροιίως
2353 2963 2671 3019 ΑΒςΒερροιίως
2684 2965 2733 3014 B,

1496 3028 1655 3083 Βεριέως
1672 3027 1719 3069 C.
1743 3027 1760 3081 ΙΙ
1772 3026 1899 3068 -15.
1918 3027 2122 3081 Λαρισαῖος
2133 3027 2221 3077 BD,
2236 3025 2495 3080 ΔαρισαῖοςΟ,
2511 3026 2735 3082 Δαρεισαῗος

1496 3092 1553 3141 Λ;
1573 3091 1801 3145 Λαρισσαῖος
1816 3102 1907 3143 vgo.
1931 3087 2243 3143 1)-16,1(αρίης
2257 3089 2305 3129 C.
2321 3088 2337 3143 ΙΙ
2357 3101 2483 3143 —17.
2501 3086 2734 3141 Μηνοδώ·

1496 3167 1575 3207 ρου
1596 3154 1609 3208 ]
1633 3151 1915 3207 Μανδροδώρου
1945 3151 1987 3191 in
2020 3149 2180 3206 Exped.
2211 3151 2287 3201 VI,
2315 3150 2384 3192 23.
2421 3151 2438 3205 ΙΙ
2459 3173 2515 3181 -
2537 3148 2735 3207 Μίανδρος

1501 3214 1624 3255 BCD.
1646 3212 1916 3254 Probabiliter
1931 3211 2007 3266 leg.
2024 3212 2256 3267 Μένανδρος,
2278 3211 2331 3254 de
2348 3225 2433 3268 quo
2451 3211 2556 3254 bene
2574 3220 2735 3255 constat

1494 3274 1674 3318 aliunde.
1696 3273 1857 3316 Deinde
1888 3288 1966 3331 pro
1990 3274 2190 3330 Μανδρογ.
2216 3272 2471 3315 Blankardus
2501 3273 2631 3316 voluit
2656 3272 2734 3317 Ἀν-
2782 3295 2806 3318 x

1494 3339 1624 3393 δρογ..
1655 3336 1809 3393 absque
1842 3350 1961 3379 causa
1987 3336 2150 3379 idonea.
2185 3338 2247 3378 De
2278 3335 2478 3378 Androne
2513 3334 2617 3393 Tejo
2643 3334 2729 3380 vid.
2787 3302 2808 3375 ξ

1495 3402 1564 3442 Fr.
1592 3401 1698 3442 Hist.
1725 3408 1756 3441 t.
1792 3401 1847 3450 11,
1873 3414 1916 3455 p.
1936 3400 2032 3449 348.
2055 3401 2071 3454 n
2088 3423 2146 3431 —
2166 3413 2235 3442 20.
2258 3398 2441 3454 Νιθάφων
2465 3413 2619 3441 nomen
2638 3411 2732 3442 cor·
2775 3403 2808 3465 ’ξ

1493 3470 1664 3518 ruptum
1699 3460 1862 3503 videtur
1890 3476 1940 3503 cx
1975 3461 2210 3517 Νικοκρέων.
2242 3461 2448 3504 Plutarch.
2483 3460 2599 3504 Alex.
2636 3474 2728 3517 29:
2776 3471 2808 3498 :³

1493 3524 1712 3580 Νικοκρέων
1750 3524 1772 3565 ὁ
1804 3523 2039 3580 Σαλαμίνιος
2077 3524 2143 3565 καὶ
2185 3524 2427 3580 Πασικράτης
2458 3523 2480 3565 6
2517 3523 2668 3573 Σόλιος.
2705 3523 2724 3579 Ι(

2794 3266 2808 3303 ,ι

1491 3600 1636 3628 -αι,
1676 3586 1849 3642 Μαγώας
1882 3585 2027 3639 codd-3
2058 3601 2140 3628 em.
2183 3585 2300 3628 editt.
2340 3586 2356 3640 ΙΙ
2389 3609 2445 3617 -
2475 3586 2543 3628 23.
2579 3583 2726 3629 Ἆστυπ.
2792 3604 2794 3607 ’

1492 3664 1576 3691 om.
1606 3651 1653 3691 C.
1678 3651 1694 3704 ΙΙ
1715 3673 1772 3681 -
1790 3652 1858 3692 28.
1883 3648 1968 3691 ἔθυε
2007 3649 2096 3691 κτλ.
2118 3650 2181 3691 De
2199 3647 2343 3691 eadem
2359 3662 2405 3690 re
2430 3646 2484 3690 cs.
2514 3650 2621 3704 Exp.
2645 3647 2722 3700 VI,
2786 3662 2790 3663 ⁷

1493 3713 1732 3815 13),ῦιι);κ(ΙΓ--
1750 3713 1819 3754 31.
1856 3710 1921 3754 ἀπ’
1942 3712 2033 3754 ὅτου
2056 3712 2103 3754 C.
2134 3712 2151 3766 ΙΙ
2175 3735 2231 3743 -
2255 3710 2422 3764 ἔκδιδοίη
2464 3708 2608 3762 codd.;
2642 3722 2724 3754 em.

1548 3838 1665 3887 XIX,
1710 3838 1778 3879 36.
1823 3858 1840 3874 ι
1878 3837 2073 3880 Craterus
2110 3836 2153 3878 in
2192 3834 2338 3878 dextra
2379 3833 2583 3891 Hydaspis
2618 3830 2808 3895 ''39⁸2ssss

1493 3900 1758 3955 llephzestion
1791 3902 1832 3942 in
1859 3901 2025 3943 sinistra
2046 3898 2147 3941 ibat.
2177 3897 2243 3941 Cf.
2265 3899 2372 3954 Exp.
2405 3898 2481 3948 vl,
2507 3911 2548 3949 2,
2585 3899 2627 3947 4.
2651 3892 2720 3946 15.

1494 3976 1534 4016 7.
1563 3982 1577 3997 ·
1602 3964 1869 4004 Scnmmnnn.
1909 3964 1926 4018 ΙΙ
1951 3986 2007 3998 ·-·
2041 3962 2110 4004 36.
2143 3958 2191 4003 τὰ
2226 3974 2313 4002 om.
2352 3961 2413 4011 D;
2449 3962 2499 4016 τῇ
2521 3973 2606 4001 om.
2638 3954 2720 4003 BC.

1499 4026 1515 4078 ll
1550 4047 1605 4055 —
1642 4025 1709 4079 37.
1742 4027 1903 4081 στρατιῇ
1934 4026 2030 4081 πεζῇ
2055 4022 2197 4078 (πεζοὶ
2218 4022 2282 4081 Β)
2311 4020 2412 4064 ἔκέλ.
2442 4022 2528 4070 πεζ.
2562 4017 2719 4063 ABCL.
