2756 4354
520 164 606 213 DE
645 162 945 209 ANONYMO
982 162 1267 208 AUCTORE
1307 165 1542 212 PERIPLI
1577 168 1766 215 MARIS
1803 173 2148 223 ERYTHRAEI.

2447 208 2583 242 XCVII

0 298 11 343 ’,
77 286 118 332 δὲ
149 285 241 330 ὅλον
264 282 333 330 τὸν
353 278 566 342 εἰρημένον
595 275 856 339 περίπλουν..
881 275 1011 334 οἱμὲν
1036 274 1252 340 [πρότεροι
1266 275 1303 340 Ρ]
1373 281 1510 328 Vides
1532 283 1763 329 Zoscalem
1811 287 1985 348 Peripli
2022 306 2118 336 esse
2149 297 2406 342 Zalzakalen
2447 308 2592 351 Anna-

3 348 16 367 ’ζ’
38 384 42 388 ·
74 359 325 424 μικροτέροις
343 354 498 406 πλοίοις
519 351 872 415 περικολπίζοντες
889 349 1050 395 ἔπλεον·
1079 353 1238 412 πρῶτος
1263 351 1305 395 δὲ

71 435 278 487 Ἵππαλος
287 433 383 480 κυὸε
389 429 566 494 ρνήτης...
573 464 584 476 .
594 426 663 473 τὸν
675 425 742 472 διὰ
751 426 953 487 πελάγους
966 425 1098 488 ἐξεῦρε
1107 427 1269 486 πλοῦν,.
1276 458 1303 473 ..

73 512 156 576 ἆφῗ
192 503 245 556 οὗ
286 506 447 568 μέχρι
490 503 579 550 καὶ
608 500 760 550 νῦν...
800 501 950 564 ὕψηλοὶ
970 500 1037 546 διὰ
1072 505 1143 546 τοῦ
1162 499 1306 553 ἔξωθεν

71 591 146 649 γῆς
178 581 465 646 παραπλέουσι
502 579 594 631 τοὺς
631 577 868 641 εἰρημένους
916 578 1108 629 κόλπους.
1147 576 1307 638 ltaque

72 677 210 723 quum
244 659 338 703 haec
373 656 622 716 navigandi
649 656 767 700 ratio
796 654 941 699 Plinii
977 654 1158 699 demum
1182 663 1308 698 aetate

69 733 321 781 invaluisse
339 731 567 786 videatur,
584 729 752 775 Nostro
776 739 924 774 autem
943 729 1174 790 periplum
1201 728 1309 773 scri-

67 809 208 856 bente
230 824 312 871 per
338 807 622 867 aliquantum
644 816 763 851 certe
786 805 1006 866 temporis
1028 805 1079 850 in
1110 820 1196 850 usu
1211 803 1304 864 jam

0 899 7 902 ⁷
71 886 250 931 suisset:
272 884 494 939 Plinium,
514 883 594 942 qui
615 898 686 927 an.
705 898 763 940 79
778 891 984 926 mortuus
1006 892 1073 926 est
1088 891 1132 925 et
1151 897 1224 925 an.
1246 897 1300 937 77

70 976 185 1020 opus
203 974 333 1004 suum
353 958 636 1019 absolverat,
654 956 823 1001 librum
843 956 1056 1002 Historiae
1073 954 1304 1000 Naturalis

70 1046 245 1081 sextum
267 1034 580 1095 composuisse
602 1033 808 1078 censebis
826 1044 1067 1092 antequam
1092 1047 1173 1077 sua
1189 1032 1302 1076 scri-

67 1109 197 1155 beret
238 1109 417 1155 Noster.
459 1134 522 1142 —-
558 1108 768 1168 Denique
810 1109 1050 1153 certiorem
1089 1107 1307 1167 temporis

70 1195 223 1229 notam
266 1183 472 1244 periplus
503 1182 682 1241 praebet
701 1185 727 1242 5
749 1182 792 1238 5,
829 1199 876 1243 p.
905 1183 989 1226 261
1008 1216 1020 1238 ‚
1046 1181 1128 1226 ubi
1152 1181 1306 1225 Nostri

71 1276 170 1306 aevo
189 1260 400 1323 Zoscales
421 1259 542 1320 apud
565 1259 837 1304 Auxumitas
854 1272 1068 1317 regnasse
1080 1257 1304 1301 traditur:

70 1336 288 1383 Βασιλεύει
312 1334 354 1380 δὲ
378 1338 458 1380 τῶν
482 1335 617 1380 τόπων
634 1332 787 1379 τούτων
803 1333 884 1378 ἀπὸ
909 1336 990 1378 τῶν
1014 1331 1307 1394 Μοσχοφάγων

71 1409 198 1472 μέχρι
226 1413 299 1464 τῆς
319 1410 444 1464 ἄλλης
468 1405 709 1470 Βαρὸαρίας
728 1407 780 1471 (*)
806 1407 1061 1464 Ζωσκάλη
1075 1426 1117 1465 ς,
1137 1406 1308 1469 ἀκριὸὴς

72 1485 146 1546 μὲν
172 1489 242 1530 τοῦ
276 1484 365 1547 βίου
385 1484 455 1530 καὶ
487 1489 556 1530 τοῦ
580 1484 764 1536 πλείονος
783 1483 1039 1546 ἐξεχόμενος,
1069 1483 1248 1543 γενναῖος
1266 1482 1307 1527 δὲ

71 1561 163 1622 περὶ
187 1560 238 1605 τὰ
264 1561 388 1606 λοιπὰ
412 1560 482 1606 καὶ
521 1560 781 1623 γραμμάτιον
815 1558 1071 1614 “Ελληνικῶν
1102 1556 1305 1619 ἔμπειρος.

54 1636 124 1685 >In
148 1635 389 1681 annalibus
426 1645 574 1681 autem
616 1651 776 1694 regum
795 1634 1054 1694 Abyssiniae
1076 1633 1197 1678 hunc
1224 1633 1304 1677 ha-

69 1709 231 1756 bemus
284 1710 553 1755 laterculum
600 1710 614 1770 (
638 1726 682 1753 v.
734 1708 842 1754 Salt.
895 1708 945 1752 in
997 1708 1102 1753 ltin.
1135 1707 1300 1766 Abyss.

69 1801 118 1844 p.
146 1786 236 1836 460
271 1801 340 1845 sq.
367 1785 436 1830 Cf.
468 1783 699 1845 Ludolph.
734 1783 906 1829 Histor.
934 1782 1132 1842 AEthiop.
1170 1781 1232 1837 ΙΙ,
1255 1789 1304 1838 43

70 1859 208 1920 Corp.
234 1859 376 1905 Inscr.
404 1859 490 1920 111,
517 1876 563 1920 p.
598 1858 718 1919 513)
744 1874 756 1902 ε
1004 1852 1007 1855 ’

85 2185 302 2245 ‘ZaBazen
318 2204 515 2258 regnavit.
548 2235 557 2244 .
593 2233 602 2242 .
637 2234 658 2245 .,
680 2235 688 2243 .
724 2232 734 2242 .
772 2234 780 2243 .
814 2206 875 2242 16-
905 2220 920 2234 α

99 2258 232 2313 Hujus
266 2274 376 2300 anno
415 2266 558 2299 octavo
597 2257 784 2297 Christus

155 2323 286 2355 natus,

99 2371 344 2410 Za-Scnatu.
390 2402 398 2411 .
442 2400 451 2409 .
495 2400 503 2407 .
542 2401 550 2408 .
587 2398 596 2407 .
633 2401 641 2408 .
678 2400 686 2408 .
724 2399 732 2407 .
771 2397 780 2405 .
809 2371 860 2406 26

99 2426 253 2465 Za-Les
259 2452 733 2466 ...........
742 2421 745 2423 ’
771 2452 779 2460 .
812 2434 861 2461 10

100 2479 365 2521 za-Maseuh.
390 2517 394 2520 ,
403 2506 777 2519 .........
836 2479 859 2516 6

1016 2378 1098 2415 9-
1129 2364 1178 2411 34
1190 2364 1282 2418 p.C.

989 2418 1096 2457 35-
1126 2420 1178 2466 44

988 2473 1098 2520 45—
1129 2473 1180 2513 50

100 2537 345 2576 Za-Sutuwa
350 2560 778 2575 ..........
835 2546 858 2583 9
989 2528 1098 2567 51—-
1129 2527 1179 2580 59

99 2589 346 2643 Za-Adgaba
352 2615 779 2629 ..........
812 2599 859 2626 ιο
896 2587 920 2624 6
989 2586 1098 2624 60—
1128 2597 1182 2635 70

100 2645 291 2698 Za-Agba
296 2672 778 2686 ...........
828 2660 843 2675 ιι
897 2643 921 2679 6
1128 2652 1181 2690 70

97 2700 289 2742 Za·Malis
295 2726 778 2740 ...........
836 2699 859 2735 6
990 2707 1100 2746 71—
1129 2697 1180 2745 76

98 2755 326 2797 Za-Hakale
330 2781 777 2796 ...........
812 2751 858 2790 13
989 2761 1099 2801 77-
1128 2750 1179 2800 89

56 2847 58 2850 ,
99 2811 358 2853 Za-Demahe
365 2838 777 2851 ..........
812 2819 861 2847 10
989 2817 1099 2855 90—
1128 2818 1181 2855 99

99 2870 311 2909 Za-Awtet
317 2892 779 2907 ...........
835 2875 860 2901 2
964 2873 981 2898 1
988 2871 1119 2899 oo—1
1127 2872 1152 2899 0
1161 2873 1177 2898 1

964 2913 1175 2957 102—-131

964 2969 1176 3021 132-—171

1104 3038 1180 3078 172

965 3082 1180 3134 173-176

964 3136 1181 3191 187-—252

960 3193 1177 3244 253-273

1100 3250 1178 3300 274

102 2921 344 2965 Za-Elawda
350 2950 777 2963 ..........
808 2918 860 2958 30

101 2979 300 3032 Za-Zigen
321 2986 362 3018 et
389 2979 532 3017 Rema.
579 3006 589 3015 .
632 3007 642 3015 .
676 3005 685 3014 .
722 3007 731 3015 .
769 3005 777 3014 .
807 2975 861 3021 40

101 3032 319 3077 Za—Gafale
324 3061 778 3075 ...........
839 3041 855 3067 1

101 3088 371 3132 Za·Baesiserk
376 3116 778 3130 ..........
834 3087 859 3132 4

102 3148 157 3187 Za
178 3145 399 3198 Elasguaga
405 3172 777 3184 .........
808 3143 859 3193 76

104 3200 311 3241 EI-Herka
316 3228 779 3242 ...........
807 3209 855 3236 21

105 3257 279 3297 Za-Baesi
300 3256 488 3298 Tsawesa
494 3285 778 3295 .......
838 3266 855 3292 1

163 3320 239 3352 etc.
355 3319 431 3352 etc.

95 3381 99 3405 ι

1377 355 1515 411 lium,
1549 359 1629 417 qui
1661 362 1869 419 regnavit
1909 378 1980 407 an.
2009 365 2150 423 76-89
2187 384 2231 425 p.
2256 370 2326 427 C.,
2368 390 2457 432 quo
2490 388 2592 423 tem-

1377 445 1488 488 pore
1521 433 1642 491 apud
1674 434 1900 480 Romanos
1937 437 2277 496 imperaverunt
2301 443 2594 505 Vespasianus

1380 502 1574 566 (70-79),
1609 506 1741 552 Titus
1787 511 1956 570 (79·81)
1996 522 2040 555 et
2079 513 2365 560 Domitianus
2408 520 2595 579 (81-96'.

1377 577 1524 636 Igitur
1557 580 1771 627 Nostrum
1809 586 2048 646 scripsisse
2084 590 2239 647 paullo
2273 602 2374 650 post
2415 573 2597 641 mortem

1376 651 1520 697 Plinii
1541 654 1661 699 inter
1680 671 1824 702 annos
1849 659 1991 718 80-89
2018 677 2063 721 p.
2093 662 2144 705 C.
2168 664 2492 713 existimamus.

1446 729 1548 787 169.
1571 727 1723 775 Restat
1740 741 1789 775 ut
1806 733 1999 778 aliorum
2019 735 2075 779 de
2098 739 2333 783 sententiis
2351 754 2599 790 moneatur.

1376 803 1626 847 Salmasius
1646 804 1729 864 (ad
1748 805 1893 850 Solin.
1917 823 1962 867 p.
1992 809 2113 868 835)
2139 810 2338 856 Plinium
2367 825 2409 859 et
2431 816 2600 879 Peripli

1379 887 1634 934 auctorem,
1661 895 1936 941 quamquam
1965 882 2021 927 de
2043 883 2204 928 iisdem
2237 886 2372 933 rebus
2396 905 2512 951 saepe
2533 894 2604 938 di-

1382 968 1515 1011 versa
1537 954 1786 1011 traderent,
1808 956 1965 1001 eodem
1983 967 2132 1002 tamen
2153 969 2353 1020 tempore
2369 966 2604 1026 scripsisse

1382 1028 1574 1076 censuit.
1594 1028 1821 1075 Nimirum
1833 1031 2023 1076 Muziris
2040 1033 2346 1080 statiolndica
2362 1042 2602 1087 secundum

1380 1103 1617 1165 Periplum
1648 1107 1673 1165 5
1701 1107 1756 1160 54
1783 1124 1831 1165 p.
1867 1109 1957 1166 296
1982 1124 2049 1168 sq.
2080 1110 2129 1154 in
2152 1126 2290 1169 regno
2317 1116 2605 1180 Κηπροὸότρου

1382 1190 1501 1235 erat3
1522 1180 1703 1226 Plinius
1723 1192 1872 1227 autem
1889 1182 1968 1238 Vl,
1997 1185 2054 1228 26
2077 1186 2102 1243 3
2124 1194 2204 1239 104
2223 1187 2278 1231 de
2294 1190 2449 1234 eodem
2472 1193 2572 1238 loco
2595 1214 2602 1238 :

1382 1254 1615 1311 Regnabat
1636 1258 1709 1309 ibi,
1737 1273 1867 1315 quum
1886 1261 2116 1316 proderem
2141 1262 2248 1313 hoec,
2286 1265 2604 1324 Caelobothras-3

1383 1328 1580 1389 denique
1602 1330 1874 1377 Ptolemaeus
1895 1333 1943 1377 in
1976 1332 2061 1378 hac
2081 1335 2266 1393 regione
2290 1337 2422 1383 habet
2450 1342 2606 1403 Κάρου-

1384 1422 1450 1466 ρα,
1490 1405 1696 1466 βασίλειον
1733 1408 2014 1470 Κηροὸόθρου.
2044 1410 2136 1455 Hos
2175 1427 2330 1457 omnes
2366 1414 2609 1463 Salmasius

1381 1489 1510 1539 putat
1528 1481 1721 1526 eundem
1740 1498 1891 1541 regem
1913 1500 2182 1542 memorare,
2210 1502 2342 1546 quem
2370 1489 2548 1536 Plinius
2567 1506 2609 1537 et

1381 1553 1543 1600 Noster
1570 1556 1665 1601 suis
1690 1558 1974 1618 temporibus
2007 1575 2217 1618 regnasse
2240 1562 2440 1608 dixerint
2464 1577 2608 1627 recte,

1380 1628 1653 1676 Ptolemaeus
1676 1647 1784 1677 vero
1805 1633 1916 1678 falso
1951 1634 2006 1678 ad
2038 1625 2164 1680 suam
2190 1646 2359 1681 aetatem
2381 1650 2607 1698 pertraxe-

1385 1707 1461 1752 rit.
1480 1707 1546 1752 Ac
1570 1724 1677 1753 sane
1700 1706 1829 1754 facile
1850 1710 1950 1755 fieri
1967 1712 2131 1771 potuit,
2150 1722 2199 1757 ut
2219 1712 2338 1757 idem
2361 1730 2442 1759 rex
2455 1719 2606 1762 Nostri

1382 1794 1425 1827 et
1447 1783 1591 1829 Plinii
1634 1786 1918 1847 temporibus
1963 1787 2120 1844 fuerit,
2153 1789 2422 1835 Ptolemaeus
2459 1803 2603 1836 autem

1384 1858 1506 1903 fonte
1525 1875 1635 1905 usus
1658 1861 1716 1905 sit
1733 1862 1812 1920 qui
1829 1862 2015 1906 eandem
2043 1873 2215 1908 aetatem
2237 1876 2604 1924 repraesentaret3

1382 1933 1460 1977 sed
1488 1933 1603 1979 nihil
1635 1945 1701 1979 est
1723 1936 1964 1996 incertius,
1996 1953 2135 1996 quum
2173 1954 2339 1983 nomen
2373 1942 2491 1984 istud
2515 1959 2607 1989 non

1383 2008 1442 2052 sit
1473 2009 1583 2053 certi
1609 2009 1744 2074 alicuj
1754 2026 1804 2055 us
1827 2012 1947 2069 regis
1973 2014 2210 2072 proprium
2225 2047 2236 2068 ,
2259 2014 2336 2058 sed
2357 2031 2605 2072 cognomen

1383 2083 1598 2129 omnibus
1610 2084 1747 2144 hujus
1759 2096 1927 2131 tractus
1937 2086 2123 2145 regibus
2134 2103 2370 2133 commune
2383 2088 2448 2150 (⁸)
2459 2124 2468 2133 .
2483 2090 2603 2135 ldem

1382 2157 1502 2202 cadit
1523 2161 1571 2203 in
1594 2160 1875 2204 Pandionem
1903 2161 2046 2205 Plinii
2074 2173 2117 2206 et
2131 2161 2283 2206 Nostri
2307 2174 2350 2207 et
2374 2164 2604 2209 Ptolemaei

1382 2232 1457 2291 (v.
1484 2245 1579 2277 not.
1607 2235 1662 2277 ad
1686 2251 1732 2294 p.
1764 2251 1868 2293 297,
1895 2237 1994 2294 10).

1449 2324 1546 2362 170.
1567 2311 1816 2351 Dodwellus
1832 2310 1895 2366 (in
1921 2309 2120 2354 Hudson.
2143 2310 2198 2353 G.
2218 2311 2278 2353 M.
2299 2311 2335 2365 Ι,
2353 2328 2396 2371 p.
2421 2314 2476 2356 85
2489 2317 2600 2371 sqq.)

1381 2382 1609 2441 periplum
1624 2383 1842 2442 scriptum
1860 2398 1955 2427 esse
1970 2385 2258 2443 censuitpost
2276 2401 2346 2429 an.
2370 2388 2445 2429 161
2466 2403 2510 2446 p.
2528 2388 2599 2442 C„

1381 2455 1479 2499 sub>
1500 2456 1652 2500 Marco
1685 2456 1871 2501 Aurelio
1892 2467 1935 2501 et
1968 2457 2110 2502 Lucio
2128 2458 2243 2503 Vero
2264 2460 2404 2519 impp.
2424 2460 2603 2505 Scilicet

1381 2545 1519 2588 quum
1558 2530 1612 2574 de
1630 2530 1907 2575 Eudaemone
1930 2531 2102 2576 Arabia
2135 2533 2275 2592 (hod.
2300 2537 2425 2577 Aden
2446 2536 2477 2592 ),
2500 2536 2602 2580 vico

1380 2604 1427 2648 in
1439 2604 1723 2649 Chai-ibaelis
1736 2605 1909 2649 ditione
1919 2607 2164 2661 maritimo,
2175 2606 2335 2651 Noster
2350 2609 2440 2665 §26
2456 2625 2499 2667 p.
2517 2626 2600 2665 277

1381 2679 1501 2722 dicat
1537 2696 1547 2722 :

1383 2759 1546 2818 Καῖσαρ
1587 2757 1712 2812 αὐτὴν
1752 2757 2057 2821 κατεστρέψατο
2080 2775 2090 2801 t
2126 2759 2386 2804 Dodwellus
2418 2760 2605 2805 Caesaris

1381 2835 1568 2879 nomine
1601 2835 1795 2879 indicari
1818 2835 1919 2878 vult
1947 2833 2194 2893 Trajanum
2210 2869 2222 2890 ,
2261 2835 2316 2879 de
2339 2851 2429 2894 quo
2448 2835 2605 2879 Eutro-

1382 2910 1487 2969 pius
1509 2909 1634 2964 VIII,
1661 2926 1687 2954 2
1710 2926 1720 2953 :
1750 2911 1960 2952 Arabiam
1990 2920 2143 2967 postea
2169 2915 2213 2953 in
2245 2915 2480 2967 provinct‘oe
2504 2910 2605 2965 sor-

1382 3002 1499 3028 mam
1532 2987 1716 3043 redegit.
1751 2984 1855 3027 Haec
1887 2984 2006 3027 enim
2028 2983 2168 3027 verba
2192 2999 2328 3042 quum
2358 2984 2606 3043 emphatice

1382 3059 1503 3102 dicta
1520 3058 1612 3103 sint
1632 3059 1687 3102 de
1707 3057 1888 3103 Arabiae
1909 3057 2134 3118 particula
2148 3056 2290 3116 Syriae
2310 3058 2602 3111 contermina,

1384 3149 1519 3193 quam
1539 3168 1550 3188 ,
1591 3144 1642 3178 ut
1672 3132 1938 3178 Ammianus
1958 3131 2076 3187 XIV,
2104 3133 2148 3187 8,
2187 3132 2238 3174 13
2264 3132 2341 3186 ait,
2369 3137 2607 3190 provincia:

1383 3215 1584 3268 imposito
1602 3214 1778 3252 nomine
1800 3220 1845 3252 et
1857 3218 2019 3251 rectore
2041 3213 2281 3259 constituto,
2309 3208 2604 3263 obtemperare

1588 2683 1656 2722 νῦν
1685 2678 1727 2723 δὲ
1760 2682 1804 2724 οὐ
1828 2680 1906 2739 πρὸ
1950 2681 2101 2725 πολλοῦ
2120 2684 2198 2725 τῶν
2219 2681 2425 2743 ἡμετέρων
2451 2682 2604 2744 χρόνων

1384 3287 1552 3341 legibus
1574 3289 1731 3326 nostris
1758 3286 1973 3340 TraJ'anus
1991 3284 2196 3340 compulit
2223 3286 2472 3338 imperator,
2495 3285 2605 3323 inco·

1385 3363 1524 3402 larum
1549 3370 1712 3402 tumore
1736 3374 1856 3415 ,ηερε
1878 3367 2061 3409 contuso,
2100 3371 2228 3412 quum
2248 3357 2435 3413 glorioso
2459 3356 2606 3397 Marte

136 3531 183 3579 (*)
206 3533 315 3568 Hunc
337 3530 411 3568 sere
435 3531 535 3578 regni
559 3529 801 3568 Auxumitani
819 3528 1004 3566 ambitum
1025 3526 1169 3574 primus
1195 3526 1391 3563 constituit
1411 3535 1490 3570 rex,
1505 3524 1568 3571 qui
1589 3521 1746 3569 insculpi
1767 3522 1876 3568 jussit
1898 3519 2186 3557 monumentum
2203 3516 2464 3561 Adulitanum,
2486 3518 2610 3552 nostro

84 3585 237 3623 Zoscale
256 3584 457 3631 antiquior.
482 3586 586 3623 ldom
605 3596 696 3623 vero
716 3596 782 3622 rex
800 3593 919 3633 quum
936 3583 974 3620 in
997 3584 1110 3621 inser.
1131 3581 1244 3620 Adul.
1263 3582 1332 3630 (C.
1353 3584 1381 3619 1.
1402 3583 1495 3618 tom.
1522 3582 1588 3622 111,
1606 3590 1642 3626 ρ.
1663 3583 1733 3616 512
1749 3577 1762 3625 )
1780 3577 1826 3614 de
1843 3587 1883 3614 se
1907 3575 2083 3623 praedicet
2105 3587 2114 3610 ε
2136 3574 2208 3612 Καὶ
2227 3573 2338 3621 πέραν
2358 3572 2395 3609 δὲ
2417 3576 2479 3616 τῆς
2506 3571 2609 3617 Ἐρυ-

84 3643 166 3688 &paq
186 3640 368 3683 θαλάσσης
383 3640 571 3683 οἰκοῦντας
586 3641 793 3689 Ἀρραὸίτας
815 3641 828 3689 (
850 3640 1058 3690 Κανραΐτας
1075 3648 1149 3675 see.
1176 3638 1346 3676 codicem
1369 3636 1529 3683 Peripli?
1552 3636 1563 3681 )
1594 3635 1656 3671 καὶ
1683 3631 2021 3675 Κιναιδοκολπίτας,
2046 3628 2253 3678 στράτευμα
2267 3628 2436 3665 ναυτικὸν
2459 3628 2523 3691 καὶ,
2550 3639 2609 3662 πε-

84 3698 181 3740 ζικὸν
198 3694 490 3744 διαπεμψάμενος
512 3697 574 3733 καὶ
596 3697 774 3743 ὑποτάξας
790 3698 910 3735 αὐτῶν
932 3697 1016 3738 τοὺς
1037 3696 1224 3744 βασιλέας,
1252 3694 1380 3743 φόρους
1398 3696 1460 3738 τῆς
1479 3696 1545 3738 γῆς
1567 3691 1678 3728 τελεῖν
1701 3691 1877 3727 ἐκέλευσα
1908 3689 1986 3726 καὶ
2026 3686 2274 3725 ὁδεύεσθαι
2307 3683 2397 3733 μετ’
2417 3684 2607 3745 ‘cipit-2773

85 3754 163 3791 καὶ
196 3752 440 3797 πλέεσθαι,
454 3751 528 3788 ἀπό
548 3764 590 3789 τε
604 3754 746 3797 Λευκῆς
765 3753 892 3801 κώμης
909 3754 977 3797 ἕως
991 3756 1065 3790 τῶν
1089 3751 1259 3789 Σαὸαίων
1274 3751 1396 3800 χώρας
1426 3747 1638 3795 ἐπολέμησα
1656 3761 1665 3782 :
1692 3745 1789 3782 haud
1803 3744 1866 3781 diu
1887 3746 2012 3781 tamen
2034 3741 2160 3790 populi
2181 3740 2238 3777 isti
2258 3740 2443 3785 imperatis
2463 3736 2605 3773 obtem-

84 3818 232 3855 perasse
251 3807 439 3844 videntur.
459 3808 568 3844 Certe
596 3807 718 3845 Nostri
745 3810 978 3856 temporibus
1006 3807 1211 3846 latrociniis
1241 3807 1317 3844 suis
1345 3805 1438 3843 adeo
1461 3803 1591 3842 [amosi
1622 3803 1728 3840 erant
1753 3803 1794 3838 ut
1828 3810 1904 3837 orae
1931 3809 2060 3838 eorum
2080 3796 2373 3846 appropinquare
2391 3794 2512 3828 nautae
2532 3801 2606 3826 non

83 3863 281 3900 auderent.

136 3917 208 3966 (Μ’)
230 3917 286 3955 Ad
309 3927 351 3955 ea
363 3921 452 3965 'quac
467 3915 514 3954 de
532 3916 604 3953 hoc
616 3915 766 3954 nomine
782 3917 912 3963 injnot.
930 3929 968 3967 p.
984 3922 1052 3957 297
1071 3918 1215 3964 monui,
1233 3917 1319 3955 add.
1338 3919 1475 3955 Lassen
1490 3918 1544 3961 De
1554 3913 1773 3961 Taprobane
1789 3912 1857 3949 ins.
1875 3922 1911 3959 p.
1931 3915 1951 3948 8
1965 3911 2001 3947 et
2019 3905 2210 3946 Indisclze
2227 3898 2605 3961 Altertlzzcmslsunde

85 3973 178 4009 tom.
204 3975 232 4018 l,
251 3983 285 4019 p.
317 3976 381 4010 154
405 3974 442 4010 et
456 3971 711 4011 Schwanbeck
733 3972 758 4009 l.
778 3973 801 4009 1.
821 3983 855 4020 p.
886 3977 971 4012 350.
996 3974 1152 4021 Regium
1175 3973 1374 4012 Pandionis
1392 3981 1529 4009 nomen
1548 3969 1624 4017 jam
1645 3968 1809 4006 occurrit
1834 3966 1872 4004 in
1898 3965 2033 4013 Aqoltae
2050 3958 2343 4009 inscriptionibus
2358 3955 2483 3992 multis
2501 3963 2605 3990 annis

87 4029 173 4064 ante
197 4028 240 4064 C.
276 4038 314 4063 n.

217 4097 348 4125 GEOGR.
367 4100 390 4125 1.

2425 4085 2447 4117 9
