2808 4342
62 183 113 244 (⁷,
131 181 184 242 ο·)

147 282 374 347 Δημητρίῳ
392 299 438 327 τε
456 277 737 338 Καλλατιανῷ
758 276 987 336 συγγραφεῖ

145 355 217 402 καὶ
238 357 296 417 τῷ
321 351 482 411 Σικελῷ
505 346 667 395 Κλέωνι
685 343 758 391 καὶ
778 341 1050 404 Τιμοσθένει,

145 422 424 481 τὴντῆς(υ.
452 454 464 466 .
491 453 504 466 .
532 410 819 477 .ῶ..)τέ.
846 446 859 459 .
892 449 903 460 .
933 408 1216 474 (τῶν)θέσιν.

66 510 126 540 120
148 493 218 539 καὶ
238 491 304 537 τὸν
326 486 497 542 πολίτην
520 485 556 531 δ’
580 487 627 530 ἐκ
652 515 1028 531 ........

149 599 160 610 .
180 598 191 609 .
212 561 259 622 (π
272 595 283 607 .
300 560 378 621 ψ).
394 591 406 602 .
420 593 430 603 .
447 573 539 602 ασιν
556 589 566 602 .
587 553 745 617 γνω(ρι.
770 549 862 614 μεν)
879 585 890 598 .
911 586 922 598 .
945 548 1058 612 εἷ(σ)ὶ
1073 584 1084 596 .
1099 566 1126 612 φ
1142 585 1153 597 .
1169 584 1178 595 .
1198 548 1297 610 (καί)

151 629 233 690 (ὸγε
259 662 272 675 .
300 664 310 675 .
337 627 432 690 (ρετ)
460 657 711 672 .......
737 619 868 684 π(α)ρ’
887 617 1107 683 ἱ(στορεῖν)

149 699 193 759 (ἐ
218 715 296 743 .πι
322 732 333 744 .
362 732 371 742 .
397 691 574 754 λλομέν)
597 730 608 741 .
634 726 646 740 .
676 725 687 736 .
713 690 862 742 τόπους
885 726 897 737 .
923 723 936 738 .
964 723 975 735 .
1002 723 1014 736 .

151 799 316 815 .....
341 763 606 825 ἅκολου(θῶν)
631 760 673 807 δὲ
693 760 764 807 καὶ
785 756 1079 820 Καλλισθέν(η)

68 852 127 884 125
155 870 169 885 .
199 872 210 883 .
240 872 252 884 .
283 831 440 897 (ἷληφα)
461 831 532 879 καὶ
551 851 579 878 κ
600 865 613 879 .
643 866 654 878 .
685 869 695 878 .
726 831 772 893 (χ
796 866 806 877 .
830 830 874 891 χ)
900 864 911 875 .
936 827 1051 874 ενίων
1077 826 1120 873 δὲ
1142 826 1214 873 καί

148 903 342 966 Τίμαιον,
367 903 497 965 ἄνδρα
518 900 690 949 Σικελὸν
711 901 758 945 ἐκ
781 898 1093 962 Ταυρομενίου,

149 976 195 1020 ἐκ
216 976 296 1020 τῶν
317 972 384 1036 ὑφ’
404 970 630 1034 Ἱ-Ιροδότου
651 989 695 1016 τε
718 968 1053 1030 συντεταγμένων
1066 983 1078 995 ·

151 1043 177 1088 ἃ
197 1044 232 1089 δ’
255 1044 374 1095 αὐτὸς
393 1041 477 1104 ἰδίᾳ
498 1039 724 1105 φιλοπόνως
744 1038 953 1095 ἐξητακώς

153 1111 403 1168 αὖτοπτικὴν
426 1110 563 1158 πίστιν
583 1129 628 1156 τε
650 1104 1042 1172 προσενηνεγμένος,

68 1198 128 1230 130
151 1184 205 1235 ὡς
227 1181 282 1228 ὢν
308 1179 455 1237 θεατὴς
474 1182 519 1226 οὔ
542 1181 663 1240 μόνον
687 1183 759 1235 τῆς
783 1177 982 1228 Ἑλλάδος

153 1251 180 1308 ἢ
203 1254 282 1298 τῶν
304 1254 396 1298 κατ’
417 1249 557 1297 Ἀσίαν
579 1248 777 1310 κειμένων
795 1246 1082 1308 πολισμάτων,

153 1321 281 1383 ἵστωρ
301 1320 343 1368 δὲ
363 1320 539 1383 γεγονὼς
560 1323 639 1365 τῶν
662 1338 707 1364 τε
726 1317 820 1380 περὶ
848 1317 915 1363 τὸν
939 1315 1101 1379 Ἀδρίαν

155 1391 228 1437 καὶ
250 1393 330 1437 τῶν
355 1389 463 1436 κατὰ
484 1390 554 1435 τὸν
573 1388 718 1435 Ἰόνιον
739 1387 829 1442 ἑξῆς
853 1385 1067 1447 κειμένων,

152 1458 410 1517 ἐπεληλυθὼς
432 1458 475 1504 δὲ
497 1456 591 1510 τούς
612 1476 656 1503 τε
679 1460 751 1513 τῆς
773 1455 1008 1518 Τυρρηνίας

73 1545 131 1577 135
155 1528 225 1574 καὶ
246 1529 336 1581 τοὺς
362 1525 603 1578 Σικελικοὺς
624 1525 696 1572 καὶ
715 1525 816 1588 πρὸς
836 1524 1014 1587 ἑσπέραν
1035 1524 1151 1586 ὅρους

152 1597 223 1643 καὶ
242 1600 314 1654 τῆς
337 1595 496 1651 Λιὸύης
515 1594 567 1641 τὰ
591 1597 766 1640 πλεῖστα
792 1594 864 1639 καὶ
891 1591 1178 1656 Καρχηδόνος.

155 1666 224 1714 Τὰ
245 1665 287 1712 δὲ
314 1665 450 1712 πολλὰ
475 1663 653 1711 συνελὼν
678 1663 854 1728 ἄρξομαι
877 1665 958 1708 τῶν
983 1661 1256 1725 πραγμάτων,

157 1740 319 1800 πρῶτον
343 1736 384 1783 δὲ
408 1735 518 1790 τάξω
538 1735 630 1788 τοὺς
650 1734 741 1780 κατ’
762 1733 969 1797 Εὐρώπην
991 1732 1156 1785 τόπους.

546 1887 834 1932 ΕΥΡΩΠΗ.

159 2016 221 2063 Τὸ
244 2019 316 2071 τῆς
336 2014 541 2072 θαλάττης
564 2019 635 2071 τῆς
658 2015 924 2069 Ἀτλαντικῆς
947 2014 1082 2074 στόμα

80 2103 138 2134 140
162 2086 337 2133 σταδίων
362 2085 435 2146 μὲν
458 2079 562 2131 εἶναί
581 2103 703 2148 φασιν
729 2085 873 2130 ἑκατὸν
899 2084 1072 2129 εἴκοσιν·

158 2160 185 2213 ἡ
205 2155 455 2218 περιέχουσα
477 2155 511 2200 δ’
535 2154 635 2200 αὐτὸ
652 2154 773 2217 χώρα
797 2154 972 2209 πλησίον

162 2228 188 2280 ἡ
214 2224 286 2283 μὲν
316 2223 474 2278 Λιὸύης
497 2227 523 2278 ἡ
549 2224 582 2267 δ’
605 2222 715 2267 ἐστὶν
741 2222 944 2284 Εὐρώπης
969 2222 1095 2284 ἄκρα.

162 2294 296 2348 Νῆσοι
320 2292 361 2337 δὲ
384 2292 537 2337 τούτων
558 2290 808 2354 ἑκατέρωθεν
832 2291 1019 2350 κείμεναι

164 2361 342 2422 διέχουσ’
367 2362 439 2404 ἀπ’
461 2359 652 2414 ἀλλήλων
675 2359 894 2421 τριάκοντα
917 2359 1063 2421 σχεδόν

87 2498 102 2549 Η
116 2520 171 2526 --
190 2509 283 2549 117.
302 2493 650 2549 Καλλατιανῷ]
674 2492 903 2549 Καλατιανῷ
920 2492 1073 2542 codex3
1091 2508 1173 2533 ern.
1190 2494 1318 2534 Mein.

87 2558 102 2612 Η
125 2582 180 2588 --
216 2559 308 2598 118.
342 2555 406 2596 καὶ
443 2559 498 2611 τῷ
525 2554 713 2610 Σικελικῷ
742 2554 855 2605 cod.;
894 2569 976 2595 em.
1010 2554 1215 2595 Meineke.
1257 2555 1320 2595 Cf.

82 2635 122 2660 v.
146 2623 238 2660 126.
261 2619 326 2659 καὶ
341 2617 528 2673 Σικελικῷ
544 2616 658 2657 dedit
672 2616 882 2657 Morellus.
907 2617 923 2670 Η
942 2640 999 2647 -
1020 2630 1097 2670 119
1114 2629 1204 2671 sqq.
1221 2618 1324 2669 Quae

84 2681 182 2723 inde
209 2696 232 2721 a
252 2696 351 2721 voce
369 2680 594 2735 Τιμοσθένει
608 2687 838 2734 sequuntur
860 2680 901 2718 in
918 2678 1060 2719 codice
1078 2678 1146 2734 (p.
1168 2682 1261 2729 128,
1281 2680 1323 2732 3)

84 2743 200 2784 lineae
229 2744 429 2797 quinque,
466 2741 569 2782 adeo
590 2750 688 2782 sunt
720 2740 879 2782 detritae
911 2750 952 2781 et
980 2756 1124 2791 exesae,
1147 2750 1195 2782 ut
1222 2757 1326 2781 non-

85 2807 163 2846 nisi
182 2805 307 2845 literae
329 2805 486 2860 aliquot
503 2804 572 2844 hic
590 2804 671 2844 illic
689 2811 927 2859 appareant.
946 2805 1048 2844 Arte
1062 2803 1246 2844 chemica
1263 2818 1327 2844 re-

84 2869 280 2908 suscitare
302 2868 571 2908 semimortua
591 2867 765 2907 tentavit
787 2867 1059 2917 Letronnius,
1095 2874 1246 2906 conatu
1263 2867 1326 2906 in-

87 2928 234 2969 fausto.
251 2932 354 2982 Quae
366 2943 491 2984 supra
499 2943 594 2969 cum
608 2928 817 2969 Meinekio
832 2927 1038 2978 dedimus,
1050 2929 1202 2983 partim
1214 2929 1324 2982 legit,

87 2992 238 3045 partim
268 2992 409 3044 legisse
441 2991 519 3031 sibi
552 2991 662 3031 visus
690 2999 752 3031 est
772 2992 945 3031 Haasius
971 2991 1324 3042 Vratislaviensis;

89 3061 272 3092 ceterum
294 3054 411 3093 uncis
429 3053 576 3094 inclusi
589 3054 757 3094 incerta.
778 3055 866 3106 Ego
882 3055 954 3094 etsi
972 3054 1123 3093 centies
1143 3053 1327 3094 codicem

91 3115 338 3169 inspexerim
357 3116 526 3171 aliisque
543 3116 847 3172 inspiciendum
867 3116 1069 3167 dederim,
1094 3116 1198 3156 nihil
1216 3116 1329 3171 quod

93 3178 293 3217 momenti
324 3177 493 3232 alicujus
521 3179 599 3230 sit,
631 3192 775 3219 eruere
806 3180 939 3234 potui.
968 3180 1059 3219 Hoc
1091 3187 1229 3220 tamen
1257 3194 1329 3234 pa-

95 3236 206 3277 tebat
219 3268 230 3287 ,
252 3253 292 3279 v.
325 3252 403 3281 120
420 3248 514 3295 post
535 3255 681 3282 vocem
701 3240 865 3294 πολίτην
887 3256 972 3282 non
994 3241 1072 3295 legi
1098 3242 1164 3292 X,
1185 3248 1233 3282 ut
1255 3243 1332 3283 Le-

95 3299 285 3338 tronnius
307 3308 347 3340 et
367 3302 538 3342 Haasius
557 3301 794 3352 credebant,
813 3302 885 3343 sed
900 3303 934 3342 ’δ’
963 3301 1020 3354 ἐκ,
1044 3311 1240 3358 sequente
1252 3334 1265 3354 ,
1286 3311 1334 3344 ut

98 3358 275 3410 videtur,
295 3360 412 3403 litera
427 3363 473 3403 Θ.
499 3364 767 3406 Desideratur
785 3366 893 3405 inter
918 3366 995 3407 alia
1008 3366 1270 3422 Theopompi
1293 3375 1333 3407 et

99 3421 276 3461 Hecataei
311 3424 555 3466 Eretriensis
587 3428 759 3467 mentio.
790 3429 971 3468 Versum
1007 3443 1084 3483 119
1130 3431 1331 3470 Letronn.

97 3481 262 3536 explere
273 3486 442 3526 tentavit
459 3486 535 3527 ita:
549 3485 619 3538 τὴν
638 3490 706 3540 τῆς
716 3488 960 3543 θαλά]ττ[ης,
973 3491 1013 3538 ὃς
1027 3491 1065 3545 γ’
1087 3490 1137 3545 ὁρ
1152 3491 1211 3546 ίζ]
1227 3506 1274 3532 ετ
1286 3506 1310 3531 α
1324 3506 1336 3530 ι

103 3546 219 3595 Οέσιν,
239 3546 282 3585 ἰη
297 3547 444 3600 quibus
463 3549 572 3589 istud
593 3551 632 3598 ὅς
647 3551 685 3606 γ’
703 3551 869 3606 ὁρίζεται
886 3554 943 3593 sic
959 3552 1109 3594 dixisse
1123 3562 1334 3595 auctorem

103 3621 187 3647 non
203 3607 439 3649 credideris.
459 3634 516 3642 —-
537 3614 630 3653 128.
660 3613 685 3652 ἃ
706 3614 740 3653 δ’
766 3613 884 3655 αὐτὸ
898 3631 913 3662 ς
935 3616 950 3669 ]
979 3632 995 3653 «
1023 3616 1047 3655 ἃ
1068 3616 1110 3656 δέ
1135 3617 1336 3671 sequioris

104 3671 301 3724 temporis
334 3672 552 3726 scriptores
582 3683 678 3729 post
715 3675 763 3716 τὰ
797 3676 863 3730 μὲν
896 3677 1048 3717 inferre
1072 3686 1219 3718 notum
1258 3688 1334 3721 est.

105 3730 223 3771 Idem
245 3731 409 3772 dicendi
432 3748 560 3787 genus
580 3737 731 3790 passim
757 3738 868 3792 apud
889 3740 1087 3780 Nostrum
1111 3740 1172 3781 vel
1188 3741 1337 3782 obscu-

107 3801 245 3833 ratum
264 3794 326 3835 vel
346 3795 449 3835 male
464 3797 713 3838 intellectum
729 3808 804 3849 est,
820 3800 929 3840 velut
945 3815 984 3841 v,
1003 3804 1100 3855 419.
1118 3805 1214 3851 422.
1239 3804 1335 3853 544.

108 3857 157 3895 In
181 3856 354 3897 eandem
377 3860 621 3900 sententiam
656 3862 812 3917 accipio
835 3877 874 3904 v.
910 3877 986 3918 127
1021 3865 1045 3904 ἃ
1070 3865 1104 3904 δ’
1129 3864 1241 3915 αὐτὸς
1264 3866 1341 3923 ἰδίᾳ

109 3917 326 3972 φιλοπόνως
339 3919 540 3972 ἐξητακὼς,
551 3922 640 3963 alia
650 3933 784 3965 autem
797 3924 1337 3981 ipsediligenter-scrutatae,

113 3988 158 4021 ut
178 3982 348 4023 verbum
369 3984 411 4024 in
440 3985 735 4040 superioribus,
767 4001 858 4042 quae
886 3988 1143 4041 exciderunt,
1159 3992 1339 4046 positum

1034 168 1219 216 ORBIS
1241 167 1627 216 DESCRIPTIO.

2512 186 2601 229 199

1370 277 1666 333 Demetrioque
1686 276 1910 318 Callatiano
1930 276 2128 318 historico

1369 353 1412 385 et
1428 345 1566 386 Siculo
1587 344 1729 386 Cleoni
1748 352 1790 385 et
1805 344 2063 385 Timostheni
2074 375 2087 394 ,

1370 411 1443 466 qui
1465 411 1596 453 maris
1617 420 1894 467 terrarumque
1910 421 2183 468 exposuerunt
2199 421 2346 466 Situm3

1371 487 1494 534 atque
1513 480 1645 520 civem
1669 493 1809 519 meum
1831 493 1882 519 ex
1913 508 2340 523 ..........

1373 711 2351 726 ......................

1374 778 1984 792 ..............
2016 757 2056 789 et
2078 749 2363 796 Callisthenem

1377 851 1608 862 ......
1639 823 2359 865 et..........eionaet

1372 890 1599 939 Timaeum,
1620 888 1757 928 virum
1781 885 1964 927 Siculum
1987 900 2009 926 e
2026 887 2304 932 Tauromenio
2316 923 2327 942 ‚

1375 966 1416 998 et
1436 972 1487 998 ex
1506 957 1555 998 iis
1576 970 1667 1012 quae
1686 954 1900 996 Herodoto
1919 956 2150 1011 conscripta
2167 967 2288 1009 sunt;

1375 1028 1453 1069 alia
1474 1035 1612 1068 autem
1634 1027 1721 1082 ipse
1745 1025 1967 1080 diligenter.
1980 1034 2205 1078 scrutatus,

1376 1097 1667 1151 ocularemque
1685 1095 1811 1137 fidem
1831 1095 2032 1136 adhibens
2043 1126 2055 1147 ,

1376 1175 1520 1222 utpote
1542 1173 1747 1221 spectator
1766 1179 1851 1205 non
1873 1163 2008 1204 solum
2028 1165 2195 1206 Graeciae

1376 1237 1440 1277 vel
1463 1237 1505 1276 in
1524 1236 1621 1277 Asia
1639 1235 1812 1275 sitarum
1833 1233 2027 1284 urbium,

1377 1304 1450 1345 sed
1468 1303 1651 1358 cognitas
1673 1303 1796 1343 etiam
1813 1301 1969 1342 habens
1989 1316 2079 1356 quae
2094 1302 2204 1343 circa
2222 1303 2391 1346 Adriani

1378 1383 1418 1416 et
1439 1373 1493 1415 ad
1510 1373 1679 1414 Ionium
1702 1386 1815 1412 mare
1836 1370 2030 1427 deinceps
2052 1373 2138 1414 sitae
2156 1382 2254 1414 sunt
2268 1405 2280 1425 ‚

1378 1458 1588 1499 aggressus
1607 1443 1731 1484 etiam
1750 1442 1992 1498 Tyrrheniae

1379 1523 1420 1556 et
1437 1513 1595 1556 Siculos
1614 1521 1654 1554 et
1673 1513 1746 1567 qui
1764 1511 1817 1552 ad
1836 1526 2048 1566 vesperam
2069 1522 2167 1554 sunt
2186 1513 2335 1555 limites
2347 1546 2358 1565 ‚

1380 1592 1420 1625 et
1442 1583 1583 1639 Libyae
1599 1582 1795 1638 pleraque
1813 1588 1853 1620 et
1872 1580 2145 1635 Carthaginis.

1379 1655 1478 1695 Haec
1497 1652 1626 1693 multa
1645 1652 1688 1692 in
1710 1664 1841 1706 pauca
1862 1651 2108 1692 contrahens
2128 1666 2217 1693 rem
2236 1652 2376 1694 ordiar
2389 1686 2400 1703 ‚

1380 1723 1565 1778 primum
1586 1734 1684 1761 vero
1702 1733 1856 1775 ponam
1875 1733 1967 1774 quae
1985 1720 2029 1760 in
2051 1721 2217 1776 Europa
2238 1729 2335 1762 sunt
2356 1721 2458 1763 loca.

1869 1830 2133 1914 EUROPA.

1383 2020 1510 2061 Maris
1532 2020 1727 2061 Atlantici
1750 2021 1903 2061 ostium

1385 2088 1614 2130 stadiorum
1633 2104 1721 2129 esse
1743 2088 1888 2129 dicunt
1906 2096 2073 2128 centum
2092 2088 2259 2142 viginti3

1384 2157 1498 2210 regio
1516 2165 1654 2197 autem
1672 2158 1869 2211 utrinque
1889 2157 1952 2196 ori
1974 2170 2184 2211 proxima,

1385 2225 1484 2266 hinc
1501 2226 1663 2281 Libyae,
1686 2226 1796 2266 illinc
1814 2228 1992 2279 Europae
2011 2233 2071 2266 est
2088 2225 2338 2266 extremitas.

1383 2293 1531 2333 Insulae
1553 2302 1690 2334 autem
1712 2293 1763 2333 ab
1782 2301 1955 2347 utraque
1969 2300 2085 2347 parte
2106 2293 2155 2333 iis
2177 2292 2318 2333 adsitae

1386 2360 1539 2401 distant
1555 2361 1662 2400 inter
1684 2375 1726 2400 se
1747 2362 1913 2413 triginta
1931 2360 2094 2400 circiter

1392 2493 1514 2533 fuisse
1530 2493 1732 2534 videatur.
1754 2513 1770 2527 n
1792 2495 2008 2543 ΜΕῙΝΕΚΕ,
2027 2507 2070 2547 p.
2090 2493 2157 2533 56.
2181 2494 2196 2547 Η
2216 2518 2273 2524 ——
2295 2495 2387 2535 130.
2404 2494 2455 2542 ὡς
2474 2496 2518 2535 ἂν
2537 2496 2623 2536 Oea·

1390 2553 1457 2606 τὴς
1476 2555 1589 2606 cod.;
1614 2570 1695 2595 em.
1718 2554 2024 2610 Bernhardyus,
2056 2555 2084 2596 l.
2105 2554 2134 2595 l.
2159 2568 2202 2609 p.
2222 2557 2263 2596 8.
2286 2556 2302 2609 l}
2317 2579 2375 2586 —
2395 2557 2488 2597 131.
2506 2557 2530 2608 ἢ
2547 2561 2623 2598 τῶν

1391 2617 1489 2658 κατὰ
1514 2618 1691 2658 Σικελίαν
1716 2617 1872 2668 codex3
1905 2632 1987 2658 em.
2022 2617 2237 2668 Meineke;
2272 2618 2407 2658 Sicilia
2438 2619 2482 2659 in
2510 2634 2623 2674 seqq.

1391 2679 1561 2720 demum
1590 2695 1673 2720 una
1695 2693 1790 2720 cum
1810 2680 1977 2734 reliquis
2003 2680 2240 2734 regionibus
2263 2680 2446 2721 occiduis
2470 2696 2628 2722 memo-

1391 2750 1520 2782 ratur.
1548 2743 1563 2796 [l
1589 2766 1646 2773 —
1669 2743 1761 2783 132.
1784 2743 1850 2782 τόν
1870 2757 1911 2783 τε
1929 2741 2024 2783 cod.
2055 2743 2071 2796 ll
2091 2766 2147 2787 ,-
2162 2743 2255 2791 134.
2275 2742 2342 2790 τὰς
2356 2742 2397 2783 δὲ
2415 2744 2509 2785 cod.
2537 2746 2552 2798 Η
2573 2770 2630 2776 —-

1396 2804 1489 2844 135.
1506 2804 1615 2859 ὄρους
1629 2803 1724 2844 cod.
1742 2805 1758 2858 Η
1771 2828 1829 2834 -
1847 2807 1939 2853 140.
1958 2804 2170 2855 StraboIL
2183 2818 2225 2859 p.
2246 2818 2339 2855 122,
2356 2805 2464 2846 Mela
2476 2808 2512 2856 Ι,
2534 2820 2571 2857 1,
2587 2811 2627 2858 4,

1392 2867 1620 2907 Turranius
1643 2866 1816 2907 Gracilis
1850 2880 1916 2922 ap.
1951 2866 2060 2907 Ptin.
2083 2868 2162 2917 VI,
2197 2867 2248 2908 38
2275 2876 2316 2908 et
2333 2868 2631 2921 Agathemerus

1393 2931 1449 2977 H,
1479 2932 1544 2980 14,
1578 2929 1872 2980 longitudinem
1899 2928 1994 2970 freti
2026 2941 2105 2971 120
2128 2928 2356 2970 stadiorum
2386 2945 2471 2971 esse
2493 2932 2628 2982 aiunt,

1394 3005 1526 3046 eoque
1540 3006 1665 3032 sensu
1681 2992 1804 3032 etiam
1824 2992 1992 3047 Scymni
2011 2990 2137 3032 verba
2150 2991 2414 3045 intelligenda
2431 3006 2517 3033 esse
2538 3009 2632 3034 cen-

1395 3062 1457 3094 set
1476 3055 1719 3095 Mannertus
1740 3056 1795 3105 X,
1818 3067 1858 3105 2,
1884 3068 1928 3109 p.
1962 3057 2064 3105 460,
2101 3068 2231 3108 quum
2250 3054 2433 3108 plerique
2454 3054 2506 3094 de
2536 3055 2631 3095 lati-

1396 3116 1539 3163 tudine
1560 3118 1776 3173 accipiant,
1794 3131 1923 3172 eaque
1942 3117 2105 3157 numeri
2122 3117 2403 3171 interpretatio
2429 3130 2512 3170 quo
2540 3117 2631 3158 loco

1396 3178 1449 3220 de
1460 3181 1566 3221 ostio
1578 3181 1715 3235 aliquo
1730 3194 1867 3221 sermo
1881 3188 1942 3220 est
1956 3187 2101 3234 sponte
2116 3193 2202 3219 sese
2217 3177 2377 3228 offerat,
2395 3179 2480 3233 ipse
2495 3186 2631 3219 autem

1397 3256 1596 3283 numerus
1623 3243 1666 3282 in
1688 3250 1801 3283 tanta
1822 3241 2118 3282 sententiarum
2147 3238 2421 3294 discrepantia
2444 3241 2461 3293 (
2480 3254 2520 3281 v.
2540 3249 2630 3281 not.

1397 3303 1450 3345 ad
1464 3304 1617 3360 Scylac.
1638 3307 1659 3356 S
1680 3318 1696 3344 1
1717 3306 1733 3358 )
1751 3303 1853 3343 nihil
1868 3302 2051 3343 dirimat.
2073 3302 2089 3355 ΙΙ
2105 3325 2161 3332 —-
2179 3303 2273 3350 144.
2292 3301 2341 3340 δι’
2359 3299 2516 3355 ’έχουσοθ
2532 3300 2631 3343 πᾶλ-

1398 3367 1532 3419 λήλων
1558 3367 1651 3421 (sic)
1691 3365 1784 3407 cod.
1821 3368 1884 3407 De
1911 3379 1956 3406 re
1980 3378 2074 3405 cum
2098 3364 2250 3404 Nostro
2283 3362 2379 3404 facit
2403 3365 2634 3405 Euctemon

1400 3444 1467 3485 ap.
1490 3430 1635 3471 Avien.
1654 3430 1728 3470 Or.
1754 3442 1859 3469 mar.
1879 3427 1958 3476 343
1986 3440 1996 3467 ε
2017 3430 2120 3468 Sunt
2127 3425 2259 3482 paria
2273 3440 2400 3482 porro
2422 3440 2530 3467 saxa
2537 3441 2637 3483 pro-

1402 3491 1601 3532 minentia
1616 3490 1754 3545 Abyla
1764 3499 1887 3546 atque
1904 3489 2076 3545 Calpe...
2093 3488 2358 3530 Atheniensis
2371 3487 2478 3529 dicit
2491 3492 2531 3530 E
2533 3498 2637 3529 ncte-

1404 3568 1495 3594 mon
1517 3553 1612 3594 item
1633 3556 1727 3595 Non
1742 3567 1826 3594 esse
1844 3566 1967 3601 saxa,
1992 3560 2069 3592 ant
2086 3550 2258 3592 vertices
2276 3550 2492 3604 adsurgere
2514 3554 2638 3591 Parte

1405 3631 1456 3657 ex
1483 3625 1676 3671 utraque3
1698 3615 1890 3671 cespitem
1913 3613 2059 3669 Libyci
2071 3613 2152 3655 soli
2172 3616 2351 3670 Europae
2366 3622 2406 3654 et
2427 3628 2540 3654 oram
2560 3628 2638 3653 me-

1407 3688 1540 3719 morat
1561 3678 1717 3719 insulas
1732 3677 1837 3718 dctus
1856 3678 2128 3732 Interjacere;
2142 3675 2375 3733 nuncupari
2390 3675 2464 3716 has
2483 3678 2637 3715 Heren-

1409 3742 1462 3782 lis
1476 3740 1555 3782 Ait
1569 3740 1777 3781 columnas
1787 3757 1803 3789 ‚·
1820 3738 1964 3780 stadia
1981 3738 2158 3791 triginta
2174 3737 2297 3792 refert
2314 3740 2407 3779 Has
2423 3736 2638 3782 distinere,-

1409 3806 1564 3846 horrere
1584 3803 1708 3844 silvis
1724 3802 1915 3858 undique,
1937 3800 2256 3858 Inhospitasqne
2271 3814 2427 3855 semper
2442 3812 2524 3839 esse
2541 3811 2639 3837 nazo-

1412 3867 1524 3909 ticis.
1561 3869 1699 3907 Inesse
1733 3866 1884 3922 quippe
1915 3864 2021 3906 dicit
2042 3863 2138 3906 ollis
2166 3862 2357 3904 Herculis
2378 3863 2438 3901 Et
2473 3859 2638 3914 templa,

1411 3940 1449 3971 ct
1464 3943 1575 3978 aras,
1594 3937 1672 3970 etc.
1691 3929 1838 3970 Subest
1856 3928 1919 3969 his
1930 3927 2130 3969 memoria
2145 3923 2369 3966 insularum
2384 3921 2435 3963 ad
2452 3922 2639 3962 Cuneum

1410 3993 1741 4048 promontorium
1759 3992 1945 4042 sitarum,
1963 3989 2283 4042 earundemque,
2302 3994 2419 4042 puto,
2436 3985 2478 4025 in
2496 3985 2645 4039 quibus
