2782 4348
118 240 204 282 184

0 344 193 389 mot-m.
224 368 227 373 ·
263 336 572 400 Πληρῶσαντις
591 334 636 382 δὲ
646 333 720 386 τὰς
736 332 895 385 κοιλίας
909 334 993 379 τῶν
1007 334 1144 395 ὑγρῶν
1159 332 1349 397 καθάπερ

110 405 282 468 ἀγγεῖα,
302 405 406 467 πρὸς
425 405 632 452 θάλατταν
651 404 769 463 μόλις
786 404 1094 464 ἀποχωροῦσιν.

174 489 232 523 u.
270 468 378 522 Εἶτα
418 472 727 525 ἰπανελθόντις,
766 469 926 522 ἐκείνην
962 467 1038 530 μὲν
1071 468 1150 539 τὴν
1188 469 1349 535 ἡμέραν

112 541 285 595 ἕκαστος
314 541 406 589 οὔτε
437 541 575 604 ἰχθύος
603 538 697 585 οὗτε
721 538 848 584 ἄλλου
869 538 976 590 τινὸς
1003 538 1183 600 γεύεται·
1216 546 1351 587 κεῖται

65 624 87 656 ⁸
112 611 157 659 δὲ
188 610 429 673 ὕπεργέμων
460 609 532 655 καὶ
565 607 767 659 δύσπνους
780 641 793 662 ,
816 605 926 653 ὥστε
951 598 1056 654 εἶναι
1078 607 1229 672 τρόπον
1256 608 1350 656 τινὰ

109 683 170 745 τῷ
193 681 381 742 μεθύοντι
398 676 692 742 παραπλήσιον
716 676 764 720 τὸ
790 674 932 738 βάρος·
965 675 1049 723 ἀπὸ
1083 676 1128 724 δὲ
1149 681 1223 734 τῆς
1245 679 1351 741 έχο-

111 749 237 810 μένης
259 749 326 794 ἐπὶ
356 746 430 803 τὴν
464 745 686 810 εἰρημένην
709 744 871 791 δίαιταν
894 745 1109 809 δπανάγει·
1129 746 1202 794 καὶ
1229 752 1351 794 τοῦτο

110 817 250 879 κύκλῳ
273 815 340 862 διὰ
372 814 462 877 βίου
492 814 651 875 γίνεται
682 814 784 878 πρὸς
817 813 1017 877 ἀσχολίαν
1039 815 1112 875 καὶ
1142 815 1347 878 μέριμναν

109 886 267 938 οὐδενὸς
289 884 611 932 ἀποὸλεπόντων
634 887 769 930 αὐτῶν
793 882 1053 947 πράγματος.
1121 884 1210 932 Καὶ
1227 884 1351 942 νοσή·

50 976 90 1006 ιο
112 975 216 1017 μασι
241 954 316 1015 μὲν
338 954 406 1001 διὰ
423 953 498 1011 τὴν
517 954 734 1011 ἁπλότητα
758 957 832 1011 τῆς
852 952 1010 1011 διαίτης
1025 955 1213 1007 σπανίοις
1230 973 1351 1019 περι-

109 1025 326 1082 πίπτουσι,
348 1023 532 1090 τοσούτῳ
548 1026 583 1070 δ’
609 1027 852 1088 ἀφαιροῦσιν
885 1023 969 1070 ἀπὸ
994 1029 1069 1071 τοῦ
1090 1025 1238 1088 χρόνου
1270 1028 1352 1071 τῶν

111 1097 228 1151 ἐτῶν,
244 1094 409 1159 ὅσῳπερ
426 1093 691 1158 ἀπονωτέραν
713 1096 795 1140 τῶν
813 1096 970 1140 λοιπῶν
993 1092 1135 1157 ἔχουσι
1157 1091 1233 1151 τὴν
1254 1095 1354 1141 ἀνα-

109 1163 306 1228 στροφήν.

171 1250 226 1281 ιο.
262 1233 370 1281 Ἀλλ’
410 1235 447 1281 οἱ
486 1234 562 1295 μὲν
599 1233 711 1287 ἐντὸς
754 1236 834 1280 τῶν
872 1237 1024 1281 στενῶν
1063 1232 1135 1289 τὰς
1173 1235 1353 1293 οἰκήσεις

51 1322 88 1352 ιε
112 1305 272 1366 ἔχοντες
314 1305 558 1368 ἰχθυοφάγοι
600 1303 707 1350 οὕτω
751 1303 1065 1365 καταγίνονται·
1111 1306 1150 1351 οἱ
1184 1305 1229 1351 δὲ
1276 1304 1351 1361 τὴν

111 1373 226 1426 ἐκτὸς
242 1373 452 1438 παραλίαν
465 1374 731 1434 κεκτημένοι,
746 1373 875 1436 ἄγρας
885 1372 961 1434 μὲν
970 1374 1194 1436 ἐνδελεχῶς
1206 1374 1348 1421 τοιαύ-

110 1461 184 1499 της
201 1444 466 1507 εὐπορῶσιν,
489 1446 614 1507 ὑγροῦ
642 1443 675 1489 δ’
715 1443 860 1496 ἅπλῶς
891 1445 938 1490 οὗ
970 1443 1146 1492 δέονται.
1217 1446 1259 1492 Π
1288 1462 1352 1491 οσ-

111 1512 375 1574 ενεγκάμενοι
406 1511 450 1559 δὲ
471 1513 541 1560 τὸν
574 1511 689 1575 ἰχθὺν
723 1512 922 1575 ἔγχυλον,
955 1512 1060 1559 ὥστε
1079 1512 1230 1576 μικρὰν
1251 1463 1355 1559 εἳναι

110 1584 193 1628 τῶν
223 1583 351 1643 ὠμῶν
378 1579 453 1638 τὴν
477 1580 777 1643 παραλλαγὴν,
808 1583 901 1644 οὐχ’
936 1574 1019 1628 οἶον
1057 1582 1180 1628 ποτὸν
1211 1585 1352 1640 ἐπιζη-

47 1669 90 1701 2⁰
111 1655 275 1707 τοῦσιν,
300 1652 393 1698 ἀλλ’
416 1649 508 1697 οὐδὲ
538 1649 695 1697 ἔννοιαν
718 1649 860 1711 ἔχουσι
889 1654 960 1696 τοῦ
991 1650 1156 1712 γένους,
1187 1650 1353 1715 φέρουσι

110 1719 154 1766 δὲ
196 1721 362 1774 ἀλύπως
399 1719 506 1783 ἅπερ
547 1720 681 1771 αὐτοῖς
721 1721 793 1766 ἀπ’
832 1721 965 1783 ἀρχῆς
999 1724 1027 1777 ἡ
1062 1720 1170 1783 τύχη
1200 1739 1351 1784 παρα-

109 1789 300 1837 δέδωκεν.

171 1876 229 1907 41.
265 1857 369 1908 Ὅτι
380 1858 472 1913 τοὺς
485 1862 527 1907 ἐν
540 1866 625 1913 τοῖς
640 1858 869 1923 εἰρημένοις
883 1859 1022 1912 τόποις
1031 1860 1240 1913 οἰκοῦντάς
1250 1879 1350 1922 φησι

0 1997 99 2039 aiod.
115 1992 234 2055 φύσις
258 1993 394 2039 αὐτῶν
423 1992 698 2056 ἀδιάστροφος
722 1985 825 2039 οῧσα
848 1992 922 2049 τὴν
960 1993 1255 2056 ἀναπλήρωσιν
1277 1997 1350 2050 τῆς

47 2077 90 2109 2³
111 2061 266 2115 ἐνδείας
310 2064 475 2124 ἡγεῖται
511 2061 703 2122 μέγιστον
728 2062 896 2123 ἀγαθὸν,
924 2061 1039 2109 οὐδὲν
1071 2061 1350 2109 &vinacei-

110 2150 219 2178 κτων
256 2131 388 2188 ἡδέων
409 2132 678 2188 ἐπιζητοῦσα.
711 2128 850 2178 Ὅταν
872 2132 916 2177 δὲ
945 2138 1035 2185 ταῖς
1057 2135 1138 2178 τῶν
1157 2133 1346 2191 νομάδων

109 2201 349 2264 ποτίστραις
377 2201 571 2262 ἐγγίσωσι
607 2199 678 2247 καὶ
721 2205 793 2246 τοῦ
823 2205 952 2248 ποτοῦ
979 2202 1233 2264 πληρωθῶσι
1277 2201 1350 2254 τὰς

108 2269 294 2329 κοιλίας,
319 2269 632 2333 ἐπανέρχονται,
653 2268 773 2331 μόγις
797 2269 1028 2332 βαδίζοντες
1046 2269 1114 2316 διὰ
1136 2270 1183 2316 τὸ
1206 2270 1345 2334 βάρος.

172 2356 232 2387 39.
262 2339 469 2396 Κάκείνην
488 2338 563 2399 μὲν
586 2338 661 2394 τὴν
685 2339 846 2402 ἡμέραν
861 2340 1022 2392 οὐδενὸς
1039 2339 1250 2401 γεύονται,
1267 2340 1349 2385 κεῖ-

47 2429 89 2459 ao
109 2428 178 2456 ται
198 2410 231 2455 δ’
255 2407 425 2462 ἕκαστος
445 2408 690 2472 ὑπεργέμων
709 2408 782 2455 καὶ
806 2409 1000 2462 δύςπνους
1019 2409 1091 2455 καὶ
1108 2409 1155 2456 τὸ
1179 2409 1347 2456 σύνολον

110 2477 379 2543 παρεμφερὴς
401 2482 462 2543 τῷ
481 2478 690 2540 μεθύοντι·
720 2483 772 2541 τῇ
800 2480 834 2525 δ’
854 2479 943 2535 ἑξῆς
966 2479 1034 2526 ἐπὶ
1063 2479 1138 2535 τὴν
1165 2480 1247 2527 ἀπὸ
1266 2483 1347 2527 τῶν

110 2550 261 2611 ἰχθύων
303 2549 430 2595 πάλιν
455 2548 610 2611 τροφὴν
631 2548 967 2610 ἀνακάμπτουσι·
1003 2550 1074 2596 καὶ
1098 2554 1240 2596 τοῦτον
1279 2550 1348 2596 τὸν

109 2617 259 2680 τρόπον
280 2621 307 2674 ἡ
343 2618 481 2664 δίαιτα
503 2618 716 2664 κυκλεῖται
749 2617 847 2681 παρ’
867 2620 1005 2669 αὐτοῖς
1031 2619 1168 2665 πάντα
1187 2618 1256 2665 τὸν
1276 2623 1347 2665 τοῦ

111 2690 183 2743 ζῆν
210 2687 374 2749 χρόνον.
408 2689 464 2735 Οἱ
501 2687 576 2748 μὲν
597 2680 666 2733 οῦν
688 2686 764 2744 τὴν
798 2688 1003 2750 παράλιον
1031 2688 1107 2744 τὴν
1131 2687 1241 2741 ἐντὸς
1267 2692 1347 2734 τῶν

37 2771 78 2802 ³5
118 2759 269 2802 στενῶν
300 2760 581 2809 κατοικοῦντες
603 2756 710 2803 οὕτω
739 2761 901 2819 βιοῦσι,
924 2758 1055 2810 νόσοις
1085 2756 1159 2818 μὲν
1176 2756 1243 2803 διὰ
1272 2757 1347 2814 τὴν

112 2825 329 2882 ἁπλότητα
362 2829 435 2881 τῆς
461 2830 612 2889 τροφῆς
636 2827 819 2879 σπανίως
847 2828 1185 2889 περιπίπτοντες,
1209 2830 1348 2891 ὀλιγο-

110 2894 372 2959 χρονιώτεροι
391 2894 434 2941 δὲ
454 2895 557 2941 πολὺ
577 2898 658 2941 τῶν
685 2897 785 2958 παρ’
808 2899 907 2957 ἡμῖν
932 2897 1060 2950 ὄντες.

172 2981 232 3013 40.
257 2967 356 3017 Τοῖς
378 2965 421 3011 δὲ
440 2964 515 3020 τὴν
539 2965 652 3018 ἐκτὸς
674 2970 745 3012 τοῦ
770 2968 926 3013 κόλπου
945 2969 1147 3030 παράλιον
1171 2967 1348 3029 νεμομέ-

111 3051 192 3089 νοις
208 3035 351 3100 πολλῷ
373 3034 529 3081 τούτων
559 3036 883 3098 παραδοξότερον
906 3028 1012 3082 εἶναι
1039 3036 1108 3083 τὸν
1132 3037 1218 3099 βίον
1239 3056 1346 3098 συμ-

48 3119 92 3151 40
112 3104 304 3164 ὅέὸηκεν,
333 3107 388 3157 ὡς
411 3103 460 3151 ἂν
490 3104 634 3168 ἄδιψον
656 3105 835 3167 ἐχόντων
860 3105 930 3152 καὶ
950 3109 1091 3163 ἀπαθῆ
1115 3107 1188 3161 τὴν
1206 3107 1342 3170 φύσιν.

113 3172 213 3221 Ἀπὸ
233 3172 315 3237 γὰρ
337 3175 423 3220 τῶν
456 3173 708 3234 οἰκουμένων
727 3174 864 3221 τόπων
901 3176 957 3228 εἰς
994 3175 1068 3232 τὴν
1093 3175 1246 3239 ἔρημον
1266 3175 1346 3221 ὑπὸ

109 3247 182 3301 τῆς
212 3243 342 3307 τύχης
374 3243 707 3305 ἐκτετοπισμένοι
734 3248 808 3301 τῆς
846 3243 921 3305 μὲν
959 3245 1042 3292 ἀπὸ
1077 3248 1159 3292 τῶν
1194 3245 1345 3310 ἰχθύων

111 3313 238 3376 ἄγρας
267 3315 523 3376 εὐποροῦσιν,
562 3313 689 3377 ὑγρὰν
719 3313 762 3360 δὲ
794 3314 947 3379 τροφὴν
978 3316 1053 3362 οὐκ
1090 3317 1342 3372 ἱπιζητοῦσι.

112 3383 442 3445 Προςτρερόμενοι
467 3382 548 3447 γὰρ
574 3383 643 3430 τὸν
666 3382 783 3447 ἰχθὺν
811 3383 1005 3447 ἔγχυλον,
1027 3384 1179 3448 μικρὰν
1194 3383 1345 3448 ἔχοντα

47 3466 89 3498 ⁴⁸
111 3453 193 3498 τῶν
226 3453 350 3511 ὠμῶν
381 3452 456 3508 τὴν
487 3453 780 3516 παραλλαγὴν,
822 3455 901 3517 οὐχ
933 3446 1016 3500 οἶον
1040 3453 1169 3517 ὑγρὰν
1190 3452 1344 3517 τροφὴν

108 3521 348 3576 ἂπιζητοῦσι
364 3556 376 3577 ,
396 3523 488 3567 ἀλλ’
512 3524 596 3568 οὐδ’
616 3522 772 3568 ἔννοιαν
787 3523 928 3586 ἔχουσι
951 3527 1093 3571 ποτοῦ.
1117 3522 1344 3587 Στέργουσι

109 3588 153 3637 δί
171 3589 246 3646 τὴν
263 3589 303 3643 ἐξ
327 3591 457 3652 ἀρχῆς
478 3591 637 3637 δίαιταν
654 3593 734 3638 ὑπὸ
754 3597 826 3650 τῆς
842 3593 970 3655 τύχης
982 3595 1121 3646 αὑτοῖς
1134 3594 1343 3656 προσκλη-

58 3702 65 3708 ,
110 3661 327 3722 ρωθεῖσαν,
369 3660 631 3719 εὐδαιμονίαν
650 3661 872 3722 ἡγούμενοι
895 3662 970 3719 τὴν
1004 3663 1051 3708 ἐκ
1083 3666 1155 3719 τῆς
1188 3661 1343 3716 ἐνδείας

109 3728 232 3775 «brot»
247 3731 318 3774 τοῦ
335 3728 557 3780 λυποῦντος
582 3729 851 3791 ὑπεξαίρεσιν.

45 3808 87 3839 ⁶⁰
169 3813 229 3845 ss.
246 3797 308 3845 Τὸ
327 3795 371 3844 δὶ
392 3797 558 3843 πάντων
579 3798 927 3860 παραδοξότατον,
954 3800 1132 3863 ἀπαθείᾳ
1150 3805 1340 3848 τοσοῦτον

166 3958 190 4009 S
223 3958 292 4006 39,
328 3954 355 3997 Ι.
394 3958 436 4005 4.
476 3953 611 4004 τινὸς
638 3955 871 4013 γεύεται]
911 3960 1017 4005 τινὸς
1058 3972 1142 3999 orn.
1188 3960 1350 4014 (3.11-

110 4021 151 4058 6.
176 4021 241 4069 τῷ
273 4017 514 4073 μεθύοντι
550 4016 944 4073 παραπλήσιον]
986 4019 1253 4074 παραπλήσιον
1293 4023 1350 4077 τῷ

111 4081 288 4135 μεθύοντι
322 4082 368 4122 C.
398 4082 413 4135 ll
433 4106 490 4113 —
511 4094 577 4124 ια.
599 4082 749 4139 ὅσῳπερ
765 4082 779 4137 J
798 4082 890 4138 ὅπερ
909 4083 957 4124 C.

548 211 594 255 ⁰
1087 232 1170 279 Ex
1202 231 1686 285 aea-rflaacatns

1420 411 1645 456 difficulter
1662 413 1760 458 inde
1779 415 2024 460 abmduut.

1478 481 1548 536 39.
1579 482 1743 525 Deinde
1755 485 1907 527 reveni
1926 485 1995 527 illo
2003 485 2173 542 quidem
2188 486 2257 529 die
2271 502 2405 545 neque
2417 488 2470 530 de
2485 490 2664 546 piscibus

1421 562 1558 604 neque
1585 548 1640 592 dc
1665 564 1711 592 re
1730 550 1808 594 alia
1829 553 2048 609 quisquam
2080 562 2230 608 gustat,
2255 554 2326 597 sed
2359 547 2505 612 plenus
2539 573 2662 615 supra

1423 616 1597 660 modum
1618 626 1661 660 et
1676 617 1899 662 difficulter
1925 620 2122 663 anhelans
2141 622 2316 679 quisque
2338 624 2521 675 recubat,
2545 627 2663 669 ebrio

1421 685 1740 742 quadamtenus,
1763 687 1985 743 gravedine
2003 690 2175 741 scilicet,
2190 692 2401 744 assimilis;
2423 694 2663 751 insequente

1422 763 1562 798 autem
1580 755 1649 799 die
1667 757 1720 799 ad
1734 766 1974 801 consuetam
1996 761 2130 802 victus
2146 762 2350 804 rationem
2371 763 2546 807 reditur.
2572 767 2663 808 Hoc

1425 822 1536 866 vetut
1552 823 1667 866 orbis
1687 825 1971 868 circumrotati
1990 827 2164 878 vicibus.
2187 843 2263 885 pet·
2284 838 2412 873 totam
2430 833 2584 886 agitant
2604 835 2662 876 vi-'

1425 901 1525 944 tam,
1547 895 1713 936 nemine
1730 909 1781 936 ex
1800 896 1898 951 ipsis
1922 894 1975 937 ad
2003 898 2317 953 occupationem
2340 909 2410 943 aut
2427 916 2569 944 curam
2589 917 2662 945 ne·

1425 961 1525 1015 gotii
1550 960 1722 1017 alicujus
1740 962 1999 1018 respiciente.
2058 965 2108 1006 In
2136 965 2306 1009 morbos
2324 978 2495 1026 propter
2526 972 2662 1014 victus

1425 1029 1728 1087 simplicitatem
1742 1045 1857 1074 raros
1871 1031 2083 1085 incidunt;
2094 1041 2256 1077 tantum
2267 1045 2404 1080 autem
2418 1038 2472 1082 de
2486 1055 2661 1084 numero

1425 1113 1632 1142 annorum
1650 1098 1842 1142 auserunt
1854 1131 1865 1152 ,
1886 1109 2043 1156 quanto
2064 1103 2193 1157 magis
2210 1117 2334 1160 quam
2364 1109 2489 1150 ceteri
2508 1109 2662 1167 absque

1424 1167 1636 1210 laboribus
1656 1176 1817 1210 aetatem
1838 1177 1981 1224 agunt.

1482 1240 1551 1286 4ο.
1584 1236 1651 1280 Ad
1669 1237 1783 1279 hunc
1811 1238 1949 1293 itaque
1970 1236 2142 1280 modum
2165 1240 2237 1295 qui
2256 1240 2363 1283 intra
2389 1241 2523 1286 fauces
2550 1246 2665 1290 sinus

1426 1305 1593 1348 Arabici
1629 1304 1747 1348 sedes
1786 1305 1942 1348 habent
1978 1306 2277 1364 Ichthyophagi
2314 1310 2438 1352 vitam
2485 1310 2656 1367 degunt.

1425 1376 1482 1417 At
1503 1374 1575 1430 qui
1597 1375 1845 1416 exteriorem
1864 1374 1942 1416 sibi
1962 1389 2078 1417 oram
2095 1374 2321 1429 vindicant,
2346 1379 2503 1434 piscatu
2523 1380 2664 1437 hujus·

1425 1442 1541 1484 modi
1565 1441 1779 1485 abundant
1798 1451 2016 1499 perpetuo,
2035 1444 2212 1487 humore
2231 1454 2368 1488 autem
2387 1461 2557 1502 prorsus
2578 1464 2662 1493 non

1425 1511 1580 1553 habent
1616 1525 1737 1568 opus.
1811 1514 1954 1565 Quum
1997 1513 2110 1554 enim
2147 1514 2302 1569 piscem
2335 1514 2472 1557 adhuc
2515 1531 2662 1560 succu-

1425 1580 1583 1622 lentum
1609 1588 1650 1621 et
1665 1594 1813 1636 parum
1833 1594 1857 1621 a
1874 1579 2006 1622 crudo
2032 1580 2293 1624 disserentem
2316 1583 2550 1635 comedant,
2577 1602 2661 1629 non

1424 1647 1553 1690 modo
1577 1656 1723 1704 potum
1753 1662 1838 1690 non
1861 1649 2094 1703 requirunt,
2118 1649 2190 1691 sed
2211 1665 2262 1691 ne
2281 1653 2468 1694 notitiam
2491 1654 2661 1709 quidem

1424 1717 1512 1773 ejus
1530 1718 1590 1759 rei
1604 1716 1772 1767 habent,
1800 1717 2030 1773 animisque
2044 1719 2273 1774 tranquillis
2297 1719 2434 1763 serunt
2455 1735 2663 1777 qua-cum·

1423 1800 1505 1841 que
1523 1785 1576 1827 ab
1595 1786 1716 1827 initio
1737 1784 1904 1827 senuna
1925 1786 1984 1827 eis
2005 1786 2208 1828 attribuit.

1479 1866 1529 1912 [μ
1539 1894 1549 1903 .
1567 1864 1769 1905 Praeterea
1782 1862 1995 1919 AEthiopoe
2010 1863 2053 1905 in
2068 1863 2168 1905 locis
2182 1865 2309 1907 modo
2325 1869 2560 1911 memoratis
2576 1883 2664 1912 ver·

1422 2001 1514 2044 loco
1535 2002 1635 2044 boni
1654 2002 1793 2054 habet,
1811 2003 1975 2059 explere
1998 2018 2090 2060 quae
2114 2003 2279 2056 desunt,
2303 2006 2488 2063 nihilque
2509 2008 2659 2052 adven-

1425 2089 1525 2130 titiae
1558 2088 1778 2146 voluptatis
1808 2090 1970 2146 qua-rit.
1999 2093 2143 2145 Quum
2178 2092 2230 2134 ad
2259 2102 2470 2150 pastorum
2496 2098 2662 2152 aquaria

1422 2186 1668 2232 perventum
1679 2185 1756 2228 est,
1778 2186 1941 2219 ventres
1958 2186 2063 2234 potu
2076 2179 2238 2235 replent
2252 2179 2357 2222 adeo
2366 2211 2379 2232 ,
2393 2189 2439 2223 ut
2453 2191 2662 2225 reverten-

1422 2272 1484 2305 tes
1499 2278 1584 2321 prae
1599 2265 1836 2320 gravamine
1858 2265 1926 2306 vix
1945 2264 2156 2308 incedant.

1480 2351 1549 2406 39.
1581 2352 1634 2392 Et
1651 2350 1720 2392 illo
1740 2349 1911 2406 quidem
1929 2349 1997 2392 die
2015 2350 2119 2392 nihil
2139 2359 2330 2406 gustant3
2350 2351 2421 2395 sed
2444 2354 2665 2410 unusquis·

1421 2435 1503 2476 que
1535 2419 1691 2477 oppido
1720 2434 1846 2476 quam
1885 2419 2090 2462 distentus
2137 2429 2179 2463 et
2209 2420 2432 2464 difficulter
2468 2422 2664 2467 anhelans

1420 2490 1620 2546 ebrioque
1644 2504 1720 2546 per
1751 2491 1892 2532 omnia
1916 2490 2060 2532 similis
2073 2489 2198 2547 jacet.
2223 2491 2427 2534 Postridie
2448 2490 2589 2536 denuo
2609 2493 2663 2537 ad

1420 2559 1642 2614 piscarium
1674 2572 1718 2599 se
1739 2558 1880 2600 cibum
1913 2557 2114 2601 referunt.
2142 2561 2197 2601 Et
2217 2559 2289 2601 has
2314 2559 2527 2603 victitandi
2554 2562 2663 2604 vices

1419 2641 1495 2683 per
1517 2640 1643 2669 omne
1678 2627 1772 2668 vitae
1805 2635 1984 2683 tempus,
2013 2626 2126 2668 velut
2157 2627 2199 2668 in
2234 2626 2379 2668 orbem
2414 2626 2634 2671 redeuntes
2647 2660 2659 2681 ,

1420 2696 1679 2737 continuant.
1705 2697 1842 2750 Atque
1855 2694 1900 2736 hi
1923 2695 2047 2736 maris
2063 2685 2211 2736 accola:
2230 2695 2338 2736 intra
2362 2695 2477 2736 sinus
2494 2695 2660 2738 Arabici

1419 2763 1626 2818 angustias
1649 2765 1831 2805 viventes
1845 2770 2018 2818 propter
2029 2762 2233 2803 alimoniae
2247 2761 2550 2818 simplicitatem
2566 2778 2664 2806 raro

1419 2830 1589 2887 quidem
1608 2832 1650 2873 in
1667 2830 1836 2873 morbos
1863 2829 2069 2881 incidunt,
2093 2829 2164 2871 sed
2185 2829 2304 2884 longe
2326 2829 2527 2872 brevioris
2546 2841 2661 2884 sunt,

1418 2914 1544 2955 quam
1558 2908 1774 2950 nostrates,
1793 2899 1902 2941 vitae.

1477 2971 1563 3023 40(
1586 2973 1686 3027 Cup.
1716 2971 1763 3011 18
1781 2971 1814 3023 ).
1832 2969 1887 3010 lis
1899 2975 2019 3017 vero,
2045 2968 2115 3023 qui
2134 2976 2249 3009 extra
2282 2969 2419 3011 sinum
2435 2983 2550 3013 oram
2574 2984 2661 3015 mn·

1418 3040 1599 3081 ritimam
1617 3038 1819 3090 incolunt,
1837 3038 1957 3093 longe
1980 3037 2221 3080 insolentior
2242 3053 2365 3094 qnam
2389 3040 2464 3082 illis
2485 3042 2577 3083 vitae
2595 3056 2663 3085 ra·

1419 3112 1478 3152 tio
1498 3118 1559 3152 αι
1585 3124 1594 3151 :
1622 3110 1776 3166 quippe
1792 3123 1971 3165 quorum
1995 3116 2140 3150 natura
2163 3123 2238 3149 nec
2254 3109 2377 3149 situm
2399 3110 2567 3165 patitur,
2586 3125 2662 3152 nec

1419 3179 1511 3220 ullis
1532 3178 1823 3220 affectionibus
1835 3178 2014 3219 obnoxia
2033 3185 2109 3219 est.
2135 3178 2238 3219 Nam
2262 3192 2284 3218 a
2301 3177 2399 3218 locis
2417 3177 2660 3221 habitationi

1418 3248 1524 3303 aptis
1537 3248 1577 3288 in
1593 3246 1753 3288 deserta
1767 3245 1874 3287 fatali
1891 3244 2068 3302 quadam
2086 3253 2195 3286 sorte
2214 3245 2395 3299 relegati,
2409 3260 2433 3286 e
2445 3247 2661 3288 venatione

1417 3314 1586 3372 quidem
1610 3315 1784 3371 piscium
1818 3313 1984 3356 abunde
2001 3314 2203 3365 victitant,
2228 3314 2299 3355 sed
2326 3313 2379 3355 de
2406 3315 2660 3359 nutrimento
2737 3336 2742 3338 ·

1417 3382 1638 3440 liquidiore
1656 3397 1740 3424 non
1754 3391 1849 3424 sunt
1865 3382 2042 3424 solliciti.
2061 3385 2203 3436 Quum
2216 3383 2327 3424 enim
2350 3383 2504 3438 piscem
2522 3381 2661 3426 adhuc
2689 3430 2694 3441 ο
2724 3415 2725 3418 ,

1416 3452 1701 3495 succulentum
1721 3461 1759 3494 et
1777 3466 1922 3509 parum
1944 3467 1966 3493 a
1984 3451 2116 3493 crudo
2138 3451 2400 3494 differentem
2421 3451 2659 3505 comedant,

1415 3530 1576 3564 tantum
1617 3520 1730 3563 abest
1767 3529 1811 3562 ut
1852 3529 1996 3577 potum
2031 3521 2258 3576 requirant,
2291 3529 2413 3562 utne
2443 3520 2657 3563 minimam

1415 3590 1582 3647 quidem
1602 3590 1690 3646 ejus
1723 3592 1909 3633 notitiam
1946 3591 2139 3633 habeant.
2167 3590 2360 3633 Contenti
2392 3598 2487 3631 sunt
2522 3590 2662 3646 itaque
2727 3627 2739 3656 3

1414 3662 1525 3703 victu
1543 3676 1566 3703 a
1586 3661 1750 3703 fortuna
1771 3661 1848 3706 sibi
1869 3661 2089 3711 attributo,
2114 3660 2194 3702 hoc
2216 3661 2305 3717 ipso
2323 3658 2463 3702 beatos
2486 3674 2530 3702 se
2547 3658 2660 3703 arbi·

1413 3739 1581 3781 trantes,
1606 3729 1717 3786 quod
1747 3730 1917 3772 molesto
1932 3731 2116 3787 penuriae
2150 3743 2271 3771 sensu
2294 3736 2452 3772 carent.

1471 3803 1540 3850 4¹·
1568 3802 1619 3841 Et
1642 3799 1753 3855 quod
1776 3801 1965 3841 omnium
1991 3799 2169 3840 maxime
2190 3796 2507 3840 admirationem
2532 3796 2657 3852 parit,
2703 3835 2707 3858 ;

1468 3960 1580 4010 540,
1614 3957 1640 3999 Ι.
1680 3963 1743 3999 16.
1771 3958 1877 4007 ἐκτὸς
1897 3958 2021 4013 παρ.]
2046 3957 2104 3998 sic
2125 3957 2213 4006 BC;
2242 3954 2348 4003 ἐντὸς
2372 3970 2412 3997 π.
2446 3967 2539 4007 vgo.
2566 3952 2657 4007 ΙΙ-
2724 3961 2731 3970 ’
2778 3950 2782 3979 3

1417 4023 1483 4061 16.
1511 4021 1687 4073 τοιαύτης
1719 4036 1804 4063 οιῃ.
1829 4023 1877 4063 (2.
1899 4024 1916 4073 Η
1934 4044 1990 4052 -
2019 4033 2088 4061 21.
2127 4019 2219 4074 ἅπερ
2249 4017 2392 4073 ἣτύχη
2426 4014 2555 4063 αὐτοῖς
2588 4010 2658 4055 ἀπ’
2719 4010 2732 4030 ·’

1413 4082 1535 4138 ἆὲνῇς
1555 4085 1599 4125 B·

2500 241 2663 302 (mn)
2728 246 2750 265 ’“

1420 342 1495 386 ubi
1522 357 1602 388 ceu
1632 344 1744 389 dolia
1772 355 1937 390 ventres
1954 348 2116 405 liquore
2146 348 2437 407 impleverunt,
2469 349 2522 392 ad
2550 366 2665 396 mare
2731 351 2768 372 ³·
