2808 4342
924 116 1306 169 STADIASMUS
1340 117 1528 163 MARlS
1564 118 1785 164 MAGNI.

92 219 348 282 ἀκρωτήριόν
382 220 498 263 ἐστιν·
513 217 667 279 ὑψηλὸν
700 221 770 262 τοῦ
810 217 1083 280 εἩρακλείου,
1108 219 1202 281 ἔχον
1232 225 1320 264 θῖνα

88 289 231 348 ἅμμου
253 291 414 343 λευκῆς·
435 285 543 347 ὕδωρ
564 285 666 347 ἔχει.

151 375 211 404 67.
225 394 228 396 >
243 355 343 402 Ἀπὸ
359 360 428 400 τοῦ
448 354 659 417 Δρεπάνου
681 357 748 400 ἐπὶ
770 355 816 401 τὸ
841 359 1068 417 Σεραπεῖον
1091 356 1248 403 στάδιοι
1270 357 1320 419 ρ’.

87 426 352 487 παράδρομον
391 423 481 486 ὄψει
509 428 612 470 θῖνα,
633 423 782 479 λευκὴν
818 424 1038 485 μεγίστην,
1073 425 1139 488 ἀφ’
1170 419 1239 482 ἧς,
1266 424 1314 471 ἂν

43 513 62 540 5
85 495 229 557 ὁρύξῃς
243 529 254 549 ,
279 493 376 546 ἕξεις
397 492 505 555 ὕδωρ
523 492 667 554 γλυκύ.

135 578 203 610 ·ἷ’)3.
246 562 346 609 Ἀπὸ
366 567 435 607 τοῦ
468 560 699 623 Σεραπείου
726 561 782 611 εἷς
810 560 1062 622 Διαρροιάδα
1093 561 1248 607 στάδιοι
1270 562 1319 607 ν’.

145 650 203 679 69.
247 631 347 678 Ἀπὸ
369 630 632 693 Διαρροιάδος
653 630 719 675 ἐπὶ
740 628 806 673 τὸν
828 621 951 674 Ἆπιν
975 630 1091 677 στάδ.
1110 628 1170 675 α’·
1197 630 1318 693 ὕφορ-

83 705 157 762 μός
181 704 305 748 ἐστιν.

144 788 201 819 70.
239 769 338 816 Ἀπὸ
369 768 411 814 δὲ
433 772 504 813 τοῦ
529 766 763 830 Σεραπείου
787 766 855 812 ἐπὶ
884 767 952 812 τὸν
978 766 1128 814 Καινὸν
1161 768 1320 814 στάδιοι

26 854 64 884 ιο
86 839 156 903 ρν’·
193 837 381 902 φρούριόν
405 839 513 883 ἐστιν
550 837 713 898 ἔρημον·
740 835 847 898 ὕδωρ
884 835 984 898 ἔχει·
1020 836 1104 882 ἔστι
1138 837 1180 882 δὲ
1226 838 1319 883 ἀλί-

81 926 212 968 μενος.

143 994 202 1024 71.
246 974 345 1021 Ἀπὸ
368 979 437 1020 τοῦ
462 977 621 1020 Καινοῧ
649 974 714 1019 ἐπὶ
736 973 803 1019 τὸν
832 973 1054 1035 Εὔσχοινον
1091 974 1248 1020 στάδιοι
1272 975 1318 1019 0'·

81 1046 136 1107 (ὁ)
174 1043 356 1106 αἰγιαλός
381 1045 465 1088 ἔστι
506 1042 642 1105 βαθύς·
676 1042 815 1104 βουνὸς
850 1042 892 1087 δέ
925 1046 1031 1087 ἐστιν
1059 1044 1099 1087 ἓν
1125 1047 1174 1105 τῇ
1201 1042 1319 1106 χώρᾳ

79 1113 315 1177 περιφερής·
340 1112 448 1175 ὕδωρ
469 1112 571 1173 ἔχει.

26 1199 64 1228 15
143 1201 199 1230 72.
233 1182 332 1229 Ἀπὸ
354 1187 423 1227 τοῦ
449 1181 676 1243 Εὖσχοίνου
703 1180 773 1226 ἐπὶ
803 1180 892 1233 τοὺς
915 1180 1122 1240 Ὑφάλους
1156 1182 1313 1227 στάδιοι
1336 1190 1345 1202 ·

81 1252 129 1297 ο’·
153 1251 293 1307 νησίον
313 1251 422 1296 ἐστὶν
447 1251 669 1296 ὃπόσαλον·
690 1250 775 1312 ἔχει
801 1248 840 1294 δὲ
870 1250 939 1294 καὶ
965 1250 1149 1310 αἷγίαλὸν
1177 1251 1317 1312 βαθύν.

142 1337 197 1368 73.
235 1321 333 1367 Ἀπὸ
363 1323 442 1365 τῶν
485 1320 679 1383 “Υφάλων
715 1320 782 1366 ἐπὶ
816 1320 884 1365 τὸν
921 1320 1176 1376 Σκοπελίτην
1216 1321 1319 1366 στά-

80 1391 157 1435 διοι
179 1391 238 1435 π’·
261 1388 460 1441 σκόπελός
482 1391 607 1445 ἔστιν,
632 1389 713 1434 ἀπὸ
733 1391 805 1443 τῆς
823 1392 897 1448 γῆς
923 1388 1101 1440 σταδίοις
1123 1389 1186 1449 ιε’,
1212 1391 1320 1452 ὑψη-

78 1459 168 1517 λὸς,
190 1461 324 1518 ὅμοιος
344 1458 550 1519 ἐλέφαντι.
1011 1461 1022 1467 “

80 1595 175 1650 they
191 1609 285 1648 may
299 1594 352 1634 be
368 1593 525 1649 ⁴known
542 1593 596 1647 by
618 1606 731 1632 some
749 1592 850 1645 high
875 1592 978 1632 sand
996 1593 1087 1632 hills
1103 1592 1116 1647 (
1130 1607 1235 1646 quos
1253 1608 1322 1633 cu-

28 1683 30 1686 >
80 1658 215 1698 mulos
233 1659 383 1698 Noster
398 1659 419 1708 ς
434 1660 484 1709 67
500 1655 601 1695 dicit
618 1656 705 1695 Οΐνα
720 1652 861 1704 λευκὴν
881 1654 1065 1708 μεγίστην
1086 1654 1100 1708 )
1119 1655 1230 1708 lying
1248 1654 1318 1694 be-

75 1729 212 1761 tween
232 1720 344 1759 them
356 1750 368 1768 ,
394 1717 477 1758 and
494 1718 548 1772 by
563 1726 647 1758 two
672 1718 789 1757 ruins
808 1715 985 1756 situated
1012 1730 1127 1769 upon
1143 1716 1212 1755 the
1228 1716 1319 1756 hills

78 1782 237 1831 inland,
260 1781 399 1834 nearly
411 1780 571 1820 abreast
590 1779 640 1819 of
653 1779 782 1819 them.
805 1795 821 1816 »
847 1779 863 1830 Η
884 1802 939 1809 -
959 1776 1014 1832 ἀφ
1033 1772 1087 1828 ἧς
1102 1809 1110 1817 .
1128 1808 1136 1833 .
1154 1808 1163 1817 .
1198 1777 1268 1825 ἕξε
1284 1793 1320 1825 ις

80 1845 173 1884 ῧδω
187 1845 222 1898 ρ]
239 1843 300 1897 ἀφ’
318 1838 416 1882 οῧ...
437 1840 789 1896 ἔχειῦδωρεοάεκ.
807 1840 1010 1896 Beechey.
1028 1839 1056 1880 l.
1072 1839 1099 1879 1.
1116 1852 1125 1879 z
1150 1856 1165 1877 (ι
1186 1842 1241 1880 At
1251 1840 1319 1880 the

81 1907 168 1947 soot
183 1906 232 1946 os
244 1906 313 1947 the
329 1904 540 1945 saud-hius
556 1912 598 1944 at
611 1905 789 1944 Carcora
808 1903 922 1943 there
941 1916 1010 1942 are
1029 1916 1142 1942 some
1160 1903 1320 1956 springs

82 1968 130 2008 of
146 1968 255 2007 fresh
280 1976 420 2015 water,
445 1965 846 2020 remarkablysvveet
869 1963 953 2004 and
975 1962 1099 2017 good,
1131 1963 1277 2003 within
1297 1978 1319 2004 a

82 2029 161 2070 few
183 2029 264 2069 feet
289 2028 338 2069 of
354 2043 405 2069 an
430 2029 637 2069 extensive
655 2026 914 2076 salt-marsh,
936 2025 1019 2066 and
1042 2040 1098 2066 on
1119 2025 1188 2066 the
1210 2039 1320 2065 same

81 2091 182 2132 level
203 2091 303 2131 with
326 2091 373 2131 it.
399 2091 491 2131 The
509 2091 807 2131 circumstance
828 2089 863 2128 is
878 2088 1041 2142 worthy
1060 2087 1110 2127 of
1132 2086 1316 2136 remark,

82 2153 278 2207 although
308 2153 423 2193 there
453 2168 522 2194 are
551 2153 670 2193 other
698 2153 902 2192 instances
930 2150 979 2190 of
1002 2149 1156 2189 similar
1173 2163 1319 2189 occur-

82 2230 238 2256 rences.
262 2235 278 2250 n
307 2217 370 2255 De
385 2215 530 2254 eadem
544 2217 593 2255 M
595 2214 680 2254 irsa
695 2214 882 2254 Kar-kora
899 2212 988 2253 haec
998 2211 1188 2266 perhibet
1211 2212 1320 2252 Lau-

82 2278 239 2319 thierus
253 2277 365 2332 apud
380 2277 496 2318 Della
514 2275 622 2317 Cella
642 2276 713 2328 (V
714 2275 850 2327 iaggio
875 2274 931 2314 cla
949 2273 1109 2330 Tripoli
1125 2288 1168 2328 p.
1184 2272 1289 2328 220)
1309 2286 1318 2313 ε

88 2361 105 2378 ι
126 2341 203 2382 Nel
218 2339 346 2381 fondo
362 2339 403 2379 di
424 2346 570 2394 questo
589 2352 688 2377 seno
704 2337 798 2378 v'ha
814 2351 870 2377 un
885 2351 1012 2391 pozzo
1033 2335 1075 2375 di
1087 2349 1217 2389 acqua
1232 2333 1321 2375 dol-

83 2418 143 2454 ce,
169 2417 245 2444 ove
259 2404 292 2443 si
309 2403 462 2455 attinge
479 2415 503 2442 a
516 2415 601 2440 una
614 2399 884 2453 grandissima
904 2396 1162 2454 prosundsth,
1179 2412 1321 2453 sopra-1

83 2473 191 2505 tutto
214 2466 255 2504 in
278 2472 418 2505 estate.
441 2449 476 2504 E
493 2461 690 2511 rotondo‚
719 2476 797 2502 con
821 2476 905 2502 una
923 2461 1116 2502 scalinata
1142 2460 1319 2510 interna,

83 2542 157 2582 per
178 2528 216 2568 la
235 2528 353 2582 quale
376 2528 413 2567 vi
440 2527 473 2567 si
499 2541 585 2582 puo
608 2525 840 2566 facilmente
860 2524 1114 2565 discendere.
1139 2524 1206 2565 Ad
1225 2525 1321 2576 ogni

85 2591 190 2632 dieci
213 2591 354 2632 scalini
372 2591 410 2630 vi
428 2591 461 2630 si
475 2599 649 2630 trovano
672 2588 842 2643 scolpite
858 2587 1093 2628 inscrizioni
1112 2587 1156 2626 in
1168 2588 1320 2627 Greco.

86 2656 254 2694 Furono
285 2655 500 2708 impiegate
520 2652 586 2692 nel
612 2666 720 2692 mese
746 2650 790 2690 di
813 2649 1043 2691 Settembre
1076 2656 1234 2689 ottanta
1261 2657 1324 2688 tre

85 2717 247 2757 braccia
281 2716 324 2756 di
360 2715 487 2756 corda
522 2729 597 2769 per
624 2715 855 2767 attignerne
894 2712 1069 2765 l’acqua.
1103 2731 1121 2746 n
1154 2712 1324 2751 Frustra

85 2778 287 2832 ejusmodi
299 2787 470 2833 puteum
482 2777 760 2831 quaesiverunt
771 2774 955 2829 Beechey
967 2782 1007 2814 et
1014 2772 1139 2814 Barth
1148 2804 1157 2813 .
1167 2787 1212 2828 p.
1224 2773 1319 2813 353.

85 2842 279 2880 Ceterum
306 2842 350 2880 in
375 2839 684 2879 mediterraneis
706 2845 851 2878 nostro
873 2836 964 2876 loco
988 2834 1178 2889 objacent
1194 2835 1324 2875 ruinae

90 2905 232 2943 Caroto
255 2903 270 2954 (
283 2901 513 2942 Carrhoto?
537 2900 550 2955 )
572 2898 850 2948 vindicandae3
874 2912 965 2952 quae
983 2898 1105 2938 statio
1120 2912 1200 2937 sec.
1223 2897 1319 2937 Itin.

88 2978 112 3003 a
143 2964 339 3003 Berenice
359 2962 483 3002 distat
511 2962 638 3002 millia
673 2962 724 3001 52
748 2975 820 3000 seu
855 2963 935 3008 416
969 2959 1113 3009 stadia,
1150 2958 1252 2999 dum
1271 2959 1324 2999 ad

88 3027 327 3080 Drepanum
341 3024 460 3079 juxta
475 3039 590 3065 oram
605 3023 854 3065 Stadiasmus
869 3022 993 3062 habet
1014 3021 1146 3062 stadia
1169 3023 1265 3069 468.

144 3091 166 3140 S
185 3093 253 3130 67.
275 3091 357 3128 τοῦ
375 3087 432 3142 Δρ
446 3102 502 3127 επ
514 3087 595 3127 άνο
608 3087 659 3141 υ]
686 3086 730 3126 τὸ
746 3086 938 3140 Δρέπανον
964 3084 1078 3135 cod.;
1101 3085 1222 3125 tacite
1240 3099 1321 3125 em.

89 3151 247 3190 Iriarte.
271 3152 511 3204 Serapeum,
533 3148 699 3189 aliunde
716 3163 801 3188 non
824 3156 993 3197 notum,
1023 3161 1074 3187 ex
1099 3146 1195 3187 data
1208 3160 1323 3186 men-

88 3226 183 3254 sura
200 3211 487 3253 collocandum
512 3211 586 3253 ubi
609 3211 818 3266 Smythius
835 3210 960 3251 habet
978 3209 1064 3250 Bab
1084 3223 1251 3249 nomen.

143 3278 166 3328 §
186 3280 256 3318 68.
278 3275 308 3314 Δ
321 3290 395 3329 ιαρ
409 3291 427 3328 ρ
441 3276 577 3314 οιάδα
598 3276 612 3328 ]
635 3275 825 3328 Διαροάὸα
850 3282 890 3314 et
909 3288 1003 3313 mox
1027 3271 1102 3312 ἀπὸ
1120 3272 1327 3326 Διαροάδος

90 3337 241 3387 codex3
262 3336 442 3391 Διάρροια
463 3336 687 3391 (Διαρροίας
702 3367 712 3385 ,
731 3336 914 3390 Διαρροῗα
937 3350 1022 3375 var.
1042 3335 1136 3375 lect.
1159 3336 1174 3386 )
1204 3333 1324 3388 λιμήν

90 3413 156 3454 ap.
178 3399 443 3440 Ptolemaeum
458 3428 469 3446 ‚
488 3398 558 3451 qui
578 3398 714 3437 locum
733 3397 785 3436 ab
800 3396 987 3436 Herculis
1004 3396 1110 3436 turri
1130 3393 1327 3448 disjungit

90 3461 317 3502 latitudinis
355 3460 487 3515 gradu
510 3459 728 3500 dimidiato
748 3459 859 3512 (250
879 3458 983 3499 stad.
1002 3461 1035 3512 ),
1064 3472 1195 3513 quum
1215 3457 1325 3513 apud

90 3525 288 3564 Nostrum
305 3524 471 3565 nonnisi
494 3522 546 3563 50
561 3521 789 3562 stadiorum
808 3522 860 3561 sit
885 3520 1094 3570 distantia;
1126 3535 1173 3560 ea
1189 3529 1326 3561 autem

91 3584 285 3626 ducimur
309 3585 362 3626 ad
393 3586 530 3626 locum
557 3584 630 3624 ubi
650 3592 731 3623 tres
754 3581 924 3637 paludes
953 3596 1067 3621 nunc
1086 3582 1327 3623 brevissimo

92 3649 223 3702 spatio
243 3664 267 3689 a
287 3649 391 3689 mari
413 3655 670 3702 separantur,
692 3645 790 3685 olim
822 3644 1002 3684 fortassis
1018 3642 1234 3684 esssuvium
1255 3644 1326 3685 ha-

93 3709 261 3752 bebant.
298 3735 355 3743 —
393 3711 478 3762 Qui
522 3709 706 3762 sequitur
741 3707 842 3762 Apis
883 3705 996 3746 locus
1035 3705 1201 3746 aliunde
1243 3720 1326 3746 non

94 3782 233 3815 notus.

151 3838 172 3886 ἓ
192 3840 260 3876 70.
280 3834 366 3875 ἀπὸ
385 3834 440 3874 Σε
453 3849 472 3888 ρ
483 3849 541 3874 απ
555 3849 570 3873 ε
583 3834 621 3873 ίο
634 3834 681 3887 υ]
696 3830 992 3886 Exspectabas:
1009 3829 1160 3870 ἀπὸτοῦ
1178 3829 1324 3880 ”Απιος;

97 3906 138 3937 at
146 3897 248 3937 nihil
260 3905 439 3937 erratum
450 3911 535 3936 esse
547 3895 836 3935 distantiarum
847 3893 1025 3934 rationes
1038 3893 1324 3947 comprobant.

98 3960 288 4000 Ceterum
308 3958 508 4014 particula
540 3957 604 4009 δὲ,
634 3972 715 4012 qua
735 3957 795 3997 uti
823 3957 973 3997 Noster
993 3970 1074 3996 non
1106 3955 1227 4006 solet,
1252 3955 1326 4017 nisi

2533 133 2620 170 453

1394 226 1578 268 Heraclei
1590 228 1939 282 promontorium,
1954 229 2167 270 cumulum
2184 229 2338 270 habens
2350 244 2482 271 arenae
2498 232 2619 282 albae;

1388 307 1538 348 aquam
1556 294 1695 335 habet.

1445 365 1513 415 67.
1544 363 1580 402 A
1600 363 1794 416 Drepano
1809 362 1862 403 ad
1876 363 2097 418 Serapeum
2109 363 2238 405 stadia
2257 378 2335 406 100
2345 381 2356 416 3
2373 364 2492 419 juxta
2508 380 2622 407 oram

1388 436 1603 470 extensum
1627 429 1784 470 videbis
1802 431 2016 472 cumulum
2036 446 2169 473 arenae
2186 433 2286 474 albae
2308 435 2553 485 maximum,
2574 450 2623 475 ex

1388 509 1495 550 quo,
1521 497 1554 536 si
1572 496 1727 537 foderis
1743 529 1753 548 ,
1779 512 1926 552 aquam
1950 499 2119 540 habebis
2148 499 2328 541 dulcem.

1445 565 1513 604 68.
1546 565 1583 604 A
1605 565 1780 620 Serapeo
1803 564 1853 605 ad
1878 567 2189 608 Diarrhoeadem
2217 568 2346 610 stadia
2371 568 2437 611 50.

1444 634 1511 683 69.
1546 633 1580 671 A
1605 632 1876 674 Diarrhoeade
1899 633 1951 674 ad
1983 635 2093 690 Apin
2116 635 2295 677 stadium
2323 650 2367 688 13
2405 638 2526 678 statio
2547 638 2623 678 sub

1387 713 1436 740 eo
1463 699 1554 742 loco
1578 710 1655 742 est.
2058 711 2063 716 '

1443 782 1512 822 70.
1545 772 1582 810 A
1603 770 1779 825 Serapeo
1810 785 1942 825 usque
1975 772 2028 813 ad
2059 774 2228 814 Caenum
2266 776 2327 827 (i.
2349 789 2384 814 e.
2418 776 2620 831 Novum)

1387 836 1515 877 stadia
1535 837 1632 888 1503
1658 839 1864 879 castellum
1883 848 1942 880 est
1961 838 2167 880 desertum
2185 857 2195 891 ;
2221 856 2368 895 aquam
2388 842 2527 892 habet,
2552 841 2623 882 sed

1386 912 1510 958 portu
1530 914 1653 946 caret.

1443 986 1511 1025 71.
1545 974 1581 1013 A
1611 973 1734 1012 Caeno
1756 972 1809 1013 ad
1846 974 2125 1015 Euschoenum
2165 975 2292 1016 stadia
2319 990 2400 1030 703
2430 976 2527 1016 litus
2563 985 2623 1017 est

1385 1043 1668 1097 profundum3
1707 1044 1820 1085 collis
1863 1047 1904 1085 in
1947 1045 2256 1087 mediterraneis
2293 1056 2354 1088 est
2394 1047 2598 1088 rotundus
2609 1063 2620 1097 ς

1385 1130 1534 1170 aquam
1556 1116 1671 1156 locus
1688 1116 1827 1157 habet.

1438 1185 1511 1236 72.
1544 1183 1610 1224 Ab
1631 1184 1868 1225 Euschoeno
1902 1185 1954 1225 ad
1977 1186 2187 1240 Hyphalos
2223 1187 2351 1227 stadia
2390 1203 2442 1241 70
2454 1204 2464 1238 ;
2501 1202 2624 1242 parva

1386 1246 1447 1278 est
1481 1239 1633 1288 insula,
1670 1239 1749 1279 sub
1785 1254 1866 1292 qua
1906 1240 2036 1280 salum
2067 1241 2293 1295 praebetur3
2332 1243 2425 1283 litus
2460 1257 2624 1298 quoque

1385 1293 1644 1348 profundum
1667 1293 1784 1334 locus
1798 1294 1936 1335 habet.

1443 1349 1512 1402 73.
1545 1349 1610 1389 Ab
1632 1348 1831 1402 Hyphalis
1850 1348 1903 1389 ad
1920 1350 2147 1404 Scopeliten
2171 1350 2300 1391 stadia
2320 1355 2373 1399 40
2397 1353 2497 1407 (μ’);
2522 1353 2625 1392 altus

1386 1403 1660 1499 ‹szisrtnislcippulus
1676 1435 1687 1453 ,
1713 1418 1738 1444 a
1753 1405 1991 1445 continente
2011 1407 2058 1445 15
2077 1404 2206 1445 stadia
2222 1405 2376 1446 distans
2389 1438 2400 1457 ,
2422 1407 2625 1461 elephanti

1389 1594 1462 1632 ubi
1479 1593 1581 1633 duas
1597 1593 1809 1633 distantias
1832 1595 2060 1648 componit,
2082 1595 2355 1649 suspicionem
2376 1605 2513 1636 movet
2529 1597 2625 1636 olim

1390 1654 1515 1694 fuisse
1539 1668 1548 1694 :
1582 1654 1656 1695 ἀπὸ
1681 1655 1808 1702 Ἄπιος
1829 1655 1890 1696 ἐπὶ
1907 1656 1973 1695 τὸν
2002 1656 2142 1696 Καινὸν
2180 1658 2327 1697 στάδιοι
2343 1657 2378 1707 *‚
2406 1657 2480 1698 ἀπὸ
2498 1658 2538 1698 δὲ
2559 1662 2626 1699 τοῦ

1390 1716 1598 1769 Σεραπείου
1630 1716 1719 1757 κτλ.
1752 1718 1768 1770 ΙΙ
1801 1741 1857 1747 -
1885 1717 2045 1757 Deinde
2066 1733 2142 1773 pro
2169 1718 2235 1759 τὸν
2266 1719 2407 1759 Καινὸν
2432 1720 2552 1760 velim
2582 1721 2626 1761 τὸ

1391 1777 1533 1818 Καινὸν
1551 1793 1607 1818 sc.
1629 1778 1823 1832 φρούριον.
1846 1779 2191 1833 Componendum
2208 1780 2416 1821 castellum
2432 1796 2528 1821 cum
2542 1784 2628 1822 rui·

1389 1841 1453 1880 nis
1476 1841 1519 1880 in
1535 1842 1824 1895 promontorio
1852 1842 1954 1891 sitis,
1972 1842 2038 1881 cui
2057 1841 2245 1895 adjacent
2261 1841 2346 1882 duo
2365 1844 2539 1897 scopuli.
2561 1845 2627 1884 Ad

1390 1902 1569 1943 eundem
1591 1903 1728 1943 locum
1743 1902 1961 1943 reserenda
1977 1904 2053 1944 erit
2070 1903 2189 1944 statio
2212 1903 2353 1945 Attici
2371 1905 2432 1945 vel
2452 1905 2630 1946 Attitici

1392 1967 1485 2017 (An
1505 1966 1548 2005 in
1571 1964 1646 2005 tici
1673 1964 1771 2005 latet
1790 1965 1900 2018 τείχη
1922 1973 1962 2005 et
1991 1966 2034 2005 in
2057 1967 2119 2005 At
2147 1966 2231 2005 sive
2251 1965 2351 2005 Atti
2375 1966 2628 2020 phoenicium

1391 2041 1546 2067 nomen
1562 2026 1659 2067 ades
1674 2027 1759 2067 sive
1774 2026 1871 2075 ada,
1894 2028 1921 2067 i.
1944 2042 1981 2068 e.
2004 2041 2175 2076 novum,
2195 2027 2308 2081 quod
2324 2028 2448 2068 habes
2471 2030 2511 2068 in
2534 2032 2628 2070 Ma-

1391 2089 1583 2130 com-ada
1600 2098 1640 2129 et
1662 2088 1904 2138 Carth-ada,
1927 2089 1952 2128 i.
1978 2103 2015 2130 e.
2039 2089 2268 2144 vednoktgj')
2297 2090 2518 2139 Itinerarii,
2539 2106 2630 2144 quae

1390 2167 1414 2191 a
1429 2153 1582 2192 Caroto
1602 2151 1653 2191 25
1667 2182 1678 2200 ‚
1697 2165 1720 2191 a
1735 2153 1868 2191 Boreo
1889 2154 1940 2203 49
1957 2151 2058 2190 mill.
2084 2150 2221 2190 distat.
2242 2153 2291 2190 In
2305 2166 2454 2205 mappa
2472 2154 2628 2193 Barthii

1391 2214 1498 2254 circa
1520 2213 1608 2253 haec
1629 2212 1719 2252 loca
1736 2212 1778 2251 in
1802 2211 2127 2262 mediterraneis,
2149 2226 2233 2250 non
2249 2213 2306 2251 ita
2324 2212 2444 2264 longe
2467 2213 2518 2251 ab
2538 2228 2625 2262 ora,

1390 2283 1560 2316 notatur
1585 2273 1763 2314 Hebberi
1788 2282 1936 2328 puteus
1969 2287 2084 2327 aquae
2114 2273 2231 2313 bonae
2268 2275 2340 2326 (v.
2374 2274 2514 2313 Barth.
2538 2275 2565 2315 l.
2598 2275 2625 2315 l.

1390 2351 1434 2391 p.
1460 2336 1534 2377 351
1558 2340 1589 2389 ).

1449 2402 1471 2451 5
1497 2403 1566 2440 71.
1594 2396 1806 2451 Εὕσχοιν
1820 2411 1840 2436 0
1854 2410 1871 2435 ν
1892 2397 1907 2451 ]
1925 2398 2059 2436 Locus
2075 2395 2126 2435 de
2143 2394 2280 2450 juncis
2301 2405 2468 2436 vocatus
2485 2396 2623 2447 fuerit,

1393 2462 1424 2500 si
1446 2469 1553 2501 reete
1572 2474 1724 2500 nomen
1740 2459 1879 2508 habet,
1895 2472 2030 2513 neque
2050 2457 2160 2498 idem
2176 2458 2314 2498 subest
2326 2473 2494 2508 nomen,
2514 2461 2627 2513 quod

1393 2523 1435 2561 in
1460 2521 1610 2562 Ἴσκινα
1629 2522 1645 2574 (
1661 2519 1767 2561 Ptol.
1786 2528 1826 2559 et
1844 2519 1942 2559 Itin.
1970 2520 1986 2571 )
2002 2517 2158 2558 deloco
2174 2518 2281 2559 inter
2305 2526 2521 2572 utramque
2536 2521 2629 2574 Syr-

1394 2585 1454 2625 tin
1471 2584 1550 2624 sito
1568 2581 1934 2637 deprehendimus.
1955 2583 2086 2622 Porro
2101 2581 2240 2621 nescio
2259 2594 2310 2620 an
2326 2580 2408 2620 huc
2427 2582 2629 2634 pertineat

1401 2645 1560 2700 Ἔχῖνος
1579 2645 1642 2686 vel
1666 2644 1827 2699 ’Έχινος
1859 2645 1989 2693 vicus,
2011 2657 2134 2698 quem
2150 2644 2192 2683 in
2221 2643 2299 2683 hac
2324 2642 2554 2694 latitudine,
2585 2653 2626 2685 at

1394 2709 1436 2747 in
1456 2707 1767 2762 mediterraneis
1786 2706 1907 2760 longe
1926 2704 2114 2746 dissitum
2127 2737 2138 2755 ‚
2169 2705 2294 2754 habet
2325 2704 2581 2747 Ptolemaeus.
2609 2708 2623 2760 ΙΙ

1392 2794 1447 2800 —-
1463 2768 1515 2825 0']
1538 2769 1759 2809 Distantias
1778 2769 1821 2808 in
1839 2770 1861 2820 §
1881 2781 1950 2822 71,
1970 2781 2038 2821 72,
2061 2768 2112 2821 73
2124 2766 2238 2821 justo
2257 2766 2432 2821 majores
2454 2782 2539 2808 esse
2558 2783 2629 2823 pa-

1393 2839 1463 2871 tet.
1493 2834 1632 2884 Quare
1650 2831 1702 2871 de
1730 2831 1812 2871 situ
1839 2829 2063 2871 Euschoeni
2086 2830 2236 2870 certius
2258 2829 2425 2884 quidem
2444 2845 2629 2885 pronun-

1394 2895 1494 2934 tiare
1526 2893 1630 2933 nihil
1659 2893 1807 2942 ausim,
1834 2892 2048 2947 probabile
2073 2900 2212 2932 tamen
2235 2891 2520 2940 collocandum
2545 2908 2629 2933 esse

1393 2955 1446 2996 ad
1468 2954 1718 2996 hodiernum
1751 2955 1923 2995 Chawan
1958 2954 2182 2996 Marabout
2209 2963 2249 2994 et
2271 2955 2625 3008 promontorium,

1394 3017 1507 3072 quod
1533 3033 1556 3058 a
1587 3019 1710 3059 Caeno
1741 3016 1904 3058 castello
1939 3016 2061 3056 distat
2096 3016 2179 3056 sere
2213 3015 2343 3055 stadia
2378 3016 2443 3056 50.
2485 3016 2550 3056 Ab
2579 3031 2627 3056 eo

1393 3081 1610 3135 proximus
1639 3088 1699 3120 est
1717 3081 1759 3119 in
1777 3078 2086 3119 mediterraneis
2107 3091 2279 3130 magnus
2294 3077 2406 3117 collis
2424 3077 2628 3118 rotundus

1395 3145 1412 3196 (
1429 3143 1563 3198 βουνὸς
1581 3141 1808 3198 περιφερής)
1826 3173 1836 3190 ,
1859 3141 1989 3180 ruinis
2016 3138 2249 3179 distinctus.
2283 3139 2299 3193 ΙΙ
2325 3163 2380 3169 —-
2401 3139 2516 3192 βουν
2531 3140 2578 3186 ός
2610 3142 2624 3194 ]

1397 3207 1534 3261 μουνός
1568 3206 1669 3246 male
1708 3217 1850 3258 apogr.
1896 3203 2051 3251 Iriart.;
2098 3200 2150 3240 de
2191 3199 2300 3254 conj.
2341 3200 2628 3251 emendaverat

1395 3267 1567 3308 Gailius.

1451 3332 1472 3381 §
1498 3334 1566 3370 72.
1593 3326 1637 3367 Ὑ
1649 3343 1672 3381 φ
1685 3326 1772 3365 άλο
1786 3341 1831 3372 υς
1846 3327 1860 3379 ]
1886 3324 1945 3365 ἐπὶ
1961 3328 2035 3364 τῶν
2049 3322 2203 3378 ὗφάλων
2217 3322 2329 3370 cod.;
2349 3337 2429 3362 cm.
2452 3324 2623 3365 Gailius.

1394 3390 1564 3446 ’Υφαλοι
1580 3392 1697 3445 ὅρμος
1714 3404 1780 3443 ap.
1799 3388 2079 3435 Ptolemaeum,
2111 3386 2211 3425 nihil
2234 3394 2468 3425 monentem
2490 3386 2542 3426 de
2561 3388 2625 3427 in-

1395 3454 1497 3503 sula,
1516 3467 1605 3507 quae
1617 3465 1701 3492 esse
1716 3450 1838 3490 debet
1852 3449 1977 3489 altera
1994 3463 2044 3488 ex
2061 3447 2223 3487 duabus
2239 3447 2330 3497 illis,
2356 3462 2448 3501 quae
2465 3448 2538 3487 31⁰
2553 3448 2624 3489 lat.

1396 3531 1477 3557 orae
1493 3514 1702 3569 adjacent,
1721 3520 1762 3553 at
1783 3525 1866 3552 non
1884 3525 1959 3565 70,
1983 3509 2055 3550 sed
2079 3512 2132 3556 40
2147 3507 2375 3549 stadiorum
2396 3510 2622 3550 intervallo.

1453 3581 1474 3631 S
1507 3582 1574 3619 73.
1607 3573 1890 3624 Σκοπελίτη
1906 3573 1956 3626 ν]
1997 3574 2018 3623 §
2053 3574 2104 3625 74
2140 3570 2214 3611 ἀπὸ
2250 3571 2462 3612 Σκοπέλου.
2506 3574 2627 3612 Forte

1395 3641 1564 3687 Μίσυνος
1579 3641 1693 3689 νῆσος
1711 3635 1933 3677 Ptolemaei.
1960 3636 2031 3674 Est
2058 3632 2190 3688 major
2209 3648 2259 3673 ex
2281 3634 2413 3674 tribus
2433 3635 2623 3687 scopulis,

1397 3704 1467 3757 qui
1489 3717 1554 3756 ap.
1578 3699 1810 3754 Smythium
1848 3705 2045 3737 vocantur
2074 3696 2270 3737 Hamoud
2300 3697 2439 3743 rocks‚·
2475 3695 2626 3736 distant

1400 3766 1451 3805 ab
1471 3779 1541 3805 ora
1559 3762 1698 3803 stadiis
1721 3760 1804 3801 sere
1827 3758 2063 3814 quindecim
2081 3775 2092 3809 ;
2111 3773 2251 3814 verum
2273 3758 2396 3797 altera
2416 3772 2622 3807 mensura,

1398 3842 1478 3882 qua
1497 3825 1538 3866 π’
1554 3823 1683 3864 stadia
1714 3823 1766 3863 ab
1793 3821 1991 3877 Hyphalis
2022 3821 2173 3860 distare
2199 3819 2395 3858 dicuntur
2421 3818 2515 3858 falsa
2543 3830 2622 3868 est;

1398 3897 1492 3930 sunt
1505 3888 1611 3927 inter
1632 3886 1684 3926 30
1700 3893 1738 3925 et
1756 3888 1808 3933 40
1827 3883 1977 3934 stadia3
2000 3897 2126 3937 quare
2138 3896 2214 3936 pro
2235 3880 2275 3922 π’
2290 3880 2468 3920 fortassis
2486 3890 2571 3922 erat
2587 3881 2626 3921 λ’

1400 3951 1459 3992 vel
1483 3948 1535 3990 υ.’.
