<?xml version="1.0" encoding="UTF-8"?>
<!DOCTYPE html PUBLIC "-//W3C//DTD XHTML 1.0 Transitional//EN"
    "http://www.w3.org/TR/xhtml1/DTD/xhtml1-transitional.dtd">
<html xmlns="http://www.w3.org/1999/xhtml" xml:lang="en" lang="en">
 <head>
  <title>
</title>
<meta http-equiv="Content-Type" content="text/html;charset=utf-8" />
  <meta name='ocr-system' content='tesseract 3.04.00' />
  <meta name='ocr-capabilities' content='ocr_page ocr_carea ocr_par ocr_line ocrx_word'/>
</head>
<body>
  <div class='ocr_page' id='page_1' title='image "./geographigraeci00mueluoft_0087.png"; bbox 0 0 2756 4354; ppageno 0'>
   <div class='ocr_carea' id='block_1_1' title="bbox 0 107 40 206">
    <p class='ocr_par' dir='ltr' id='par_1_1' title="bbox 0 107 40 206">
     <span class='ocr_line' id='line_1_1' title="bbox 30 107 35 130; baseline 0 0"><span class='ocrx_word' id='word_1_1' title='bbox 30 107 35 130; x_wconf 63' lang='grc' dir='ltr'><strong>ζ</strong></span> 
     </span>
     <span class='ocr_line' id='line_1_2' title="bbox 12 134 40 151; baseline 0 -5"><span class='ocrx_word' id='word_1_2' title='bbox 12 134 40 151; x_wconf 56' lang='grc' dir='ltr'>,Β</span> 
     </span>
     <span class='ocr_line' id='line_1_3' title="bbox 0 154 39 179; baseline 0 0"><span class='ocrx_word' id='word_1_3' title='bbox 0 154 39 179; x_wconf 58' lang='grc' dir='ltr'>’.ΓὟ</span> 
     </span>
     <span class='ocr_line' id='line_1_4' title="bbox 4 183 38 197; baseline 0 -6"><span class='ocrx_word' id='word_1_4' title='bbox 4 183 38 197; x_wconf 51' lang='lat' dir='ltr'>„x</span> 
     </span>
     <span class='ocr_line' id='line_1_5' title="bbox 14 198 33 206; baseline 0 -3"><span class='ocrx_word' id='word_1_5' title='bbox 14 198 33 206; x_wconf 66' lang='grc'>,,</span> 
     </span>
    </p>
   </div>
   <div class='ocr_carea' id='block_1_2' title="bbox 31 261 1262 415">
    <p class='ocr_par' dir='ltr' id='par_1_2' title="bbox 31 261 1262 415">
     <span class='ocr_line' id='line_1_6' title="bbox 31 261 1260 339; baseline -0.015 -11"><span class='ocrx_word' id='word_1_6' title='bbox 31 282 90 328; x_wconf 83' lang='lat' dir='ltr'>tis</span> <span class='ocrx_word' id='word_1_7' title='bbox 111 281 297 339; x_wconf 87' lang='lat' dir='ltr'>legitur,</span> <span class='ocrx_word' id='word_1_8' title='bbox 317 279 394 324; x_wconf 90' lang='lat' dir='ltr'>sed</span> <span class='ocrx_word' id='word_1_9' title='bbox 418 277 474 322; x_wconf 85' lang='lat' dir='ltr'>ad</span> <span class='ocrx_word' id='word_1_10' title='bbox 493 276 691 328; x_wconf 54' lang='lat' dir='ltr'>vs.‚287,</span> <span class='ocrx_word' id='word_1_11' title='bbox 711 287 804 331; x_wconf 91' lang='lat' dir='ltr'>quo</span> <span class='ocrx_word' id='word_1_12' title='bbox 821 261 922 331; x_wconf 85' lang='lat' dir='ltr'>ipso</span> <span class='ocrx_word' id='word_1_13' title='bbox 947 269 1049 314; x_wconf 92' lang='lat' dir='ltr'>loco</span> <span class='ocrx_word' id='word_1_14' title='bbox 1071 269 1260 329; x_wconf 87' lang='lat' dir='ltr'>Apollo-</span> 
     </span>
     <span class='ocr_line' id='line_1_7' title="bbox 32 343 1262 415; baseline -0.014 -12"><span class='ocrx_word' id='word_1_15' title='bbox 32 357 137 402; x_wconf 90' lang='lat' dir='ltr'>nius</span> <span class='ocrx_word' id='word_1_16' title='bbox 186 356 395 415; x_wconf 74' lang='lat' dir='ltr'>Rhipaeos</span> <span class='ocrx_word' id='word_1_17' title='bbox 445 358 620 394; x_wconf 88' lang='lat' dir='ltr'>montes</span> <span class='ocrx_word' id='word_1_18' title='bbox 666 354 1008 391; x_wconf 83' lang='lat' dir='ltr'>commemorat.</span> <span class='ocrx_word' id='word_1_19' title='bbox 1065 343 1262 387; x_wconf 87' lang='lat' dir='ltr'>Omnino</span> 
     </span>
    </p>
   </div>
   <div class='ocr_carea' id='block_1_3' title="bbox 0 417 1278 3792">
    <p class='ocr_par' dir='ltr' id='par_1_3' title="bbox 0 417 1278 3792">
     <span class='ocr_line' id='line_1_8' title="bbox 32 417 1259 477; baseline -0.015 1"><span class='ocrx_word' id='word_1_20' title='bbox 32 441 181 477; x_wconf 82' lang='lat' dir='ltr'>autem</span> <span class='ocrx_word' id='word_1_21' title='bbox 213 426 472 476; x_wconf 84' lang='lat' dir='ltr'>Holstenius</span> <span class='ocrx_word' id='word_1_22' title='bbox 506 439 532 467; x_wconf 87' lang='lat' dir='ltr'>a</span> <span class='ocrx_word' id='word_1_23' title='bbox 552 431 702 466; x_wconf 88' lang='lat' dir='ltr'>mente</span> <span class='ocrx_word' id='word_1_24' title='bbox 725 419 981 465; x_wconf 77' lang='lat' dir='ltr'>scholiastae</span> <span class='ocrx_word' id='word_1_25' title='bbox 1007 417 1259 473; x_wconf 87' lang='lat' dir='ltr'>aberravit,</span> 
     </span>
     <span class='ocr_line' id='line_1_9' title="bbox 33 494 1261 565; baseline -0.012 -13"><span class='ocrx_word' id='word_1_26' title='bbox 33 507 113 565; x_wconf 90' lang='lat' dir='ltr'>qui</span> <span class='ocrx_word' id='word_1_27' title='bbox 148 520 240 550; x_wconf 92' lang='lat' dir='ltr'>non</span> <span class='ocrx_word' id='word_1_28' title='bbox 277 503 361 546; x_wconf 92' lang='lat' dir='ltr'>hoc</span> <span class='ocrx_word' id='word_1_29' title='bbox 394 500 548 544; x_wconf 82' lang='lat' dir='ltr'>dicere</span> <span class='ocrx_word' id='word_1_30' title='bbox 594 497 766 552; x_wconf 89' lang='lat' dir='ltr'>voluit,</span> <span class='ocrx_word' id='word_1_31' title='bbox 806 495 926 556; x_wconf 91' lang='lat' dir='ltr'>apud</span> <span class='ocrx_word' id='word_1_32' title='bbox 965 494 1261 554; x_wconf 90' lang='lat' dir='ltr'>Apollonium</span> 
     </span>
     <span class='ocr_line' id='line_1_10' title="bbox 32 569 1262 637; baseline -0.012 -10"><span class='ocrx_word' id='word_1_33' title='bbox 32 581 198 627; x_wconf 89' lang='lat' dir='ltr'>Istrum</span> <span class='ocrx_word' id='word_1_34' title='bbox 214 595 239 624; x_wconf 92' lang='lat' dir='ltr'>e</span> <span class='ocrx_word' id='word_1_35' title='bbox 261 572 694 637; x_wconf 84' lang='lat' dir='ltr'>septentrionalibus</span> <span class='ocrx_word' id='word_1_36' title='bbox 708 569 1122 630; x_wconf 74' lang='lat' dir='ltr'>regionibus&#39;oriri,</span> <span class='ocrx_word' id='word_1_37' title='bbox 1141 570 1262 629; x_wconf 88' lang='lat' dir='ltr'>apud</span> 
     </span>
     <span class='ocr_line' id='line_1_11' title="bbox 31 644 1261 715; baseline -0.011 -15"><span class='ocrx_word' id='word_1_38' title='bbox 31 655 274 715; x_wconf 86' lang='lat' dir='ltr'>Scymnum</span> <span class='ocrx_word' id='word_1_39' title='bbox 300 661 448 696; x_wconf 90' lang='lat' dir='ltr'>autem</span> <span class='ocrx_word' id='word_1_40' title='bbox 472 665 530 694; x_wconf 86' lang='lat' dir='ltr'>ex</span> <span class='ocrx_word' id='word_1_41' title='bbox 545 645 930 700; x_wconf 88' lang='lat' dir='ltr'>occidentalibus,</span> <span class='ocrx_word' id='word_1_42' title='bbox 952 644 1035 690; x_wconf 76' lang='lat' dir='ltr'>‘sed</span> <span class='ocrx_word' id='word_1_43' title='bbox 1065 644 1152 688; x_wconf 89' lang='lat' dir='ltr'>hoc</span> <span class='ocrx_word' id='word_1_44' title='bbox 1180 660 1261 704; x_wconf 93' lang='lat' dir='ltr'>po-</span> 
     </span>
     <span class='ocr_line' id='line_1_12' title="bbox 30 719 1261 787; baseline -0.009 -13"><span class='ocrx_word' id='word_1_45' title='bbox 30 729 137 787; x_wconf 80' lang='lat' dir='ltr'>tius,</span> <span class='ocrx_word' id='word_1_46' title='bbox 162 726 396 787; x_wconf 91' lang='lat' dir='ltr'>Apollonii</span> <span class='ocrx_word' id='word_1_47' title='bbox 424 725 589 770; x_wconf 86' lang='lat' dir='ltr'>Istrum</span> <span class='ocrx_word' id='word_1_48' title='bbox 614 723 663 767; x_wconf 91' lang='lat' dir='ltr'>in</span> <span class='ocrx_word' id='word_1_49' title='bbox 679 721 950 781; x_wconf 83' lang='lat' dir='ltr'>Scytharum</span> <span class='ocrx_word' id='word_1_50' title='bbox 970 730 1014 767; x_wconf 88' lang='lat' dir='ltr'>et</span> <span class='ocrx_word' id='word_1_51' title='bbox 1033 719 1261 764; x_wconf 85' lang='lat' dir='ltr'>Thracum</span> 
     </span>
     <span class='ocr_line' id='line_1_13' title="bbox 30 795 1261 855; baseline -0.008 -7"><span class='ocrx_word' id='word_1_52' title='bbox 30 802 243 848; x_wconf 86' lang='lat' dir='ltr'>confiniis</span> <span class='ocrx_word' id='word_1_53' title='bbox 266 802 315 845; x_wconf 91' lang='lat' dir='ltr'>in</span> <span class='ocrx_word' id='word_1_54' title='bbox 337 800 428 845; x_wconf 89' lang='lat' dir='ltr'>duo</span> <span class='ocrx_word' id='word_1_55' title='bbox 447 798 597 844; x_wconf 89' lang='lat' dir='ltr'>scindi</span> <span class='ocrx_word' id='word_1_56' title='bbox 621 797 827 851; x_wconf 88' lang='lat' dir='ltr'>flumina,</span> <span class='ocrx_word' id='word_1_57' title='bbox 854 810 1051 855; x_wconf 89' lang='lat' dir='ltr'>quorum</span> <span class='ocrx_word' id='word_1_58' title='bbox 1071 795 1261 839; x_wconf 90' lang='lat' dir='ltr'>alterum</span> 
     </span>
     <span class='ocr_line' id='line_1_14' title="bbox 29 869 1262 930; baseline -0.007 -9"><span class='ocrx_word' id='word_1_59' title='bbox 29 877 78 922; x_wconf 84' lang='lat' dir='ltr'>in</span> <span class='ocrx_word' id='word_1_60' title='bbox 112 875 416 929; x_wconf 85' lang='lat' dir='ltr'>Adriaticum,</span> <span class='ocrx_word' id='word_1_61' title='bbox 440 874 633 918; x_wconf 90' lang='lat' dir='ltr'>alterum</span> <span class='ocrx_word' id='word_1_62' title='bbox 673 872 724 916; x_wconf 93' lang='lat' dir='ltr'>in</span> <span class='ocrx_word' id='word_1_63' title='bbox 756 869 1092 930; x_wconf 86' lang='lat' dir='ltr'>Tyrrhenicum</span> <span class='ocrx_word' id='word_1_64' title='bbox 1138 884 1262 914; x_wconf 89' lang='lat' dir='ltr'>mare</span> 
     </span>
     <span class='ocr_line' id='line_1_15' title="bbox 33 944 1262 1010; baseline -0.007 -15"><span class='ocrx_word' id='word_1_65' title='bbox 33 952 45 1010; x_wconf 88' lang='lat'>(</span> <span class='ocrx_word' id='word_1_66' title='bbox 68 952 123 1001; x_wconf 83' lang='grc' dir='ltr'>εἰς</span> <span class='ocrx_word' id='word_1_67' title='bbox 141 950 215 1004; x_wconf 83' lang='grc' dir='ltr'>τὴν</span> <span class='ocrx_word' id='word_1_68' title='bbox 237 950 328 994; x_wconf 90' lang='grc' dir='ltr'>καθ’</span> <span class='ocrx_word' id='word_1_69' title='bbox 356 951 467 1007; x_wconf 80' lang='grc' dir='ltr'>ἡμᾶς</span> <span class='ocrx_word' id='word_1_70' title='bbox 502 946 712 991; x_wconf 86' lang='grc' dir='ltr'>θάλασσαν</span> <span class='ocrx_word' id='word_1_71' title='bbox 737 945 747 1007; x_wconf 90' lang='grc'>)</span> <span class='ocrx_word' id='word_1_72' title='bbox 773 945 974 1000; x_wconf 86' lang='lat' dir='ltr'>effundi,</span> <span class='ocrx_word' id='word_1_73' title='bbox 1006 944 1127 1005; x_wconf 86' lang='lat' dir='ltr'>apud</span> <span class='ocrx_word' id='word_1_74' title='bbox 1147 945 1262 1004; x_wconf 89' lang='lat' dir='ltr'>Scy-</span> 
     </span>
     <span class='ocr_line' id='line_1_16' title="bbox 29 1019 1260 1081; baseline -0.006 -12"><span class='ocrx_word' id='word_1_75' title='bbox 29 1039 185 1069; x_wconf 88' lang='lat' dir='ltr'>mnum</span> <span class='ocrx_word' id='word_1_76' title='bbox 201 1034 349 1069; x_wconf 89' lang='lat' dir='ltr'>autem</span> <span class='ocrx_word' id='word_1_77' title='bbox 374 1023 542 1081; x_wconf 80' lang='lat' dir='ltr'>Istrum</span> <span class='ocrx_word' id='word_1_78' title='bbox 562 1020 682 1066; x_wconf 82' lang='grc' dir='ltr'>αὐτὸν</span> <span class='ocrx_word' id='word_1_79' title='bbox 705 1020 843 1079; x_wconf 72' lang='grc' dir='ltr'>μόνον,</span> <span class='ocrx_word' id='word_1_80' title='bbox 865 1021 899 1065; x_wconf 92' lang='lat' dir='ltr'>i.</span> <span class='ocrx_word' id='word_1_81' title='bbox 924 1019 1260 1066; x_wconf 86' lang='lat' dir='ltr'>e.·continuum</span> 
     </span>
     <span class='ocr_line' id='line_1_17' title="bbox 29 1096 1264 1159; baseline -0.002 -15"><span class='ocrx_word' id='word_1_82' title='bbox 29 1114 176 1159; x_wconf 86' lang='lat' dir='ltr'>neque</span> <span class='ocrx_word' id='word_1_83' title='bbox 209 1101 258 1144; x_wconf 89' lang='lat' dir='ltr'>in</span> <span class='ocrx_word' id='word_1_84' title='bbox 306 1100 440 1159; x_wconf 90' lang='lat' dir='ltr'>plura</span> <span class='ocrx_word' id='word_1_85' title='bbox 473 1098 663 1144; x_wconf 83' lang='lat' dir='ltr'>flumina</span> <span class='ocrx_word' id='word_1_86' title='bbox 697 1097 967 1154; x_wconf 81' lang='lat' dir='ltr'>discretum,</span> <span class='ocrx_word' id='word_1_87' title='bbox 1010 1112 1034 1142; x_wconf 91' lang='lat' dir='ltr'>e</span> <span class='ocrx_word' id='word_1_88' title='bbox 1074 1096 1264 1142; x_wconf 78' lang='lat' dir='ltr'>desertiS</span> 
     </span>
     <span class='ocr_line' id='line_1_18' title="bbox 30 1174 1261 1234; baseline -0.003 -13"><span class='ocrx_word' id='word_1_89' title='bbox 30 1174 298 1234; x_wconf 84' lang='lat' dir='ltr'>regionibus</span> <span class='ocrx_word' id='word_1_90' title='bbox 322 1175 505 1221; x_wconf 73' lang='lat' dir='ltr'>deferri.</span> <span class='ocrx_word' id='word_1_91' title='bbox 536 1177 630 1221; x_wconf 90' lang='lat' dir='ltr'>Hoc</span> <span class='ocrx_word' id='word_1_92' title='bbox 653 1187 800 1221; x_wconf 89' lang='lat' dir='ltr'>autem</span> <span class='ocrx_word' id='word_1_93' title='bbox 825 1176 863 1219; x_wconf 92' lang='lat' dir='ltr'>si</span> <span class='ocrx_word' id='word_1_94' title='bbox 884 1174 1107 1234; x_wconf 85' lang='lat' dir='ltr'>Scymnus</span> <span class='ocrx_word' id='word_1_95' title='bbox 1129 1174 1261 1228; x_wconf 88' lang='lat' dir='ltr'>dixit,</span> 
     </span>
     <span class='ocr_line' id='line_1_19' title="bbox 31 1250 1262 1312; baseline -0.002 -16"><span class='ocrx_word' id='word_1_96' title='bbox 31 1263 234 1312; x_wconf 90' lang='lat' dir='ltr'>apertum</span> <span class='ocrx_word' id='word_1_97' title='bbox 254 1264 322 1299; x_wconf 90' lang='lat' dir='ltr'>est</span> <span class='ocrx_word' id='word_1_98' title='bbox 339 1255 473 1311; x_wconf 78' lang='lat' dir='ltr'>longe</span> <span class='ocrx_word' id='word_1_99' title='bbox 495 1254 628 1298; x_wconf 88' lang='lat' dir='ltr'>aliam</span> <span class='ocrx_word' id='word_1_100' title='bbox 647 1253 703 1297; x_wconf 90' lang='lat' dir='ltr'>de</span> <span class='ocrx_word' id='word_1_101' title='bbox 716 1251 822 1295; x_wconf 89' lang='lat' dir='ltr'>Istri</span> <span class='ocrx_word' id='word_1_102' title='bbox 843 1266 979 1294; x_wconf 89' lang='lat' dir='ltr'>cursu</span> <span class='ocrx_word' id='word_1_103' title='bbox 996 1250 1262 1294; x_wconf 89' lang='lat' dir='ltr'>sententiam</span> 
     </span>
     <span class='ocr_line' id='line_1_20' title="bbox 31 1327 1265 1389; baseline -0.002 -16"><span class='ocrx_word' id='word_1_104' title='bbox 31 1339 272 1388; x_wconf 89' lang='lat' dir='ltr'>sequutum</span> <span class='ocrx_word' id='word_1_105' title='bbox 308 1345 407 1374; x_wconf 91' lang='lat' dir='ltr'>esse</span> <span class='ocrx_word' id='word_1_106' title='bbox 444 1331 714 1389; x_wconf 82' lang='lat' dir='ltr'>scriptorem</span> <span class='ocrx_word' id='word_1_107' title='bbox 749 1327 1068 1384; x_wconf 69' lang='lat' dir='ltr'>Pei-iegeseos‚</span> <span class='ocrx_word' id='word_1_108' title='bbox 1101 1327 1182 1386; x_wconf 90' lang='lat' dir='ltr'>qui</span> <span class='ocrx_word' id='word_1_109' title='bbox 1221 1338 1265 1371; x_wconf 90' lang='lat' dir='ltr'>et</span> 
     </span>
     <span class='ocr_line' id='line_1_21' title="bbox 30 1400 1260 1463; baseline -0.002 -16"><span class='ocrx_word' id='word_1_110' title='bbox 30 1418 168 1448; x_wconf 88' lang='lat' dir='ltr'>versu</span> <span class='ocrx_word' id='word_1_111' title='bbox 187 1405 274 1456; x_wconf 79' lang='lat'>664</span> <span class='ocrx_word' id='word_1_112' title='bbox 298 1414 343 1447; x_wconf 88' lang='lat' dir='ltr'>et</span> <span class='ocrx_word' id='word_1_113' title='bbox 363 1414 418 1448; x_wconf 83' lang='lat' dir='ltr'>&#39;eo</span> <span class='ocrx_word' id='word_1_114' title='bbox 437 1405 538 1463; x_wconf 89' lang='lat' dir='ltr'>ipso</span> <span class='ocrx_word' id='word_1_115' title='bbox 552 1437 564 1459; x_wconf 91' lang='lat'>,</span> <span class='ocrx_word' id='word_1_116' title='bbox 586 1403 642 1447; x_wconf 91' lang='lat' dir='ltr'>de</span> <span class='ocrx_word' id='word_1_117' title='bbox 667 1418 760 1462; x_wconf 89' lang='lat' dir='ltr'>quo</span> <span class='ocrx_word' id='word_1_118' title='bbox 779 1401 1043 1451; x_wconf 88' lang='lat' dir='ltr'>Holstenius</span> <span class='ocrx_word' id='word_1_119' title='bbox 1059 1400 1260 1457; x_wconf 89' lang='lat' dir='ltr'>disserit,</span> 
     </span>
     <span class='ocr_line' id='line_1_22' title="bbox 29 1476 1265 1536; baseline 0 -14"><span class='ocrx_word' id='word_1_120' title='bbox 29 1476 131 1522; x_wconf 93' lang='lat' dir='ltr'>loco</span> <span class='ocrx_word' id='word_1_121' title='bbox 155 1477 263 1522; x_wconf 88' lang='lat' dir='ltr'>satis</span> <span class='ocrx_word' id='word_1_122' title='bbox 298 1477 514 1533; x_wconf 86' lang='lat' dir='ltr'>ostendit,</span> <span class='ocrx_word' id='word_1_123' title='bbox 549 1492 596 1522; x_wconf 91' lang='lat' dir='ltr'>se</span> <span class='ocrx_word' id='word_1_124' title='bbox 615 1477 804 1521; x_wconf 90' lang='lat' dir='ltr'>eandem</span> <span class='ocrx_word' id='word_1_125' title='bbox 828 1492 962 1536; x_wconf 89' lang='lat' dir='ltr'>quam</span> <span class='ocrx_word' id='word_1_126' title='bbox 989 1477 1265 1534; x_wconf 89' lang='lat' dir='ltr'>Apollonius</span> 
     </span>
     <span class='ocr_line' id='line_1_23' title="bbox 30 1550 1266 1611; baseline 0 -15"><span class='ocrx_word' id='word_1_127' title='bbox 30 1550 86 1596; x_wconf 86' lang='lat' dir='ltr'>de</span> <span class='ocrx_word' id='word_1_128' title='bbox 112 1551 311 1596; x_wconf 82' lang='lat' dir='ltr'>Istro-in</span> <span class='ocrx_word' id='word_1_129' title='bbox 339 1552 471 1611; x_wconf 92' lang='lat' dir='ltr'>plura</span> <span class='ocrx_word' id='word_1_130' title='bbox 501 1551 690 1596; x_wconf 90' lang='lat' dir='ltr'>flumina</span> <span class='ocrx_word' id='word_1_131' title='bbox 718 1551 870 1596; x_wconf 86' lang='lat' dir='ltr'>diviso</span> <span class='ocrx_word' id='word_1_132' title='bbox 893 1551 1162 1596; x_wconf 90' lang='lat' dir='ltr'>sententiam</span> <span class='ocrx_word' id='word_1_133' title='bbox 1192 1567 1266 1596; x_wconf 86' lang='lat' dir='ltr'>se.-</span> 
     </span>
     <span class='ocr_line' id='line_1_24' title="bbox 29 1626 1265 1686; baseline 0.001 -16"><span class='ocrx_word' id='word_1_134' title='bbox 29 1635 220 1685; x_wconf 85' lang='lat' dir='ltr'>quutum</span> <span class='ocrx_word' id='word_1_135' title='bbox 242 1641 366 1681; x_wconf 82' lang='lat' dir='ltr'>esse3</span> <span class='ocrx_word' id='word_1_136' title='bbox 390 1642 491 1686; x_wconf 84' lang='lat' dir='ltr'>quae</span> <span class='ocrx_word' id='word_1_137' title='bbox 525 1642 596 1671; x_wconf 91' lang='lat' dir='ltr'>res</span> <span class='ocrx_word' id='word_1_138' title='bbox 618 1626 755 1671; x_wconf 90' lang='lat' dir='ltr'>etiam</span> <span class='ocrx_word' id='word_1_139' title='bbox 791 1626 958 1671; x_wconf 78' lang='lat' dir='ltr'>clarius</span> <span class='ocrx_word' id='word_1_140' title='bbox 986 1626 1265 1684; x_wconf 86' lang='lat' dir='ltr'>intelligere—</span> 
     </span>
     <span class='ocr_line' id='line_1_25' title="bbox 29 1701 1263 1760; baseline 0 -14"><span class='ocrx_word' id='word_1_141' title='bbox 29 1704 120 1756; x_wconf 70' lang='lat' dir='ltr'>tur,</span> <span class='ocrx_word' id='word_1_142' title='bbox 165 1701 204 1746; x_wconf 92' lang='lat' dir='ltr'>si</span> <span class='ocrx_word' id='word_1_143' title='bbox 240 1701 417 1760; x_wconf 84' lang='lat' dir='ltr'>integer</span> <span class='ocrx_word' id='word_1_144' title='bbox 451 1702 699 1760; x_wconf 84' lang='lat' dir='ltr'>Periegetae</span> <span class='ocrx_word' id='word_1_145' title='bbox 737 1702 867 1747; x_wconf 91' lang='lat' dir='ltr'>locus</span> <span class='ocrx_word' id='word_1_146' title='bbox 901 1712 1107 1747; x_wconf 89' lang='lat' dir='ltr'>servatus</span> <span class='ocrx_word' id='word_1_147' title='bbox 1130 1712 1263 1757; x_wconf 89' lang='lat' dir='ltr'>esset,</span> 
     </span>
     <span class='ocr_line' id='line_1_26' title="bbox 30 1775 1265 1836; baseline 0.002 -17"><span class='ocrx_word' id='word_1_148' title='bbox 30 1775 109 1834; x_wconf 87' lang='lat' dir='ltr'>qui</span> <span class='ocrx_word' id='word_1_149' title='bbox 146 1791 238 1820; x_wconf 88' lang='lat' dir='ltr'>non</span> <span class='ocrx_word' id='word_1_150' title='bbox 272 1775 461 1821; x_wconf 89' lang='lat' dir='ltr'>dubium</span> <span class='ocrx_word' id='word_1_151' title='bbox 497 1787 565 1822; x_wconf 89' lang='lat' dir='ltr'>est</span> <span class='ocrx_word' id='word_1_152' title='bbox 601 1778 714 1836; x_wconf 86' lang='lat' dir='ltr'>quin</span> <span class='ocrx_word' id='word_1_153' title='bbox 751 1777 839 1821; x_wconf 92' lang='lat' dir='ltr'>hoc</span> <span class='ocrx_word' id='word_1_154' title='bbox 871 1777 1061 1832; x_wconf 84' lang='lat' dir='ltr'>dixerit,</span> <span class='ocrx_word' id='word_1_155' title='bbox 1100 1776 1265 1821; x_wconf 89' lang='lat' dir='ltr'>Istrum</span> 
     </span>
     <span class='ocr_line' id='line_1_27' title="bbox 30 1849 1264 1911; baseline 0.002 -17"><span class='ocrx_word' id='word_1_156' title='bbox 30 1849 235 1909; x_wconf 88' lang='lat' dir='ltr'>quinque</span> <span class='ocrx_word' id='word_1_157' title='bbox 267 1851 398 1896; x_wconf 89' lang='lat' dir='ltr'>ostiis</span> <span class='ocrx_word' id='word_1_158' title='bbox 436 1852 485 1896; x_wconf 92' lang='lat' dir='ltr'>in</span> <span class='ocrx_word' id='word_1_159' title='bbox 522 1851 740 1907; x_wconf 86' lang='lat' dir='ltr'>Pontum,</span> <span class='ocrx_word' id='word_1_160' title='bbox 781 1851 961 1896; x_wconf 89' lang='lat' dir='ltr'>duobus</span> <span class='ocrx_word' id='word_1_161' title='bbox 987 1861 1135 1896; x_wconf 90' lang='lat' dir='ltr'>autem</span> <span class='ocrx_word' id='word_1_162' title='bbox 1163 1867 1264 1911; x_wconf 90' lang='lat' dir='ltr'>par-</span> 
     </span>
     <span class='ocr_line' id='line_1_28' title="bbox 31 1924 1267 1986; baseline 0.002 -19"><span class='ocrx_word' id='word_1_163' title='bbox 31 1926 109 1967; x_wconf 88' lang='lat' dir='ltr'>tim</span> <span class='ocrx_word' id='word_1_164' title='bbox 133 1924 182 1968; x_wconf 90' lang='lat' dir='ltr'>in</span> <span class='ocrx_word' id='word_1_165' title='bbox 204 1924 487 1970; x_wconf 85' lang='lat' dir='ltr'>Adriaticum</span> <span class='ocrx_word' id='word_1_166' title='bbox 513 1927 681 1986; x_wconf 71' lang='lat' dir='ltr'>&#39;partim</span> <span class='ocrx_word' id='word_1_167' title='bbox 702 1927 752 1970; x_wconf 91' lang='lat' dir='ltr'>in</span> <span class='ocrx_word' id='word_1_168' title='bbox 783 1926 1118 1986; x_wconf 83' lang='lat' dir='ltr'>Tyrrhenicum</span> <span class='ocrx_word' id='word_1_169' title='bbox 1145 1941 1267 1970; x_wconf 88' lang='lat' dir='ltr'>mare</span> 
     </span>
     <span class='ocr_line' id='line_1_29' title="bbox 33 1998 1269 2062; baseline 0.002 -20"><span class='ocrx_word' id='word_1_170' title='bbox 33 1998 223 2044; x_wconf 83' lang='lat' dir='ltr'>effundi.</span> <span class='ocrx_word' id='word_1_171' title='bbox 245 1998 404 2059; x_wconf 89' lang='lat' dir='ltr'>Itaque</span> <span class='ocrx_word' id='word_1_172' title='bbox 430 2017 523 2044; x_wconf 92' lang='lat' dir='ltr'>non</span> <span class='ocrx_word' id='word_1_173' title='bbox 544 2011 715 2046; x_wconf 88' lang='lat' dir='ltr'>tantum</span> <span class='ocrx_word' id='word_1_174' title='bbox 739 2002 860 2045; x_wconf 89' lang='lat' dir='ltr'>inter</span> <span class='ocrx_word' id='word_1_175' title='bbox 882 2000 976 2061; x_wconf 80' lang='grc' dir='ltr'>περὶ</span> <span class='ocrx_word' id='word_1_176' title='bbox 1000 2012 1043 2045; x_wconf 91' lang='lat' dir='ltr'>et</span> <span class='ocrx_word' id='word_1_177' title='bbox 1067 2000 1269 2062; x_wconf 83' lang='grc' dir='ltr'>σχιζόμε-</span> 
     </span>
     <span class='ocr_line' id='line_1_30' title="bbox 30 2073 1268 2136; baseline 0.002 -19"><span class='ocrx_word' id='word_1_178' title='bbox 30 2090 94 2123; x_wconf 83' lang='grc' dir='ltr'>νος</span> <span class='ocrx_word' id='word_1_179' title='bbox 119 2073 197 2117; x_wconf 90' lang='lat' dir='ltr'>sed</span> <span class='ocrx_word' id='word_1_180' title='bbox 213 2074 349 2119; x_wconf 81' lang='lat' dir='ltr'>etiam</span> <span class='ocrx_word' id='word_1_181' title='bbox 372 2075 492 2120; x_wconf 85' lang='lat' dir='ltr'>inter</span> <span class='ocrx_word' id='word_1_182' title='bbox 516 2075 753 2136; x_wconf 77' lang='grc' dir='ltr'>σχιζόμενος</span> <span class='ocrx_word' id='word_1_183' title='bbox 773 2086 817 2120; x_wconf 89' lang='lat' dir='ltr'>et</span> <span class='ocrx_word' id='word_1_184' title='bbox 838 2075 909 2119; x_wconf 79' lang='grc' dir='ltr'>καὶ</span> <span class='ocrx_word' id='word_1_185' title='bbox 933 2077 989 2126; x_wconf 87' lang='grc' dir='ltr'>εἷς</span> <span class='ocrx_word' id='word_1_186' title='bbox 1012 2075 1173 2136; x_wconf 79' lang='grc' dir='ltr'>Ἀδρίαν</span> <span class='ocrx_word' id='word_1_187' title='bbox 1189 2075 1268 2119; x_wconf 88' lang='lat' dir='ltr'>ali·</span> 
     </span>
     <span class='ocr_line' id='line_1_31' title="bbox 0 2147 1266 2210; baseline 0.001 -16"><span class='ocrx_word' id='word_1_188' title='bbox 0 2191 1 2194; x_wconf 65' lang='lat'>,</span> <span class='ocrx_word' id='word_1_189' title='bbox 30 2149 141 2208; x_wconf 92' lang='lat' dir='ltr'>quid</span> <span class='ocrx_word' id='word_1_190' title='bbox 162 2149 379 2194; x_wconf 87' lang='lat' dir='ltr'>omissum</span> <span class='ocrx_word' id='word_1_191' title='bbox 394 2166 490 2195; x_wconf 87' lang='lat' dir='ltr'>esse</span> <span class='ocrx_word' id='word_1_192' title='bbox 504 2151 717 2196; x_wconf 84' lang='lat' dir='ltr'>arbitror.</span> <span class='ocrx_word' id='word_1_193' title='bbox 735 2147 816 2195; x_wconf 77' lang='lat' dir='ltr'>ffls</span> <span class='ocrx_word' id='word_1_194' title='bbox 836 2151 1088 2210; x_wconf 85' lang='lat' dir='ltr'>profligatis</span> <span class='ocrx_word' id='word_1_195' title='bbox 1109 2166 1266 2210; x_wconf 88' lang='lat' dir='ltr'>super·</span> 
     </span>
     <span class='ocr_line' id='line_1_32' title="bbox 29 2225 1265 2285; baseline 0.001 -18"><span class='ocrx_word' id='word_1_196' title='bbox 29 2229 275 2268; x_wconf 74' lang='lat' dir='ltr'>vacaneum</span> <span class='ocrx_word' id='word_1_197' title='bbox 303 2240 401 2269; x_wconf 86' lang='lat' dir='ltr'>esse</span> <span class='ocrx_word' id='word_1_198' title='bbox 434 2236 546 2285; x_wconf 88' lang='lat' dir='ltr'>puto</span> <span class='ocrx_word' id='word_1_199' title='bbox 566 2227 773 2281; x_wconf 88' lang='lat' dir='ltr'>alteram,</span> <span class='ocrx_word' id='word_1_200' title='bbox 797 2241 931 2284; x_wconf 90' lang='lat' dir='ltr'>quam</span> <span class='ocrx_word' id='word_1_201' title='bbox 958 2226 1013 2269; x_wconf 92' lang='lat' dir='ltr'>de</span> <span class='ocrx_word' id='word_1_202' title='bbox 1040 2225 1265 2270; x_wconf 89' lang='lat' dir='ltr'>librorum</span> 
     </span>
     <span class='ocr_line' id='line_1_33' title="bbox 31 2299 1267 2354; baseline 0.001 -12"><span class='ocrx_word' id='word_1_203' title='bbox 31 2313 221 2342; x_wconf 89' lang='lat' dir='ltr'>numero</span> <span class='ocrx_word' id='word_1_204' title='bbox 246 2300 390 2343; x_wconf 90' lang='lat' dir='ltr'>movit</span> <span class='ocrx_word' id='word_1_205' title='bbox 411 2299 691 2354; x_wconf 90' lang='lat' dir='ltr'>Holstenius,</span> <span class='ocrx_word' id='word_1_206' title='bbox 717 2299 1049 2343; x_wconf 85' lang='lat' dir='ltr'>dubitationem</span> <span class='ocrx_word' id='word_1_207' title='bbox 1069 2300 1267 2343; x_wconf 87' lang='lat' dir='ltr'>refutare</span> 
     </span>
     <span class='ocr_line' id='line_1_34' title="bbox 32 2373 1264 2432; baseline 0 -16"><span class='ocrx_word' id='word_1_208' title='bbox 32 2373 277 2432; x_wconf 85' lang='lat' dir='ltr'>copiosius.</span> <span class='ocrx_word' id='word_1_209' title='bbox 303 2374 368 2416; x_wconf 94' lang='lat' dir='ltr'>Ac</span> <span class='ocrx_word' id='word_1_210' title='bbox 393 2373 665 2431; x_wconf 67' lang='lat' dir='ltr'>conjecturae</span> <span class='ocrx_word' id='word_1_211' title='bbox 696 2373 787 2416; x_wconf 87' lang='lat' dir='ltr'>viri</span> <span class='ocrx_word' id='word_1_212' title='bbox 812 2374 1065 2418; x_wconf 88' lang='lat' dir='ltr'>doctissimi</span> <span class='ocrx_word' id='word_1_213' title='bbox 1086 2389 1177 2417; x_wconf 91' lang='lat' dir='ltr'>non</span> <span class='ocrx_word' id='word_1_214' title='bbox 1203 2374 1264 2417; x_wconf 85' lang='lat' dir='ltr'>fa-</span> 
     </span>
     <span class='ocr_line' id='line_1_35' title="bbox 32 2446 1267 2507; baseline 0.001 -17"><span class='ocrx_word' id='word_1_215' title='bbox 32 2461 141 2490; x_wconf 91' lang='lat' dir='ltr'>vere</span> <span class='ocrx_word' id='word_1_216' title='bbox 160 2446 450 2490; x_wconf 89' lang='lat' dir='ltr'>scholiastam</span> <span class='ocrx_word' id='word_1_217' title='bbox 469 2446 729 2490; x_wconf 86' lang='lat' dir='ltr'>Parisinum</span> <span class='ocrx_word' id='word_1_218' title='bbox 748 2481 759 2500; x_wconf 91' lang='lat'>,</span> <span class='ocrx_word' id='word_1_219' title='bbox 783 2447 863 2505; x_wconf 89' lang='lat' dir='ltr'>qui</span> <span class='ocrx_word' id='word_1_220' title='bbox 886 2447 982 2491; x_wconf 84' lang='lat' dir='ltr'>haec</span> <span class='ocrx_word' id='word_1_221' title='bbox 1005 2448 1067 2501; x_wconf 87' lang='lat' dir='ltr'>ita</span> <span class='ocrx_word' id='word_1_222' title='bbox 1099 2448 1267 2507; x_wconf 89' lang='lat' dir='ltr'>scripta</span> 
     </span>
     <span class='ocr_line' id='line_1_36' title="bbox 32 2519 1265 2581; baseline 0 -15"><span class='ocrx_word' id='word_1_223' title='bbox 32 2521 231 2581; x_wconf 80' lang='lat' dir='ltr'>profert,</span> <span class='ocrx_word' id='word_1_224' title='bbox 258 2521 298 2565; x_wconf 82' lang='grc' dir='ltr'>ἐν</span> <span class='ocrx_word' id='word_1_225' title='bbox 332 2523 383 2581; x_wconf 78' lang='grc' dir='ltr'>τῇ</span> <span class='ocrx_word' id='word_1_226' title='bbox 409 2519 463 2571; x_wconf 75' lang='grc' dir='ltr'>ις’</span> <span class='ocrx_word' id='word_1_227' title='bbox 485 2522 563 2563; x_wconf 82' lang='grc' dir='ltr'>τῶν</span> <span class='ocrx_word' id='word_1_228' title='bbox 588 2521 681 2580; x_wconf 82' lang='grc' dir='ltr'>περὶ</span> <span class='ocrx_word' id='word_1_229' title='bbox 710 2521 935 2580; x_wconf 80' lang='grc' dir='ltr'>Εὐρώπης,</span> <span class='ocrx_word' id='word_1_230' title='bbox 957 2521 1051 2580; x_wconf 81' lang='lat' dir='ltr'>J&#39;am</span> <span class='ocrx_word' id='word_1_231' title='bbox 1070 2537 1096 2565; x_wconf 88' lang='lat' dir='ltr'>a</span> <span class='ocrx_word' id='word_1_232' title='bbox 1119 2522 1265 2566; x_wconf 82' lang='lat' dir='ltr'>Schae-</span> 
     </span>
     <span class='ocr_line' id='line_1_37' title="bbox 33 2594 1268 2653; baseline 0.002 -13"><span class='ocrx_word' id='word_1_233' title='bbox 33 2596 130 2650; x_wconf 84' lang='lat' dir='ltr'>sero</span> <span class='ocrx_word' id='word_1_234' title='bbox 165 2596 388 2640; x_wconf 87' lang='lat' dir='ltr'>monitum</span> <span class='ocrx_word' id='word_1_235' title='bbox 421 2595 570 2642; x_wconf 88' lang='lat' dir='ltr'>video.</span> <span class='ocrx_word' id='word_1_236' title='bbox 607 2594 708 2640; x_wconf 89' lang='lat' dir='ltr'>Non</span> <span class='ocrx_word' id='word_1_237' title='bbox 738 2595 1002 2653; x_wconf 86' lang='lat' dir='ltr'>negaverim</span> <span class='ocrx_word' id='word_1_238' title='bbox 1034 2605 1185 2642; x_wconf 82' lang='lat' dir='ltr'>tamen</span> <span class='ocrx_word' id='word_1_239' title='bbox 1217 2597 1268 2642; x_wconf 88' lang='lat' dir='ltr'>in</span> 
     </span>
     <span class='ocr_line' id='line_1_38' title="bbox 36 2670 1269 2732; baseline 0.001 -17"><span class='ocrx_word' id='word_1_240' title='bbox 36 2685 226 2715; x_wconf 89' lang='lat' dir='ltr'>numero</span> <span class='ocrx_word' id='word_1_241' title='bbox 251 2680 449 2717; x_wconf 88' lang='lat' dir='ltr'>erratum</span> <span class='ocrx_word' id='word_1_242' title='bbox 471 2684 568 2713; x_wconf 90' lang='lat' dir='ltr'>esse</span> <span class='ocrx_word' id='word_1_243' title='bbox 594 2687 603 2712; x_wconf 73' lang='grc' dir='ltr'><strong><em>ε</em></strong></span> <span class='ocrx_word' id='word_1_244' title='bbox 631 2670 735 2728; x_wconf 88' lang='lat' dir='ltr'>quis</span> <span class='ocrx_word' id='word_1_245' title='bbox 758 2670 880 2714; x_wconf 90' lang='lat' dir='ltr'>enim</span> <span class='ocrx_word' id='word_1_246' title='bbox 904 2671 1025 2715; x_wconf 88' lang='lat' dir='ltr'>serio</span> <span class='ocrx_word' id='word_1_247' title='bbox 1049 2671 1138 2716; x_wconf 92' lang='lat' dir='ltr'>sibi</span> <span class='ocrx_word' id='word_1_248' title='bbox 1161 2687 1269 2732; x_wconf 85' lang='lat' dir='ltr'>per-</span> 
     </span>
     <span class='ocr_line' id='line_1_39' title="bbox 37 2744 1268 2805; baseline 0 -15"><span class='ocrx_word' id='word_1_249' title='bbox 37 2745 245 2803; x_wconf 87' lang='lat' dir='ltr'>suadeat,</span> <span class='ocrx_word' id='word_1_250' title='bbox 278 2744 425 2789; x_wconf 89' lang='lat' dir='ltr'>ullum</span> <span class='ocrx_word' id='word_1_251' title='bbox 461 2759 662 2801; x_wconf 88' lang='lat' dir='ltr'>unquam</span> <span class='ocrx_word' id='word_1_252' title='bbox 688 2754 891 2788; x_wconf 87' lang='lat' dir='ltr'>veterum</span> <span class='ocrx_word' id='word_1_253' title='bbox 931 2745 1268 2805; x_wconf 85' lang='lat' dir='ltr'>chorographo-</span> 
     </span>
     <span class='ocr_line' id='line_1_40' title="bbox 37 2820 1270 2881; baseline 0.003 -17"><span class='ocrx_word' id='word_1_254' title='bbox 37 2836 135 2865; x_wconf 89' lang='lat' dir='ltr'>rum</span> <span class='ocrx_word' id='word_1_255' title='bbox 151 2854 164 2876; x_wconf 87' lang='lat'>‚</span> <span class='ocrx_word' id='word_1_256' title='bbox 185 2820 353 2865; x_wconf 90' lang='lat' dir='ltr'>nedum</span> <span class='ocrx_word' id='word_1_257' title='bbox 388 2820 572 2864; x_wconf 90' lang='lat' dir='ltr'>obscuri</span> <span class='ocrx_word' id='word_1_258' title='bbox 607 2820 807 2865; x_wconf 90' lang='lat' dir='ltr'>nominis</span> <span class='ocrx_word' id='word_1_259' title='bbox 831 2822 1100 2881; x_wconf 88' lang='lat' dir='ltr'>scriptorem</span> <span class='ocrx_word' id='word_1_260' title='bbox 1125 2834 1168 2867; x_wconf 88' lang='lat' dir='ltr'>et</span> <span class='ocrx_word' id='word_1_261' title='bbox 1189 2840 1270 2868; x_wconf 88' lang='lat' dir='ltr'>ra-</span> 
     </span>
     <span class='ocr_line' id='line_1_41' title="bbox 38 2889 1272 2955; baseline 0.002 -15"><span class='ocrx_word' id='word_1_262' title='bbox 38 2895 215 2940; x_wconf 90' lang='lat' dir='ltr'>rissime</span> <span class='ocrx_word' id='word_1_263' title='bbox 253 2910 280 2938; x_wconf 90' lang='lat' dir='ltr'>a</span> <span class='ocrx_word' id='word_1_264' title='bbox 308 2889 547 2955; x_wconf 86' lang='lat' dir='ltr'>Stephano</span> <span class='ocrx_word' id='word_1_265' title='bbox 568 2894 623 2938; x_wconf 92' lang='lat' dir='ltr'>ad</span> <span class='ocrx_word' id='word_1_266' title='bbox 647 2905 796 2955; x_wconf 91' lang='lat' dir='ltr'>partes</span> <span class='ocrx_word' id='word_1_267' title='bbox 819 2906 1051 2952; x_wconf 87' lang='lat' dir='ltr'>vocatum,</span> <span class='ocrx_word' id='word_1_268' title='bbox 1094 2899 1149 2942; x_wconf 91' lang='lat' dir='ltr'>de</span> <span class='ocrx_word' id='word_1_269' title='bbox 1175 2899 1272 2943; x_wconf 89' lang='lat' dir='ltr'>sola</span> 
     </span>
     <span class='ocr_line' id='line_1_42' title="bbox 38 2968 1271 3031; baseline 0.003 -18"><span class='ocrx_word' id='word_1_270' title='bbox 38 2968 219 3030; x_wconf 86' lang='lat' dir='ltr'>Europa</span> <span class='ocrx_word' id='word_1_271' title='bbox 251 2969 446 3014; x_wconf 90' lang='lat' dir='ltr'>sedecim</span> <span class='ocrx_word' id='word_1_272' title='bbox 480 2968 626 3014; x_wconf 91' lang='lat' dir='ltr'>libros</span> <span class='ocrx_word' id='word_1_273' title='bbox 659 2969 947 3015; x_wconf 83' lang='lat' dir='ltr'>condidisse?</span> <span class='ocrx_word' id='word_1_274' title='bbox 982 2971 1140 3031; x_wconf 92' lang='lat' dir='ltr'>ltaque</span> <span class='ocrx_word' id='word_1_275' title='bbox 1179 2989 1271 3017; x_wconf 92' lang='lat' dir='ltr'>non</span> 
     </span>
     <span class='ocr_line' id='line_1_43' title="bbox 0 3044 1271 3105; baseline 0.002 -16"><span class='ocrx_word' id='word_1_276' title='bbox 0 3071 1 3089; x_wconf 47' lang='lat'>³</span> <span class='ocrx_word' id='word_1_277' title='bbox 38 3046 340 3105; x_wconf 82' lang='lat' dir='ltr'>vituperarem</span> <span class='ocrx_word' id='word_1_278' title='bbox 351 3044 561 3104; x_wconf 88' lang='lat' dir='ltr'>equidem</span> <span class='ocrx_word' id='word_1_279' title='bbox 570 3079 582 3100; x_wconf 93' lang='lat'>,</span> <span class='ocrx_word' id='word_1_280' title='bbox 594 3045 633 3089; x_wconf 91' lang='lat' dir='ltr'>si</span> <span class='ocrx_word' id='word_1_281' title='bbox 645 3045 749 3104; x_wconf 91' lang='lat' dir='ltr'>quis</span> <span class='ocrx_word' id='word_1_282' title='bbox 760 3060 852 3089; x_wconf 89' lang='lat' dir='ltr'>non</span> <span class='ocrx_word' id='word_1_283' title='bbox 862 3045 1085 3091; x_wconf 89' lang='lat' dir='ltr'>decimum</span> <span class='ocrx_word' id='word_1_284' title='bbox 1097 3058 1271 3092; x_wconf 91' lang='lat' dir='ltr'>sextum</span> 
     </span>
     <span class='ocr_line' id='line_1_44' title="bbox 42 3119 1274 3183; baseline 0.002 -19"><span class='ocrx_word' id='word_1_285' title='bbox 42 3119 226 3180; x_wconf 88' lang='lat' dir='ltr'>Scymni</span> <span class='ocrx_word' id='word_1_286' title='bbox 247 3121 435 3176; x_wconf 90' lang='lat' dir='ltr'>librum,</span> <span class='ocrx_word' id='word_1_287' title='bbox 455 3120 533 3165; x_wconf 91' lang='lat' dir='ltr'>sed</span> <span class='ocrx_word' id='word_1_288' title='bbox 552 3130 726 3165; x_wconf 89' lang='lat' dir='ltr'>sextum</span> <span class='ocrx_word' id='word_1_289' title='bbox 746 3122 816 3180; x_wconf 80' lang='grc' dir='ltr'>(ἐν</span> <span class='ocrx_word' id='word_1_290' title='bbox 832 3124 882 3181; x_wconf 77' lang='grc' dir='ltr'>τῇ</span> <span class='ocrx_word' id='word_1_291' title='bbox 900 3120 939 3172; x_wconf 80' lang='grc' dir='ltr'>ς’</span> <span class='ocrx_word' id='word_1_292' title='bbox 963 3124 1041 3166; x_wconf 85' lang='grc' dir='ltr'>τῶν</span> <span class='ocrx_word' id='word_1_293' title='bbox 1061 3121 1155 3183; x_wconf 84' lang='grc' dir='ltr'>περὶ</span> <span class='ocrx_word' id='word_1_294' title='bbox 1180 3125 1274 3168; x_wconf 76' lang='grc' dir='ltr'>1Ξῦ-</span> 
     </span>
     <span class='ocr_line' id='line_1_45' title="bbox 42 3191 1273 3254; baseline 0.002 -17"><span class='ocrx_word' id='word_1_295' title='bbox 42 3191 201 3254; x_wconf 79' lang='grc' dir='ltr'>ρώπης)</span> <span class='ocrx_word' id='word_1_296' title='bbox 219 3210 245 3238; x_wconf 93' lang='lat' dir='ltr'>a</span> <span class='ocrx_word' id='word_1_297' title='bbox 264 3194 508 3241; x_wconf 83' lang='lat' dir='ltr'>scholiasta</span> <span class='ocrx_word' id='word_1_298' title='bbox 524 3206 927 3241; x_wconf 87' lang='lat' dir='ltr'>commemoratum</span> <span class='ocrx_word' id='word_1_299' title='bbox 944 3196 1239 3242; x_wconf 89' lang='lat' dir='ltr'>existimaret.</span> <span class='ocrx_word' id='word_1_300' title='bbox 1254 3218 1273 3239; x_wconf 66' lang='lat' dir='ltr'>n</span> 
     </span>
     <span class='ocr_line' id='line_1_46' title="bbox 103 3270 1274 3333; baseline 0.006 -20"><span class='ocrx_word' id='word_1_301' title='bbox 103 3270 185 3315; x_wconf 88' lang='lat' dir='ltr'>His</span> <span class='ocrx_word' id='word_1_302' title='bbox 220 3272 361 3330; x_wconf 87' lang='lat' dir='ltr'>igitur</span> <span class='ocrx_word' id='word_1_303' title='bbox 417 3274 548 3318; x_wconf 89' lang='lat' dir='ltr'>istam</span> <span class='ocrx_word' id='word_1_304' title='bbox 603 3274 659 3318; x_wconf 90' lang='lat' dir='ltr'>de</span> <span class='ocrx_word' id='word_1_305' title='bbox 716 3273 916 3333; x_wconf 91' lang='lat' dir='ltr'>Scymno</span> <span class='ocrx_word' id='word_1_306' title='bbox 961 3273 1077 3318; x_wconf 89' lang='lat' dir='ltr'>Chio</span> <span class='ocrx_word' id='word_1_307' title='bbox 1130 3276 1274 3321; x_wconf 87' lang='lat' dir='ltr'>nostri</span> 
     </span>
     <span class='ocr_line' id='line_1_47' title="bbox 42 3347 1276 3410; baseline 0.006 -21"><span class='ocrx_word' id='word_1_308' title='bbox 42 3347 265 3406; x_wconf 88' lang='lat' dir='ltr'>poematis</span> <span class='ocrx_word' id='word_1_309' title='bbox 318 3360 502 3394; x_wconf 83' lang='lat' dir='ltr'>auctore</span> <span class='ocrx_word' id='word_1_310' title='bbox 545 3350 843 3409; x_wconf 83' lang='lat' dir='ltr'>quaestionem</span> <span class='ocrx_word' id='word_1_311' title='bbox 892 3350 1002 3394; x_wconf 90' lang='lat' dir='ltr'>satis</span> <span class='ocrx_word' id='word_1_312' title='bbox 1049 3366 1276 3410; x_wconf 89' lang='lat' dir='ltr'>superque</span> 
     </span>
     <span class='ocr_line' id='line_1_48' title="bbox 42 3421 1272 3487; baseline 0.006 -22"><span class='ocrx_word' id='word_1_313' title='bbox 42 3421 295 3468; x_wconf 86' lang='lat' dir='ltr'>Meinekius</span> <span class='ocrx_word' id='word_1_314' title='bbox 318 3427 596 3484; x_wconf 84' lang='lat' dir='ltr'>profligavit.</span> <span class='ocrx_word' id='word_1_315' title='bbox 618 3426 787 3471; x_wconf 90' lang='lat' dir='ltr'>Verum</span> <span class='ocrx_word' id='word_1_316' title='bbox 817 3427 1054 3487; x_wconf 90' lang='lat' dir='ltr'>scriptoris</span> <span class='ocrx_word' id='word_1_317' title='bbox 1085 3443 1272 3483; x_wconf 90' lang='lat' dir='ltr'>nomen,</span> 
     </span>
     <span class='ocr_line' id='line_1_49' title="bbox 45 3497 1275 3560; baseline 0.007 -19"><span class='ocrx_word' id='word_1_318' title='bbox 45 3497 152 3542; x_wconf 92' lang='lat' dir='ltr'>dum</span> <span class='ocrx_word' id='word_1_319' title='bbox 180 3499 347 3543; x_wconf 88' lang='lat' dir='ltr'>certior</span> <span class='ocrx_word' id='word_1_320' title='bbox 364 3500 443 3545; x_wconf 86' lang='lat' dir='ltr'>lux</span> <span class='ocrx_word' id='word_1_321' title='bbox 461 3502 672 3548; x_wconf 86' lang='lat' dir='ltr'>alicunde</span> <span class='ocrx_word' id='word_1_322' title='bbox 688 3503 936 3560; x_wconf 89' lang='lat' dir='ltr'>affulserit,</span> <span class='ocrx_word' id='word_1_323' title='bbox 959 3504 1006 3548; x_wconf 91' lang='lat' dir='ltr'>in</span> <span class='ocrx_word' id='word_1_324' title='bbox 1027 3504 1176 3548; x_wconf 87' lang='lat' dir='ltr'>medio</span> <span class='ocrx_word' id='word_1_325' title='bbox 1200 3521 1275 3549; x_wconf 88' lang='lat' dir='ltr'>re-</span> 
     </span>
     <span class='ocr_line' id='line_1_50' title="bbox 46 3574 316 3634; baseline 0.011 -16"><span class='ocrx_word' id='word_1_326' title='bbox 46 3574 316 3634; x_wconf 85' lang='lat' dir='ltr'>linquimus.</span> 
     </span>
     <span class='ocr_line' id='line_1_51' title="bbox 114 3640 1278 3716; baseline 0.007 -24"><span class='ocrx_word' id='word_1_327' title='bbox 114 3666 131 3692; x_wconf 94' lang='lat'>1</span> <span class='ocrx_word' id='word_1_328' title='bbox 145 3666 164 3693; x_wconf 92' lang='lat'>1</span> <span class='ocrx_word' id='word_1_329' title='bbox 177 3666 193 3692; x_wconf 87' lang='lat'>1</span> <span class='ocrx_word' id='word_1_330' title='bbox 206 3683 217 3694; x_wconf 96' lang='lat'>.</span> <span class='ocrx_word' id='word_1_331' title='bbox 235 3649 302 3693; x_wconf 75' lang='lat' dir='ltr'>Dr.</span> <span class='ocrx_word' id='word_1_332' title='bbox 322 3666 466 3695; x_wconf 67' lang='lat' dir='ltr'>saura</span> <span class='ocrx_word' id='word_1_333' title='bbox 487 3640 753 3701; x_wconf 67' lang='lat' dir='ltr'>scnmonis.</span> <span class='ocrx_word' id='word_1_334' title='bbox 769 3655 824 3700; x_wconf 90' lang='lat' dir='ltr'>ln</span> <span class='ocrx_word' id='word_1_335' title='bbox 841 3656 1106 3716; x_wconf 82' lang='lat' dir='ltr'>praefatione</span> <span class='ocrx_word' id='word_1_336' title='bbox 1123 3665 1278 3701; x_wconf 89' lang='lat' dir='ltr'>auctor</span> 
     </span>
     <span class='ocr_line' id='line_1_52' title="bbox 46 3723 1275 3792; baseline 0.007 -23"><span class='ocrx_word' id='word_1_337' title='bbox 46 3723 338 3770; x_wconf 87' lang='lat' dir='ltr'>Nicomedem</span> <span class='ocrx_word' id='word_1_338' title='bbox 355 3741 524 3785; x_wconf 84' lang='lat' dir='ltr'>regem,</span> <span class='ocrx_word' id='word_1_339' title='bbox 538 3730 611 3773; x_wconf 90' lang='lat' dir='ltr'>cui</span> <span class='ocrx_word' id='word_1_340' title='bbox 626 3746 740 3792; x_wconf 90' lang='lat' dir='ltr'>opus</span> <span class='ocrx_word' id='word_1_341' title='bbox 754 3732 1005 3789; x_wconf 83' lang='lat' dir='ltr'>dedicatur,</span> <span class='ocrx_word' id='word_1_342' title='bbox 1021 3733 1275 3792; x_wconf 89' lang='lat' dir='ltr'>alloquens,</span> 
     </span>
    </p>
   </div>
   <div class='ocr_carea' id='block_1_4' title="bbox 979 167 1640 236">
    <p class='ocr_par' dir='ltr' id='par_1_4' title="bbox 979 167 1640 236">
     <span class='ocr_line' id='line_1_53' title="bbox 979 167 1640 236; baseline 0 -24"><span class='ocrx_word' id='word_1_343' title='bbox 979 168 1055 212; x_wconf 87' lang='lat' dir='ltr'>DE</span> <span class='ocrx_word' id='word_1_344' title='bbox 1090 167 1393 236; x_wconf 83' lang='lat' dir='ltr'>ANONYMO</span> <span class='ocrx_word' id='word_1_345' title='bbox 1431 170 1640 215; x_wconf 84' lang='lat' dir='ltr'>POETA.</span> 
     </span>
    </p>
   </div>
   <div class='ocr_carea' id='block_1_5' title="bbox 1330 203 2623 3784">
    <p class='ocr_par' dir='ltr' id='par_1_5' title="bbox 1333 203 2565 1308">
     <span class='ocr_line' id='line_1_54' title="bbox 2392 203 2548 239; baseline 0.051 -8"><span class='ocrx_word' id='word_1_346' title='bbox 2392 203 2548 239; x_wconf 75' lang='lat' dir='ltr'>Lxxvn</span> 
     </span>
     <span class='ocr_line' id='line_1_55' title="bbox 1333 271 2553 336; baseline 0.015 -22"><span class='ocrx_word' id='word_1_347' title='bbox 1333 271 1462 327; x_wconf 82' lang='lat' dir='ltr'>genis</span> <span class='ocrx_word' id='word_1_348' title='bbox 1489 272 1630 316; x_wconf 89' lang='lat' dir='ltr'>Stoici</span> <span class='ocrx_word' id='word_1_349' title='bbox 1660 282 1705 316; x_wconf 88' lang='lat' dir='ltr'>et</span> <span class='ocrx_word' id='word_1_350' title='bbox 1735 273 1984 317; x_wconf 86' lang='lat' dir='ltr'>Aristarchi</span> <span class='ocrx_word' id='word_1_351' title='bbox 2014 276 2261 336; x_wconf 88' lang='lat' dir='ltr'>discipulus</span> <span class='ocrx_word' id='word_1_352' title='bbox 2291 284 2429 329; x_wconf 89' lang='lat' dir='ltr'>simili</span> <span class='ocrx_word' id='word_1_353' title='bbox 2460 305 2553 333; x_wconf 85' lang='lat' dir='ltr'>mo-</span> 
     </span>
     <span class='ocr_line' id='line_1_56' title="bbox 1334 345 2557 417; baseline 0.013 -28"><span class='ocrx_word' id='word_1_354' title='bbox 1334 345 1394 388; x_wconf 87' lang='lat' dir='ltr'>do</span> <span class='ocrx_word' id='word_1_355' title='bbox 1432 346 1673 392; x_wconf 88' lang='lat' dir='ltr'>historiam</span> <span class='ocrx_word' id='word_1_356' title='bbox 1726 363 1948 393; x_wconf 89' lang='lat' dir='ltr'>annorum</span> <span class='ocrx_word' id='word_1_357' title='bbox 2005 351 2129 394; x_wconf 92' lang='lat' dir='ltr'>mille</span> <span class='ocrx_word' id='word_1_358' title='bbox 2168 363 2211 395; x_wconf 89' lang='lat' dir='ltr'>et</span> <span class='ocrx_word' id='word_1_359' title='bbox 2265 359 2557 417; x_wconf 84' lang='lat' dir='ltr'>quadraginta</span> 
     </span>
     <span class='ocr_line' id='line_1_57' title="bbox 1335 420 2557 489; baseline 0.013 -27"><span class='ocrx_word' id='word_1_360' title='bbox 1335 420 1586 476; x_wconf 77' lang='lat'>(1184-145</span> <span class='ocrx_word' id='word_1_361' title='bbox 1614 436 1654 464; x_wconf 90' lang='lat' dir='ltr'>a.</span> <span class='ocrx_word' id='word_1_362' title='bbox 1678 421 1763 480; x_wconf 88' lang='lat' dir='ltr'>C.)‚</span> <span class='ocrx_word' id='word_1_363' title='bbox 1787 422 1894 467; x_wconf 91' lang='lat' dir='ltr'>inde</span> <span class='ocrx_word' id='word_1_364' title='bbox 1914 438 1940 466; x_wconf 89' lang='lat' dir='ltr'>a</span> <span class='ocrx_word' id='word_1_365' title='bbox 1956 422 2108 482; x_wconf 88' lang='lat' dir='ltr'>Trojae</span> <span class='ocrx_word' id='word_1_366' title='bbox 2138 426 2315 470; x_wconf 86' lang='lat' dir='ltr'>excidio</span> <span class='ocrx_word' id='word_1_367' title='bbox 2338 446 2477 489; x_wconf 91' lang='lat' dir='ltr'>usque</span> <span class='ocrx_word' id='word_1_368' title='bbox 2503 438 2557 481; x_wconf 87' lang='lat' dir='ltr'>ad</span> 
     </span>
     <span class='ocr_line' id='line_1_58' title="bbox 1333 496 2558 561; baseline 0.007 -24"><span class='ocrx_word' id='word_1_369' title='bbox 1333 504 1604 551; x_wconf 81' lang='lat' dir='ltr'>praesentem</span> <span class='ocrx_word' id='word_1_370' title='bbox 1629 505 1802 540; x_wconf 88' lang='lat' dir='ltr'>aetatem</span> <span class='ocrx_word' id='word_1_371' title='bbox 1838 496 1853 555; x_wconf 91' lang='lat'>(</span> <span class='ocrx_word' id='word_1_372' title='bbox 1874 496 1971 557; x_wconf 74' lang='grc' dir='ltr'>ἄχρι</span> <span class='ocrx_word' id='word_1_373' title='bbox 2001 500 2069 541; x_wconf 80' lang='grc' dir='ltr'>τοῦ</span> <span class='ocrx_word' id='word_1_374' title='bbox 2093 500 2160 540; x_wconf 80' lang='grc' dir='ltr'>νῦν</span> <span class='ocrx_word' id='word_1_375' title='bbox 2189 497 2274 557; x_wconf 85' lang='grc' dir='ltr'>βίου</span> <span class='ocrx_word' id='word_1_376' title='bbox 2295 515 2360 545; x_wconf 89' lang='lat' dir='ltr'>vs.</span> <span class='ocrx_word' id='word_1_377' title='bbox 2383 506 2437 546; x_wconf 82' lang='lat'>23</span> <span class='ocrx_word' id='word_1_378' title='bbox 2457 510 2486 561; x_wconf 84' lang='lat'>),</span> <span class='ocrx_word' id='word_1_379' title='bbox 2512 510 2558 552; x_wconf 80' lang='lat' dir='ltr'>in</span> 
     </span>
     <span class='ocr_line' id='line_1_59' title="bbox 1333 567 2562 631; baseline 0.011 -20"><span class='ocrx_word' id='word_1_380' title='bbox 1333 567 1607 613; x_wconf 88' lang='lat' dir='ltr'>discentium</span> <span class='ocrx_word' id='word_1_381' title='bbox 1632 586 1764 614; x_wconf 88' lang='lat' dir='ltr'>usum</span> <span class='ocrx_word' id='word_1_382' title='bbox 1784 572 2064 630; x_wconf 79' lang='lat' dir='ltr'>exposuerit,</span> <span class='ocrx_word' id='word_1_383' title='bbox 2086 587 2275 631; x_wconf 88' lang='lat' dir='ltr'>eamque</span> <span class='ocrx_word' id='word_1_384' title='bbox 2298 577 2445 621; x_wconf 89' lang='lat' dir='ltr'>Attalo</span> <span class='ocrx_word' id='word_1_385' title='bbox 2461 579 2562 624; x_wconf 88' lang='lat' dir='ltr'>Phi-</span> 
     </span>
     <span class='ocr_line' id='line_1_60' title="bbox 1333 644 2560 712; baseline 0.01 -25"><span class='ocrx_word' id='word_1_386' title='bbox 1333 644 1546 704; x_wconf 86' lang='lat' dir='ltr'>ladelpho</span> <span class='ocrx_word' id='word_1_387' title='bbox 1566 647 1915 705; x_wconf 85' lang='lat' dir='ltr'>nuncupaverit.</span> <span class='ocrx_word' id='word_1_388' title='bbox 1931 647 2090 706; x_wconf 84' lang='lat' dir='ltr'>Itaque</span> <span class='ocrx_word' id='word_1_389' title='bbox 2103 663 2222 692; x_wconf 90' lang='lat' dir='ltr'>anno</span> <span class='ocrx_word' id='word_1_390' title='bbox 2249 650 2349 704; x_wconf 78' lang='lat'>145,</span> <span class='ocrx_word' id='word_1_391' title='bbox 2363 651 2409 695; x_wconf 91' lang='lat' dir='ltr'>in</span> <span class='ocrx_word' id='word_1_392' title='bbox 2430 669 2560 712; x_wconf 85' lang='lat' dir='ltr'>quem</span> 
     </span>
     <span class='ocr_line' id='line_1_61' title="bbox 1333 718 2558 787; baseline 0.008 -25"><span class='ocrx_word' id='word_1_393' title='bbox 1333 718 1568 763; x_wconf 86' lang='lat' dir='ltr'>desierunt</span> <span class='ocrx_word' id='word_1_394' title='bbox 1579 719 1808 764; x_wconf 88' lang='lat' dir='ltr'>Chronica</span> <span class='ocrx_word' id='word_1_395' title='bbox 1826 720 2098 779; x_wconf 86' lang='lat' dir='ltr'>Apollodori</span> <span class='ocrx_word' id='word_1_396' title='bbox 2120 721 2406 769; x_wconf 85' lang='lat' dir='ltr'>Atheniensis</span> <span class='ocrx_word' id='word_1_397' title='bbox 2431 726 2558 787; x_wconf 90' lang='lat' dir='ltr'>(nam</span> 
     </span>
     <span class='ocr_line' id='line_1_62' title="bbox 1338 794 2561 854; baseline 0.009 -17"><span class='ocrx_word' id='word_1_398' title='bbox 1338 794 1459 838; x_wconf 89' lang='lat' dir='ltr'>hunc</span> <span class='ocrx_word' id='word_1_399' title='bbox 1482 794 1574 838; x_wconf 91' lang='lat' dir='ltr'>dici</span> <span class='ocrx_word' id='word_1_400' title='bbox 1599 794 1884 854; x_wconf 86' lang='lat' dir='ltr'>philologum</span> <span class='ocrx_word' id='word_1_401' title='bbox 1904 796 2102 847; x_wconf 83' lang='lat' dir='ltr'>Atticum</span> <span class='ocrx_word' id='word_1_402' title='bbox 2122 797 2325 842; x_wconf 90' lang='lat' dir='ltr'>unanimi</span> <span class='ocrx_word' id='word_1_403' title='bbox 2344 816 2561 848; x_wconf 80' lang='lat' dir='ltr'>consensu</span> 
     </span>
     <span class='ocr_line' id='line_1_63' title="bbox 1333 867 2560 934; baseline 0.007 -22"><span class='ocrx_word' id='word_1_404' title='bbox 1333 878 1536 914; x_wconf 88' lang='lat' dir='ltr'>statuunt</span> <span class='ocrx_word' id='word_1_405' title='bbox 1553 867 1599 927; x_wconf 78' lang='lat'>(⁴¹)</span> <span class='ocrx_word' id='word_1_406' title='bbox 1618 868 1648 930; x_wconf 94' lang='lat'>),</span> <span class='ocrx_word' id='word_1_407' title='bbox 1671 868 1766 929; x_wconf 87' lang='lat' dir='ltr'>jam</span> <span class='ocrx_word' id='word_1_408' title='bbox 1802 868 1973 913; x_wconf 87' lang='lat' dir='ltr'>vixisse</span> <span class='ocrx_word' id='word_1_409' title='bbox 2008 869 2168 913; x_wconf 88' lang='lat' dir='ltr'>Noster</span> <span class='ocrx_word' id='word_1_410' title='bbox 2192 870 2387 929; x_wconf 88' lang='lat' dir='ltr'>videtur,</span> <span class='ocrx_word' id='word_1_411' title='bbox 2406 891 2560 934; x_wconf 90' lang='lat' dir='ltr'>quam·</span> 
     </span>
     <span class='ocr_line' id='line_1_64' title="bbox 1334 944 2565 1005; baseline 0.003 -18"><span class='ocrx_word' id='word_1_412' title='bbox 1334 959 1469 1003; x_wconf 90' lang='lat' dir='ltr'>quam</span> <span class='ocrx_word' id='word_1_413' title='bbox 1513 954 1621 988; x_wconf 92' lang='lat' dir='ltr'>tunc</span> <span class='ocrx_word' id='word_1_414' title='bbox 1659 944 1881 1004; x_wconf 88' lang='lat' dir='ltr'>puerilem</span> <span class='ocrx_word' id='word_1_415' title='bbox 1920 954 2091 988; x_wconf 83' lang='lat' dir='ltr'>aetatem</span> <span class='ocrx_word' id='word_1_416' title='bbox 2127 944 2325 989; x_wconf 89' lang='lat' dir='ltr'>nondum</span> <span class='ocrx_word' id='word_1_417' title='bbox 2360 963 2565 1005; x_wconf 85' lang='lat' dir='ltr'>egressus</span> 
     </span>
     <span class='ocr_line' id='line_1_65' title="bbox 1336 1018 2562 1081; baseline 0.003 -17"><span class='ocrx_word' id='word_1_418' title='bbox 1336 1018 1487 1066; x_wconf 85' lang='lat' dir='ltr'>suerit.</span> <span class='ocrx_word' id='word_1_419' title='bbox 1506 1018 1758 1079; x_wconf 69' lang='lat' dir='ltr'>Scripsisse</span> <span class='ocrx_word' id='word_1_420' title='bbox 1780 1034 1883 1063; x_wconf 91' lang='lat' dir='ltr'>eum</span> <span class='ocrx_word' id='word_1_421' title='bbox 1916 1035 2008 1078; x_wconf 92' lang='lat' dir='ltr'>quo</span> <span class='ocrx_word' id='word_1_422' title='bbox 2032 1029 2236 1079; x_wconf 90' lang='lat' dir='ltr'>tempore</span> <span class='ocrx_word' id='word_1_423' title='bbox 2250 1036 2375 1078; x_wconf 87' lang='lat' dir='ltr'>reges</span> <span class='ocrx_word' id='word_1_424' title='bbox 2398 1023 2562 1081; x_wconf 86' lang='lat' dir='ltr'>Perga-</span> 
     </span>
     <span class='ocr_line' id='line_1_66' title="bbox 1335 1093 2562 1155; baseline 0.004 -17"><span class='ocrx_word' id='word_1_425' title='bbox 1335 1094 1560 1154; x_wconf 85' lang='lat' dir='ltr'>menijam</span> <span class='ocrx_word' id='word_1_426' title='bbox 1582 1093 1859 1150; x_wconf 85' lang='lat' dir='ltr'>defecerant,</span> <span class='ocrx_word' id='word_1_427' title='bbox 1876 1094 1975 1139; x_wconf 85' lang='lat' dir='ltr'>sive</span> <span class='ocrx_word' id='word_1_428' title='bbox 1996 1104 2098 1155; x_wconf 82' lang='lat' dir='ltr'>post</span> <span class='ocrx_word' id='word_1_429' title='bbox 2112 1105 2298 1140; x_wconf 86' lang='lat' dir='ltr'>mortem</span> <span class='ocrx_word' id='word_1_430' title='bbox 2320 1097 2456 1142; x_wconf 86' lang='lat' dir='ltr'>Attali</span> <span class='ocrx_word' id='word_1_431' title='bbox 2478 1098 2562 1155; x_wconf 85' lang='grc' dir='ltr'>ΙΙΙ,</span> 
     </span>
     <span class='ocr_line' id='line_1_67' title="bbox 1335 1169 1946 1215; baseline -0.002 -1"><span class='ocrx_word' id='word_1_432' title='bbox 1335 1170 1566 1215; x_wconf 89' lang='lat' dir='ltr'>indicatur</span> <span class='ocrx_word' id='word_1_433' title='bbox 1585 1186 1654 1215; x_wconf 86' lang='lat' dir='ltr'>vs.</span> <span class='ocrx_word' id='word_1_434' title='bbox 1681 1173 1733 1215; x_wconf 88' lang='lat'>16</span> <span class='ocrx_word' id='word_1_435' title='bbox 1751 1169 1909 1214; x_wconf 87' lang='lat' dir='ltr'>verbis</span> <span class='ocrx_word' id='word_1_436' title='bbox 1936 1187 1946 1213; x_wconf 79' lang='lat' dir='ltr'><strong><em>z</em></strong></span> 
     </span>
     <span class='ocr_line' id='line_1_68' title="bbox 1838 1247 2215 1308; baseline 0.003 -18"><span class='ocrx_word' id='word_1_437' title='bbox 1838 1247 1920 1297; x_wconf 81' lang='grc' dir='ltr'>τοῖς</span> <span class='ocrx_word' id='word_1_438' title='bbox 1941 1248 1980 1291; x_wconf 83' lang='grc' dir='ltr'>ἐν</span> <span class='ocrx_word' id='word_1_439' title='bbox 2003 1247 2215 1308; x_wconf 82' lang='grc' dir='ltr'>Περγάμῳ</span> 
     </span>
    </p>

    <p class='ocr_par' dir='ltr' id='par_1_6' title="bbox 1400 1316 2268 1383">
     <span class='ocr_line' id='line_1_69' title="bbox 1400 1316 2268 1383; baseline 0 -16"><span class='ocrx_word' id='word_1_440' title='bbox 1400 1324 1652 1383; x_wconf 76' lang='grc' dir='ltr'>βασιλεῦσιν,</span> <span class='ocrx_word' id='word_1_441' title='bbox 1677 1316 1731 1368; x_wconf 64' lang='grc' dir='ltr'>ὧν</span> <span class='ocrx_word' id='word_1_442' title='bbox 1755 1327 1780 1378; x_wconf 84' lang='grc' dir='ltr'>ἡ</span> <span class='ocrx_word' id='word_1_443' title='bbox 1806 1323 1900 1375; x_wconf 81' lang='grc' dir='ltr'>δόξα</span> <span class='ocrx_word' id='word_1_444' title='bbox 1924 1323 1995 1368; x_wconf 79' lang='grc' dir='ltr'>καὶ</span> <span class='ocrx_word' id='word_1_445' title='bbox 2018 1324 2268 1379; x_wconf 83' lang='grc' dir='ltr'>τεθνηκότων</span> 
     </span>
    </p>

    <p class='ocr_par' dir='ltr' id='par_1_7' title="bbox 1330 1397 2623 2508">
     <span class='ocr_line' id='line_1_70' title="bbox 1396 1397 2329 1459; baseline 0.002 -18"><span class='ocrx_word' id='word_1_446' title='bbox 1396 1397 1509 1459; x_wconf 85' lang='grc' dir='ltr'>παρὰ</span> <span class='ocrx_word' id='word_1_447' title='bbox 1538 1406 1663 1443; x_wconf 83' lang='grc' dir='ltr'>πᾶσιν</span> <span class='ocrx_word' id='word_1_448' title='bbox 1683 1401 1782 1457; x_wconf 82' lang='grc' dir='ltr'>ἡμῖν</span> <span class='ocrx_word' id='word_1_449' title='bbox 1799 1401 1910 1451; x_wconf 74' lang='grc' dir='ltr'>ζῶσα</span> <span class='ocrx_word' id='word_1_450' title='bbox 1936 1397 2001 1442; x_wconf 83' lang='grc' dir='ltr'>διὰ</span> <span class='ocrx_word' id='word_1_451' title='bbox 2030 1399 2180 1450; x_wconf 80' lang='grc' dir='ltr'>παντὸς</span> <span class='ocrx_word' id='word_1_452' title='bbox 2204 1399 2329 1458; x_wconf 84' lang='grc' dir='ltr'>μένει.</span> 
     </span>
     <span class='ocr_line' id='line_1_71' title="bbox 1335 1472 2567 1534; baseline 0.006 -18"><span class='ocrx_word' id='word_1_453' title='bbox 1335 1472 1500 1531; x_wconf 84' lang='lat' dir='ltr'>Regem</span> <span class='ocrx_word' id='word_1_454' title='bbox 1540 1485 1689 1519; x_wconf 88' lang='lat' dir='ltr'>autem</span> <span class='ocrx_word' id='word_1_455' title='bbox 1711 1473 1959 1533; x_wconf 80' lang='lat' dir='ltr'>Bithyniae,</span> <span class='ocrx_word' id='word_1_456' title='bbox 1989 1474 2044 1518; x_wconf 89' lang='lat' dir='ltr'>ad</span> <span class='ocrx_word' id='word_1_457' title='bbox 2068 1473 2203 1534; x_wconf 83' lang='lat' dir='ltr'>quem</span> <span class='ocrx_word' id='word_1_458' title='bbox 2237 1474 2380 1518; x_wconf 89' lang='lat' dir='ltr'>verba</span> <span class='ocrx_word' id='word_1_459' title='bbox 2412 1488 2567 1522; x_wconf 89' lang='lat' dir='ltr'>auctor</span> 
     </span>
     <span class='ocr_line' id='line_1_72' title="bbox 1332 1547 2563 1609; baseline 0.005 -19"><span class='ocrx_word' id='word_1_460' title='bbox 1332 1547 1508 1606; x_wconf 86' lang='lat' dir='ltr'>dirigit,</span> <span class='ocrx_word' id='word_1_461' title='bbox 1532 1548 1622 1593; x_wconf 91' lang='lat' dir='ltr'>dici</span> <span class='ocrx_word' id='word_1_462' title='bbox 1648 1547 2183 1609; x_wconf 88' lang='lat' dir='ltr'>putaverisNicomedem</span> <span class='ocrx_word' id='word_1_463' title='bbox 2202 1548 2244 1592; x_wconf 92' lang='lat' dir='ltr'>ll</span> <span class='ocrx_word' id='word_1_464' title='bbox 2263 1549 2563 1609; x_wconf 85' lang='lat' dir='ltr'>Epiphanem‚</span> 
     </span>
     <span class='ocr_line' id='line_1_73' title="bbox 1332 1612 2564 1685; baseline 0.003 -19"><span class='ocrx_word' id='word_1_465' title='bbox 1332 1622 1507 1667; x_wconf 88' lang='lat' dir='ltr'>Prusiae</span> <span class='ocrx_word' id='word_1_466' title='bbox 1536 1623 1580 1667; x_wconf 89' lang='lat' dir='ltr'>II</span> <span class='ocrx_word' id='word_1_467' title='bbox 1606 1627 1676 1667; x_wconf 80' lang='grc' dir='ltr'>τοῦ</span> <span class='ocrx_word' id='word_1_468' title='bbox 1710 1627 1884 1682; x_wconf 79' lang='grc' dir='ltr'>κυνηγοῦ</span> <span class='ocrx_word' id='word_1_469' title='bbox 1917 1612 2059 1667; x_wconf 85' lang='lat' dir='ltr'>filium</span> <span class='ocrx_word' id='word_1_470' title='bbox 2078 1657 2088 1677; x_wconf 93' lang='lat'>,</span> <span class='ocrx_word' id='word_1_471' title='bbox 2116 1624 2195 1682; x_wconf 90' lang='lat' dir='ltr'>qui</span> <span class='ocrx_word' id='word_1_472' title='bbox 2225 1639 2307 1683; x_wconf 89' lang='lat' dir='ltr'>per</span> <span class='ocrx_word' id='word_1_473' title='bbox 2341 1626 2564 1685; x_wconf 85' lang='lat' dir='ltr'>quinqua·</span> 
     </span>
     <span class='ocr_line' id='line_1_74' title="bbox 1332 1699 2564 1761; baseline 0.002 -18"><span class='ocrx_word' id='word_1_474' title='bbox 1332 1699 1458 1757; x_wconf 88' lang='lat' dir='ltr'>ginta</span> <span class='ocrx_word' id='word_1_475' title='bbox 1483 1711 1584 1744; x_wconf 90' lang='lat' dir='ltr'>octo</span> <span class='ocrx_word' id='word_1_476' title='bbox 1601 1715 1744 1744; x_wconf 88' lang='lat' dir='ltr'>annos</span> <span class='ocrx_word' id='word_1_477' title='bbox 1774 1702 1966 1759; x_wconf 77' lang='lat'>(149-92</span> <span class='ocrx_word' id='word_1_478' title='bbox 1996 1715 2036 1743; x_wconf 86' lang='lat' dir='ltr'>a.</span> <span class='ocrx_word' id='word_1_479' title='bbox 2068 1699 2149 1758; x_wconf 80' lang='lat' dir='ltr'>C.)</span> <span class='ocrx_word' id='word_1_480' title='bbox 2175 1702 2407 1758; x_wconf 83' lang='lat' dir='ltr'>regnavit3</span> <span class='ocrx_word' id='word_1_481' title='bbox 2427 1701 2564 1761; x_wconf 87' lang='lat' dir='ltr'>hujus</span> 
     </span>
     <span class='ocr_line' id='line_1_75' title="bbox 1334 1775 2623 1836; baseline 0.003 -18"><span class='ocrx_word' id='word_1_482' title='bbox 1334 1776 1454 1819; x_wconf 90' lang='lat' dir='ltr'>enim</span> <span class='ocrx_word' id='word_1_483' title='bbox 1474 1786 1681 1836; x_wconf 90' lang='lat' dir='ltr'>tempora</span> <span class='ocrx_word' id='word_1_484' title='bbox 1698 1792 1797 1820; x_wconf 92' lang='lat' dir='ltr'>cum</span> <span class='ocrx_word' id='word_1_485' title='bbox 1828 1776 1901 1832; x_wconf 90' lang='lat' dir='ltr'>iis,</span> <span class='ocrx_word' id='word_1_486' title='bbox 1926 1791 2027 1835; x_wconf 83' lang='lat' dir='ltr'>quae</span> <span class='ocrx_word' id='word_1_487' title='bbox 2054 1775 2289 1834; x_wconf 90' lang='lat' dir='ltr'>hucusque</span> <span class='ocrx_word' id='word_1_488' title='bbox 2313 1777 2560 1832; x_wconf 91' lang='lat' dir='ltr'>attulimus,</span> <span class='ocrx_word' id='word_1_489' title='bbox 2619 1781 2623 1785; x_wconf 85' lang='lat'>&#39;</span> 
     </span>
     <span class='ocr_line' id='line_1_76' title="bbox 1332 1851 2565 1910; baseline 0.004 -17"><span class='ocrx_word' id='word_1_490' title='bbox 1332 1852 1503 1910; x_wconf 88' lang='lat' dir='ltr'>optime</span> <span class='ocrx_word' id='word_1_491' title='bbox 1522 1852 1771 1896; x_wconf 89' lang='lat' dir='ltr'>convenire</span> <span class='ocrx_word' id='word_1_492' title='bbox 1787 1851 2047 1895; x_wconf 85' lang='lat' dir='ltr'>videantur.</span> <span class='ocrx_word' id='word_1_493' title='bbox 2066 1855 2273 1895; x_wconf 85' lang='lat' dir='ltr'>Attamen</span> <span class='ocrx_word' id='word_1_494' title='bbox 2291 1852 2345 1896; x_wconf 92' lang='lat' dir='ltr'>de</span> <span class='ocrx_word' id='word_1_495' title='bbox 2357 1852 2428 1896; x_wconf 88' lang='lat' dir='ltr'>his</span> <span class='ocrx_word' id='word_1_496' title='bbox 2448 1864 2565 1898; x_wconf 90' lang='lat' dir='ltr'>ante-</span> 
     </span>
     <span class='ocr_line' id='line_1_77' title="bbox 1331 1925 2560 1985; baseline 0.002 -16"><span class='ocrx_word' id='word_1_497' title='bbox 1331 1941 1465 1984; x_wconf 88' lang='lat' dir='ltr'>quam</span> <span class='ocrx_word' id='word_1_498' title='bbox 1510 1925 1796 1985; x_wconf 85' lang='lat' dir='ltr'>judicemus,</span> <span class='ocrx_word' id='word_1_499' title='bbox 1849 1926 2086 1970; x_wconf 86' lang='lat' dir='ltr'>audiamus</span> <span class='ocrx_word' id='word_1_500' title='bbox 2144 1927 2335 1985; x_wconf 88' lang='lat' dir='ltr'>reliqua.</span> <span class='ocrx_word' id='word_1_501' title='bbox 2387 1926 2560 1971; x_wconf 90' lang='lat' dir='ltr'>Etenim</span> 
     </span>
     <span class='ocr_line' id='line_1_78' title="bbox 1331 2000 2561 2061; baseline 0.002 -17"><span class='ocrx_word' id='word_1_502' title='bbox 1331 2011 1464 2060; x_wconf 87' lang='lat' dir='ltr'>poeta</span> <span class='ocrx_word' id='word_1_503' title='bbox 1478 2011 1632 2045; x_wconf 91' lang='lat' dir='ltr'>noster</span> <span class='ocrx_word' id='word_1_504' title='bbox 1645 2011 1888 2060; x_wconf 84' lang='lat' dir='ltr'>postquam</span> <span class='ocrx_word' id='word_1_505' title='bbox 1913 2001 2112 2045; x_wconf 88' lang='lat' dir='ltr'>Atticum</span> <span class='ocrx_word' id='word_1_506' title='bbox 2131 2001 2263 2045; x_wconf 89' lang='lat' dir='ltr'>istum</span> <span class='ocrx_word' id='word_1_507' title='bbox 2283 2000 2561 2061; x_wconf 85' lang='lat' dir='ltr'>philologum</span> 
     </span>
     <span class='ocr_line' id='line_1_79' title="bbox 1332 2075 2561 2139; baseline 0.001 -20"><span class='ocrx_word' id='word_1_508' title='bbox 1332 2075 1573 2139; x_wconf 85' lang='lat' dir='ltr'>Chronicis</span> <span class='ocrx_word' id='word_1_509' title='bbox 1599 2077 1750 2120; x_wconf 90' lang='lat' dir='ltr'>Attalo</span> <span class='ocrx_word' id='word_1_510' title='bbox 1771 2076 1991 2120; x_wconf 86' lang='lat' dir='ltr'>dedicatis</span> <span class='ocrx_word' id='word_1_511' title='bbox 2018 2092 2222 2135; x_wconf 83' lang='lat' dir='ltr'>magnam</span> <span class='ocrx_word' id='word_1_512' title='bbox 2253 2076 2347 2134; x_wconf 89' lang='lat' dir='ltr'>regi</span> <span class='ocrx_word' id='word_1_513' title='bbox 2372 2077 2561 2134; x_wconf 86' lang='lat' dir='ltr'>gloriam</span> 
     </span>
     <span class='ocr_line' id='line_1_80' title="bbox 1331 2152 2561 2212; baseline 0.002 -18"><span class='ocrx_word' id='word_1_514' title='bbox 1331 2167 1617 2211; x_wconf 87' lang='lat' dir='ltr'>comparasse</span> <span class='ocrx_word' id='word_1_515' title='bbox 1636 2152 1770 2207; x_wconf 86' lang='lat' dir='ltr'>dixit,</span> <span class='ocrx_word' id='word_1_516' title='bbox 1794 2168 1841 2197; x_wconf 92' lang='lat' dir='ltr'>se</span> <span class='ocrx_word' id='word_1_517' title='bbox 1865 2155 2011 2212; x_wconf 89' lang='lat' dir='ltr'>ipsum</span> <span class='ocrx_word' id='word_1_518' title='bbox 2031 2154 2094 2195; x_wconf 88' lang='lat' dir='ltr'>ait</span> <span class='ocrx_word' id='word_1_519' title='bbox 2122 2168 2236 2211; x_wconf 91' lang='lat' dir='ltr'>opus</span> <span class='ocrx_word' id='word_1_520' title='bbox 2270 2167 2399 2196; x_wconf 91' lang='lat' dir='ltr'>suum</span> <span class='ocrx_word' id='word_1_521' title='bbox 2425 2152 2561 2197; x_wconf 88' lang='lat' dir='ltr'>Nico-</span> 
     </span>
     <span class='ocr_line' id='line_1_81' title="bbox 1330 2226 2560 2286; baseline 0.001 -17"><span class='ocrx_word' id='word_1_522' title='bbox 1330 2226 1452 2270; x_wconf 91' lang='lat' dir='ltr'>medi</span> <span class='ocrx_word' id='word_1_523' title='bbox 1492 2226 1806 2270; x_wconf 87' lang='lat' dir='ltr'>dedicaturum</span> <span class='ocrx_word' id='word_1_524' title='bbox 1840 2241 1891 2270; x_wconf 92' lang='lat' dir='ltr'>ea</span> <span class='ocrx_word' id='word_1_525' title='bbox 1929 2226 1984 2270; x_wconf 92' lang='lat' dir='ltr'>de</span> <span class='ocrx_word' id='word_1_526' title='bbox 2021 2241 2069 2269; x_wconf 92' lang='lat' dir='ltr'>re</span> <span class='ocrx_word' id='word_1_527' title='bbox 2103 2226 2269 2270; x_wconf 87' lang='lat' dir='ltr'>adiisse</span> <span class='ocrx_word' id='word_1_528' title='bbox 2305 2227 2560 2286; x_wconf 86' lang='lat' dir='ltr'>Apollinem</span> 
     </span>
     <span class='ocr_line' id='line_1_82' title="bbox 1334 2299 2561 2358; baseline 0.002 -16"><span class='ocrx_word' id='word_1_529' title='bbox 1334 2300 1640 2358; x_wconf 86' lang='lat' dir='ltr'>Didymaeum,</span> <span class='ocrx_word' id='word_1_530' title='bbox 1682 2301 1762 2357; x_wconf 88' lang='lat' dir='ltr'>qui</span> <span class='ocrx_word' id='word_1_531' title='bbox 1797 2315 1823 2342; x_wconf 92' lang='lat' dir='ltr'>a</span> <span class='ocrx_word' id='word_1_532' title='bbox 1854 2299 2095 2342; x_wconf 80' lang='lat' dir='ltr'>Nicomede</span> <span class='ocrx_word' id='word_1_533' title='bbox 2131 2314 2311 2358; x_wconf 89' lang='lat' dir='ltr'>quoque</span> <span class='ocrx_word' id='word_1_534' title='bbox 2351 2300 2561 2356; x_wconf 83' lang='lat' dir='ltr'>religiose</span> 
     </span>
     <span class='ocr_line' id='line_1_83' title="bbox 1332 2373 2559 2433; baseline 0 -15"><span class='ocrx_word' id='word_1_535' title='bbox 1332 2375 1506 2418; x_wconf 87' lang='lat' dir='ltr'>colatur</span> <span class='ocrx_word' id='word_1_536' title='bbox 1532 2385 1574 2417; x_wconf 90' lang='lat' dir='ltr'>et</span> <span class='ocrx_word' id='word_1_537' title='bbox 1599 2375 1710 2417; x_wconf 85' lang='lat' dir='ltr'>olim</span> <span class='ocrx_word' id='word_1_538' title='bbox 1739 2375 1872 2417; x_wconf 85' lang='lat' dir='ltr'>etiam</span> <span class='ocrx_word' id='word_1_539' title='bbox 1896 2384 2071 2433; x_wconf 89' lang='lat' dir='ltr'>patrem</span> <span class='ocrx_word' id='word_1_540' title='bbox 2096 2373 2193 2431; x_wconf 90' lang='lat' dir='ltr'>ejus</span> <span class='ocrx_word' id='word_1_541' title='bbox 2215 2374 2262 2416; x_wconf 92' lang='lat' dir='ltr'>in</span> <span class='ocrx_word' id='word_1_542' title='bbox 2287 2388 2426 2430; x_wconf 80' lang='lat' dir='ltr'>regno</span> <span class='ocrx_word' id='word_1_543' title='bbox 2447 2374 2559 2418; x_wconf 89' lang='lat' dir='ltr'>bene</span> 
     </span>
     <span class='ocr_line' id='line_1_84' title="bbox 1331 2447 2504 2508; baseline 0.001 -17"><span class='ocrx_word' id='word_1_544' title='bbox 1331 2449 1650 2494; x_wconf 81' lang='lat' dir='ltr'>constituendo</span> <span class='ocrx_word' id='word_1_545' title='bbox 1668 2448 1912 2508; x_wconf 83' lang='lat' dir='ltr'>adjuverit.</span> <span class='ocrx_word' id='word_1_546' title='bbox 1936 2447 2087 2505; x_wconf 83' lang='lat' dir='ltr'>Verba</span> <span class='ocrx_word' id='word_1_547' title='bbox 2101 2448 2194 2491; x_wconf 86' lang='lat' dir='ltr'>haec</span> <span class='ocrx_word' id='word_1_548' title='bbox 2216 2459 2319 2492; x_wconf 91' lang='lat' dir='ltr'>sunt</span> <span class='ocrx_word' id='word_1_549' title='bbox 2342 2465 2386 2492; x_wconf 90' lang='lat' dir='ltr'>v.</span> <span class='ocrx_word' id='word_1_550' title='bbox 2413 2449 2468 2492; x_wconf 85' lang='lat'>50</span> <span class='ocrx_word' id='word_1_551' title='bbox 2495 2466 2504 2492; x_wconf 90' lang='lat'>:</span> 
     </span>
    </p>

    <p class='ocr_par' dir='ltr' id='par_1_8' title="bbox 1394 2516 2302 2583">
     <span class='ocr_line' id='line_1_85' title="bbox 1394 2516 2302 2583; baseline -0.004 -15"><span class='ocrx_word' id='word_1_552' title='bbox 1394 2524 1505 2583; x_wconf 82' lang='grc' dir='ltr'>Ἐγὼ</span> <span class='ocrx_word' id='word_1_553' title='bbox 1527 2524 1560 2567; x_wconf 80' lang='grc' dir='ltr'>δ’</span> <span class='ocrx_word' id='word_1_554' title='bbox 1598 2521 1755 2567; x_wconf 76' lang='grc' dir='ltr'>ἀκούων</span> <span class='ocrx_word' id='word_1_555' title='bbox 1777 2521 1877 2566; x_wconf 83' lang='grc' dir='ltr'>διότι</span> <span class='ocrx_word' id='word_1_556' title='bbox 1899 2524 1977 2565; x_wconf 81' lang='grc' dir='ltr'>τῶν</span> <span class='ocrx_word' id='word_1_557' title='bbox 2002 2516 2073 2565; x_wconf 78' lang='grc' dir='ltr'>νῦν</span> <span class='ocrx_word' id='word_1_558' title='bbox 2103 2522 2302 2582; x_wconf 85' lang='grc' dir='ltr'>βασιλέων</span> 
     </span>
    </p>

    <p class='ocr_par' dir='ltr' id='par_1_9' title="bbox 1397 2594 2331 2658">
     <span class='ocr_line' id='line_1_86' title="bbox 1397 2594 2331 2658; baseline -0.005 -15"><span class='ocrx_word' id='word_1_559' title='bbox 1397 2597 1516 2657; x_wconf 79' lang='grc' dir='ltr'>μόνος</span> <span class='ocrx_word' id='word_1_560' title='bbox 1542 2595 1757 2658; x_wconf 82' lang='grc' dir='ltr'>βασιλικὴν</span> <span class='ocrx_word' id='word_1_561' title='bbox 1781 2594 2047 2657; x_wconf 80' lang='grc' dir='ltr'>χρηστότητα</span> <span class='ocrx_word' id='word_1_562' title='bbox 2066 2594 2304 2657; x_wconf 81' lang='grc' dir='ltr'>προσφέρεις</span> <span class='ocrx_word' id='word_1_563' title='bbox 2319 2629 2331 2649; x_wconf 86' lang='grc'>,</span> 
     </span>
    </p>

    <p class='ocr_par' dir='ltr' id='par_1_10' title="bbox 1396 2668 2356 2733">
     <span class='ocr_line' id='line_1_87' title="bbox 1396 2668 2356 2733; baseline -0.005 -16"><span class='ocrx_word' id='word_1_564' title='bbox 1396 2674 1539 2733; x_wconf 78' lang='grc' dir='ltr'>πεῖραν</span> <span class='ocrx_word' id='word_1_565' title='bbox 1558 2670 1781 2729; x_wconf 80' lang='grc' dir='ltr'>ἐπεθύμησ’</span> <span class='ocrx_word' id='word_1_566' title='bbox 1801 2668 1917 2720; x_wconf 80' lang='grc' dir='ltr'>αὐτὸς</span> <span class='ocrx_word' id='word_1_567' title='bbox 1938 2671 2001 2713; x_wconf 81' lang='grc' dir='ltr'>ἐπ’</span> <span class='ocrx_word' id='word_1_568' title='bbox 2023 2670 2198 2727; x_wconf 78' lang='grc' dir='ltr'>ἐμαυτοῦ</span> <span class='ocrx_word' id='word_1_569' title='bbox 2215 2669 2356 2713; x_wconf 67' lang='grc' dir='ltr'>λαὸεῖν</span> 
     </span>
    </p>

    <p class='ocr_par' dir='ltr' id='par_1_11' title="bbox 1397 2744 2391 2809">
     <span class='ocr_line' id='line_1_88' title="bbox 1397 2744 2391 2809; baseline -0.005 -16"><span class='ocrx_word' id='word_1_570' title='bbox 1397 2748 1467 2793; x_wconf 74' lang='grc' dir='ltr'>καὶ</span> <span class='ocrx_word' id='word_1_571' title='bbox 1489 2745 1791 2809; x_wconf 81' lang='grc' dir='ltr'>παραγενέσθαι</span> <span class='ocrx_word' id='word_1_572' title='bbox 1818 2744 1887 2790; x_wconf 72' lang='grc' dir='ltr'>καὶ</span> <span class='ocrx_word' id='word_1_573' title='bbox 1910 2744 1948 2789; x_wconf 85' lang='grc' dir='ltr'>τί</span> <span class='ocrx_word' id='word_1_574' title='bbox 1966 2744 2156 2806; x_wconf 82' lang='grc' dir='ltr'>βασιλεύς</span> <span class='ocrx_word' id='word_1_575' title='bbox 2176 2744 2256 2789; x_wconf 84' lang='grc' dir='ltr'>ἐστ’</span> <span class='ocrx_word' id='word_1_576' title='bbox 2277 2745 2391 2802; x_wconf 77' lang='grc' dir='ltr'>ἰδεῖν,</span> 
     </span>
    </p>

    <p class='ocr_par' dir='ltr' id='par_1_12' title="bbox 1396 2817 2321 2883">
     <span class='ocr_line' id='line_1_89' title="bbox 1396 2817 2321 2883; baseline -0.004 -16"><span class='ocrx_word' id='word_1_577' title='bbox 1396 2821 1445 2867; x_wconf 77' lang='grc' dir='ltr'>ἵν’</span> <span class='ocrx_word' id='word_1_578' title='bbox 1474 2822 1592 2874; x_wconf 75' lang='grc' dir='ltr'>αὐτὸς</span> <span class='ocrx_word' id='word_1_579' title='bbox 1611 2820 1758 2883; x_wconf 80' lang='grc' dir='ltr'>ἑτέροις</span> <span class='ocrx_word' id='word_1_580' title='bbox 1785 2821 1906 2864; x_wconf 83' lang='grc' dir='ltr'>πάλιν</span> <span class='ocrx_word' id='word_1_581' title='bbox 1932 2819 2206 2879; x_wconf 80' lang='grc' dir='ltr'>ἀπαγγέλλειν</span> <span class='ocrx_word' id='word_1_582' title='bbox 2223 2817 2321 2879; x_wconf 81' lang='grc' dir='ltr'><strong>ἔχω.</strong></span> 
     </span>
    </p>

    <p class='ocr_par' dir='ltr' id='par_1_13' title="bbox 1400 2891 2262 2959">
     <span class='ocr_line' id='line_1_90' title="bbox 1400 2891 2262 2959; baseline -0.007 -17"><span class='ocrx_word' id='word_1_583' title='bbox 1400 2897 1472 2943; x_wconf 80' lang='grc' dir='ltr'>Διὸ</span> <span class='ocrx_word' id='word_1_584' title='bbox 1490 2901 1540 2958; x_wconf 77' lang='grc' dir='ltr'>τῇ</span> <span class='ocrx_word' id='word_1_585' title='bbox 1560 2894 1749 2959; x_wconf 81' lang='grc' dir='ltr'>προθέσει</span> <span class='ocrx_word' id='word_1_586' title='bbox 1773 2893 2004 2953; x_wconf 74' lang='grc' dir='ltr'>σύμὸουλον</span> <span class='ocrx_word' id='word_1_587' title='bbox 2022 2891 2262 2951; x_wconf 81' lang='grc' dir='ltr'>ἐξελεξάμην</span> 
     </span>
    </p>

    <p class='ocr_par' dir='ltr' id='par_1_14' title="bbox 1398 2969 2359 3037">
     <span class='ocr_line' id='line_1_91' title="bbox 1398 2969 2359 3037; baseline -0.006 -19"><span class='ocrx_word' id='word_1_588' title='bbox 1398 2974 1467 3018; x_wconf 79' lang='grc' dir='ltr'>τὸν</span> <span class='ocrx_word' id='word_1_589' title='bbox 1492 2971 1886 3034; x_wconf 77' lang='grc' dir='ltr'>συγκατορθώσαντα</span> <span class='ocrx_word' id='word_1_590' title='bbox 1907 2969 1977 3016; x_wconf 73' lang='grc' dir='ltr'>καὶ</span> <span class='ocrx_word' id='word_1_591' title='bbox 1993 2973 2051 3030; x_wconf 73' lang='grc' dir='ltr'>τῷ</span> <span class='ocrx_word' id='word_1_592' title='bbox 2075 2971 2134 3032; x_wconf 81' lang='grc' dir='ltr'>σῷ</span> <span class='ocrx_word' id='word_1_593' title='bbox 2155 2969 2282 3029; x_wconf 86' lang='grc' dir='ltr'>πατρί</span> <span class='ocrx_word' id='word_1_594' title='bbox 2354 3034 2359 3037; x_wconf 26' lang='grc' dir='ltr'><em>Π</em></span> 
     </span>
    </p>

    <p class='ocr_par' dir='ltr' id='par_1_15' title="bbox 1399 3044 2324 3108">
     <span class='ocr_line' id='line_1_92' title="bbox 1399 3044 2324 3108; baseline -0.006 -16"><span class='ocrx_word' id='word_1_595' title='bbox 1399 3048 1451 3092; x_wconf 81' lang='grc' dir='ltr'>τὰ</span> <span class='ocrx_word' id='word_1_596' title='bbox 1476 3052 1547 3102; x_wconf 74' lang='grc' dir='ltr'>τῆς</span> <span class='ocrx_word' id='word_1_597' title='bbox 1572 3046 1780 3108; x_wconf 83' lang='grc' dir='ltr'>βασιλείας</span> <span class='ocrx_word' id='word_1_598' title='bbox 1795 3046 2008 3108; x_wconf 76' lang='grc' dir='ltr'>πρότερον,</span> <span class='ocrx_word' id='word_1_599' title='bbox 2029 3046 2081 3095; x_wconf 84' lang='grc' dir='ltr'>ὡς</span> <span class='ocrx_word' id='word_1_600' title='bbox 2108 3044 2324 3102; x_wconf 84' lang='grc' dir='ltr'>ἀκούομεν,</span> 
     </span>
    </p>

    <p class='ocr_par' dir='ltr' id='par_1_16' title="bbox 1401 3120 2362 3185">
     <span class='ocr_line' id='line_1_93' title="bbox 1401 3120 2362 3185; baseline -0.005 -17"><span class='ocrx_word' id='word_1_601' title='bbox 1401 3124 1515 3185; x_wconf 83' lang='grc' dir='ltr'>παροί</span> <span class='ocrx_word' id='word_1_602' title='bbox 1533 3123 1596 3168; x_wconf 86' lang='grc' dir='ltr'>σοί</span> <span class='ocrx_word' id='word_1_603' title='bbox 1615 3141 1680 3179; x_wconf 82' lang='grc' dir='ltr'>τε,</span> <span class='ocrx_word' id='word_1_604' title='bbox 1715 3125 1907 3183; x_wconf 81' lang='grc' dir='ltr'>βασιλεῦ,</span> <span class='ocrx_word' id='word_1_605' title='bbox 1939 3122 2113 3182; x_wconf 85' lang='grc' dir='ltr'>γνησίως</span> <span class='ocrx_word' id='word_1_606' title='bbox 2136 3120 2362 3179; x_wconf 84' lang='grc' dir='ltr'>τιμώμενον</span> 
     </span>
    </p>

    <p class='ocr_par' dir='ltr' id='par_1_17' title="bbox 1338 3195 2568 3784">
     <span class='ocr_line' id='line_1_94' title="bbox 1401 3195 2436 3256; baseline -0.007 -10"><span class='ocrx_word' id='word_1_607' title='bbox 1401 3200 1508 3246; x_wconf 85' lang='grc' dir='ltr'>κατὰ</span> <span class='ocrx_word' id='word_1_608' title='bbox 1528 3199 1686 3256; x_wconf 81' lang='grc' dir='ltr'>πάντα,</span> <span class='ocrx_word' id='word_1_609' title='bbox 1710 3199 1776 3244; x_wconf 80' lang='grc' dir='ltr'>τὸν</span> <span class='ocrx_word' id='word_1_610' title='bbox 1797 3198 2035 3245; x_wconf 85' lang='grc' dir='ltr'>Ἀπόλλωνα</span> <span class='ocrx_word' id='word_1_611' title='bbox 2054 3197 2120 3242; x_wconf 81' lang='grc' dir='ltr'>τὸν</span> <span class='ocrx_word' id='word_1_612' title='bbox 2139 3199 2296 3254; x_wconf 76' lang='grc' dir='ltr'>Διδυμῆ</span> <span class='ocrx_word' id='word_1_613' title='bbox 2316 3195 2436 3255; x_wconf 84' lang='grc' dir='ltr'>λέγω.</span> 
     </span>
     <span class='ocr_line' id='line_1_95' title="bbox 1338 3273 2560 3331; baseline -0.007 -8"><span class='ocrx_word' id='word_1_614' title='bbox 1338 3278 1365 3323; x_wconf 87' lang='lat' dir='ltr'><strong>J</strong></span> <span class='ocrx_word' id='word_1_615' title='bbox 1370 3294 1439 3323; x_wconf 89' lang='lat' dir='ltr'>am</span> <span class='ocrx_word' id='word_1_616' title='bbox 1462 3293 1574 3322; x_wconf 85' lang='lat' dir='ltr'>vero</span> <span class='ocrx_word' id='word_1_617' title='bbox 1591 3286 1766 3321; x_wconf 89' lang='lat' dir='ltr'>constat</span> <span class='ocrx_word' id='word_1_618' title='bbox 1780 3274 2068 3320; x_wconf 90' lang='lat' dir='ltr'>Nicomedem</span> <span class='ocrx_word' id='word_1_619' title='bbox 2085 3273 2127 3317; x_wconf 91' lang='grc' dir='ltr'>ΙΙ</span> <span class='ocrx_word' id='word_1_620' title='bbox 2144 3273 2353 3317; x_wconf 87' lang='lat' dir='ltr'>Prusiam</span> <span class='ocrx_word' id='word_1_621' title='bbox 2371 3282 2560 3331; x_wconf 88' lang='lat' dir='ltr'>patrem,</span> 
     </span>
     <span class='ocr_line' id='line_1_96' title="bbox 1338 3343 2563 3412; baseline -0.006 -13"><span class='ocrx_word' id='word_1_622' title='bbox 1338 3356 1491 3399; x_wconf 89' lang='lat' dir='ltr'>virum</span> <span class='ocrx_word' id='word_1_623' title='bbox 1513 3343 1747 3412; x_wconf 82' lang='lat' dir='ltr'>ignavum,</span> <span class='ocrx_word' id='word_1_624' title='bbox 1770 3352 2068 3396; x_wconf 88' lang='lat' dir='ltr'>saevissimum</span> <span class='ocrx_word' id='word_1_625' title='bbox 2084 3383 2096 3405; x_wconf 90' lang='lat'>,</span> <span class='ocrx_word' id='word_1_626' title='bbox 2120 3348 2325 3406; x_wconf 83' lang='lat' dir='ltr'>Bithynis</span> <span class='ocrx_word' id='word_1_627' title='bbox 2349 3347 2563 3392; x_wconf 86' lang='lat' dir='ltr'>infensis-</span> 
     </span>
     <span class='ocr_line' id='line_1_97' title="bbox 1343 3421 2568 3488; baseline -0.008 -14"><span class='ocrx_word' id='word_1_628' title='bbox 1343 3432 1528 3483; x_wconf 88' lang='lat' dir='ltr'>simum,</span> <span class='ocrx_word' id='word_1_629' title='bbox 1548 3444 1573 3473; x_wconf 91' lang='lat' dir='ltr'>a</span> <span class='ocrx_word' id='word_1_630' title='bbox 1587 3436 1678 3488; x_wconf 88' lang='lat' dir='ltr'>quo</span> <span class='ocrx_word' id='word_1_631' title='bbox 1697 3442 1778 3487; x_wconf 90' lang='lat' dir='ltr'>per</span> <span class='ocrx_word' id='word_1_632' title='bbox 1791 3436 1927 3470; x_wconf 86' lang='lat' dir='ltr'>totam</span> <span class='ocrx_word' id='word_1_633' title='bbox 1948 3425 2090 3469; x_wconf 84' lang='lat' dir='ltr'>vitam</span> <span class='ocrx_word' id='word_1_634' title='bbox 2107 3423 2396 3481; x_wconf 80' lang='lat' dir='ltr'>dissenserat,</span> <span class='ocrx_word' id='word_1_635' title='bbox 2419 3421 2568 3480; x_wconf 86' lang='lat' dir='ltr'>cujus-</span> 
     </span>
     <span class='ocr_line' id='line_1_98' title="bbox 1341 3497 2566 3566; baseline -0.009 -15"><span class='ocrx_word' id='word_1_636' title='bbox 1341 3522 1428 3566; x_wconf 89' lang='lat' dir='ltr'>que</span> <span class='ocrx_word' id='word_1_637' title='bbox 1447 3505 1638 3550; x_wconf 90' lang='lat' dir='ltr'>insidias</span> <span class='ocrx_word' id='word_1_638' title='bbox 1659 3518 1776 3561; x_wconf 81' lang='lat' dir='ltr'>aegre</span> <span class='ocrx_word' id='word_1_639' title='bbox 1794 3502 2031 3560; x_wconf 84' lang='lat' dir='ltr'>effugerat,</span> <span class='ocrx_word' id='word_1_640' title='bbox 2052 3500 2229 3545; x_wconf 90' lang='lat' dir='ltr'>tandem</span> <span class='ocrx_word' id='word_1_641' title='bbox 2245 3533 2257 3554; x_wconf 89' lang='lat'>,</span> <span class='ocrx_word' id='word_1_642' title='bbox 2284 3497 2470 3557; x_wconf 88' lang='lat' dir='ltr'>juvante</span> <span class='ocrx_word' id='word_1_643' title='bbox 2491 3499 2566 3540; x_wconf 92' lang='lat' dir='ltr'>At-</span> 
     </span>
     <span class='ocr_line' id='line_1_99' title="bbox 1342 3572 2568 3637; baseline -0.009 -12"><span class='ocrx_word' id='word_1_644' title='bbox 1342 3582 1466 3636; x_wconf 79' lang='lat' dir='ltr'>talo,</span> <span class='ocrx_word' id='word_1_645' title='bbox 1488 3595 1629 3637; x_wconf 85' lang='lat' dir='ltr'>regno</span> <span class='ocrx_word' id='word_1_646' title='bbox 1649 3577 1834 3637; x_wconf 88' lang='lat' dir='ltr'>ejecisse</span> <span class='ocrx_word' id='word_1_647' title='bbox 1854 3578 1994 3636; x_wconf 88' lang='lat' dir='ltr'>inque</span> <span class='ocrx_word' id='word_1_648' title='bbox 2010 3575 2142 3619; x_wconf 86' lang='lat' dir='ltr'>Jovis</span> <span class='ocrx_word' id='word_1_649' title='bbox 2164 3573 2332 3633; x_wconf 85' lang='lat' dir='ltr'>templo</span> <span class='ocrx_word' id='word_1_650' title='bbox 2349 3572 2568 3616; x_wconf 87' lang='lat' dir='ltr'>occidisse</span> 
     </span>
     <span class='ocr_line' id='line_1_100' title="bbox 1344 3645 2563 3717; baseline -0.011 -17"><span class='ocrx_word' id='word_1_651' title='bbox 1344 3652 1814 3717; x_wconf 84' lang='lat' dir='ltr'>(Appian.Mitln·idat.</span> <span class='ocrx_word' id='word_1_652' title='bbox 1831 3667 1870 3696; x_wconf 90' lang='lat' dir='ltr'>c.</span> <span class='ocrx_word' id='word_1_653' title='bbox 1886 3668 1909 3707; x_wconf 92' lang='lat'><strong>7</strong></span> <span class='ocrx_word' id='word_1_654' title='bbox 1925 3667 1936 3706; x_wconf 80' lang='lat'><em>3</em></span> <span class='ocrx_word' id='word_1_655' title='bbox 1951 3647 2264 3707; x_wconf 89' lang='lat' dir='ltr'>coll.Polybio</span> <span class='ocrx_word' id='word_1_656' title='bbox 2274 3645 2492 3699; x_wconf 84' lang='lat' dir='ltr'>XXXVII,</span> <span class='ocrx_word' id='word_1_657' title='bbox 2507 3645 2563 3701; x_wconf 81' lang='lat'>2).</span> 
     </span>
     <span class='ocr_line' id='line_1_101' title="bbox 1346 3720 2565 3784; baseline -0.011 -8"><span class='ocrx_word' id='word_1_658' title='bbox 1346 3731 1582 3776; x_wconf 89' lang='lat' dir='ltr'>Hunccine</span> <span class='ocrx_word' id='word_1_659' title='bbox 1631 3728 1837 3773; x_wconf 88' lang='lat' dir='ltr'>Prusiam</span> <span class='ocrx_word' id='word_1_660' title='bbox 1883 3725 2047 3770; x_wconf 90' lang='lat' dir='ltr'>Noster</span> <span class='ocrx_word' id='word_1_661' title='bbox 2110 3723 2336 3784; x_wconf 90' lang='lat' dir='ltr'>Apollinis</span> <span class='ocrx_word' id='word_1_662' title='bbox 2385 3736 2470 3781; x_wconf 90' lang='lat' dir='ltr'>ope</span> <span class='ocrx_word' id='word_1_663' title='bbox 2518 3720 2565 3763; x_wconf 90' lang='lat' dir='ltr'>in</span> 
     </span>
    </p>
   </div>
   <div class='ocr_carea' id='block_1_6' title="bbox 49 3793 2565 3869">
    <p class='ocr_par' dir='ltr' id='par_1_18' title="bbox 49 3793 2565 3869">
     <span class='ocr_line' id='line_1_102' title="bbox 49 3793 2565 3869; baseline -0.004 -24"><span class='ocrx_word' id='word_1_664' title='bbox 49 3801 273 3860; x_wconf 86' lang='lat' dir='ltr'>periegesi</span> <span class='ocrx_word' id='word_1_665' title='bbox 297 3817 379 3846; x_wconf 91' lang='lat' dir='ltr'>sua</span> <span class='ocrx_word' id='word_1_666' title='bbox 402 3813 544 3847; x_wconf 92' lang='lat' dir='ltr'>metro</span> <span class='ocrx_word' id='word_1_667' title='bbox 567 3806 740 3851; x_wconf 89' lang='lat' dir='ltr'>comico</span> <span class='ocrx_word' id='word_1_668' title='bbox 763 3809 932 3869; x_wconf 85' lang='lat' dir='ltr'>scripta</span> <span class='ocrx_word' id='word_1_669' title='bbox 957 3810 1214 3869; x_wconf 88' lang='lat' dir='ltr'>exemplum</span> <span class='ocrx_word' id='word_1_670' title='bbox 1233 3825 1280 3854; x_wconf 90' lang='lat' dir='ltr'>se</span> <span class='ocrx_word' id='word_1_671' title='bbox 1347 3823 1486 3865; x_wconf 84' lang='lat' dir='ltr'>regno</span> <span class='ocrx_word' id='word_1_672' title='bbox 1511 3807 1734 3850; x_wconf 83' lang='lat' dir='ltr'>firmatum</span> <span class='ocrx_word' id='word_1_673' title='bbox 1761 3818 1857 3849; x_wconf 88' lang='lat' dir='ltr'>esse</span> <span class='ocrx_word' id='word_1_674' title='bbox 1878 3801 2079 3859; x_wconf 83' lang='lat' dir='ltr'>censuit,</span> <span class='ocrx_word' id='word_1_675' title='bbox 2113 3799 2248 3858; x_wconf 87' lang='lat' dir='ltr'>idque</span> <span class='ocrx_word' id='word_1_676' title='bbox 2270 3795 2499 3842; x_wconf 85' lang='lat' dir='ltr'>Nicomedi</span> <span class='ocrx_word' id='word_1_677' title='bbox 2524 3793 2565 3836; x_wconf 91' lang='lat'>11</span> 
     </span>
    </p>
   </div>
   <div class='ocr_carea' id='block_1_7' title="bbox 50 3878 1275 3944">
    <p class='ocr_par' dir='ltr' id='par_1_19' title="bbox 50 3878 1275 3944">
     <span class='ocr_line' id='line_1_103' title="bbox 50 3878 1275 3944; baseline 0.007 -24"><span class='ocrx_word' id='word_1_678' title='bbox 50 3886 250 3921; x_wconf 87' lang='lat' dir='ltr'>secutum</span> <span class='ocrx_word' id='word_1_679' title='bbox 270 3891 366 3922; x_wconf 90' lang='lat' dir='ltr'>esse</span> <span class='ocrx_word' id='word_1_680' title='bbox 382 3878 621 3938; x_wconf 82' lang='lat' dir='ltr'>profitetur</span> <span class='ocrx_word' id='word_1_681' title='bbox 637 3880 860 3941; x_wconf 86' lang='lat' dir='ltr'>philologi</span> <span class='ocrx_word' id='word_1_682' title='bbox 881 3884 1038 3940; x_wconf 89' lang='lat' dir='ltr'>Attici,</span> <span class='ocrx_word' id='word_1_683' title='bbox 1062 3885 1141 3944; x_wconf 86' lang='lat' dir='ltr'>qui</span> <span class='ocrx_word' id='word_1_684' title='bbox 1166 3885 1275 3929; x_wconf 88' lang='lat' dir='ltr'>Dio-</span> 
     </span>
    </p>
   </div>
   <div class='ocr_carea' id='block_1_8' title="bbox 1347 3869 2566 3935">
    <p class='ocr_par' dir='ltr' id='par_1_20' title="bbox 1347 3869 2566 3935">
     <span class='ocr_line' id='line_1_104' title="bbox 1347 3869 2566 3935; baseline -0.015 -6"><span class='ocrx_word' id='word_1_685' title='bbox 1347 3883 1542 3928; x_wconf 79' lang='lat' dir='ltr'>occisori</span> <span class='ocrx_word' id='word_1_686' title='bbox 1585 3880 1826 3926; x_wconf 86' lang='lat' dir='ltr'>dicendum</span> <span class='ocrx_word' id='word_1_687' title='bbox 1863 3879 1911 3922; x_wconf 90' lang='lat' dir='ltr'>in</span> <span class='ocrx_word' id='word_1_688' title='bbox 1943 3877 2027 3921; x_wconf 89' lang='lat' dir='ltr'>hac</span> <span class='ocrx_word' id='word_1_689' title='bbox 2060 3874 2250 3935; x_wconf 87' lang='lat' dir='ltr'>epistola</span> <span class='ocrx_word' id='word_1_690' title='bbox 2292 3869 2566 3915; x_wconf 87' lang='lat' dir='ltr'>dedicatoria</span> 
     </span>
    </p>
   </div>
   <div class='ocr_carea' id='block_1_9' title="bbox 97 4004 2398 4070">
    <p class='ocr_par' dir='ltr' id='par_1_21' title="bbox 97 4004 2398 4070">
     <span class='ocr_line' id='line_1_105' title="bbox 97 4004 2398 4070; baseline -0.001 -20"><span class='ocrx_word' id='word_1_691' title='bbox 97 4010 149 4059; x_wconf 68' lang='grc' dir='ltr'>ζ’)</span> <span class='ocrx_word' id='word_1_692' title='bbox 166 4014 260 4052; x_wconf 88' lang='lat' dir='ltr'>Sunt</span> <span class='ocrx_word' id='word_1_693' title='bbox 278 4015 417 4062; x_wconf 85' lang='lat' dir='ltr'>tamen,</span> <span class='ocrx_word' id='word_1_694' title='bbox 435 4025 521 4063; x_wconf 81' lang='lat' dir='ltr'>quae</span> <span class='ocrx_word' id='word_1_695' title='bbox 541 4016 627 4055; x_wconf 84' lang='lat' dir='ltr'>huic</span> <span class='ocrx_word' id='word_1_696' title='bbox 644 4018 839 4061; x_wconf 76' lang='lat' dir='ltr'>sentcntiae</span> <span class='ocrx_word' id='word_1_697' title='bbox 857 4004 1046 4059; x_wconf 84' lang='lat' dir='ltr'>adversari</span> <span class='ocrx_word' id='word_1_698' title='bbox 1062 4023 1203 4070; x_wconf 75' lang='lat' dir='ltr'>possint</span> <span class='ocrx_word' id='word_1_699' title='bbox 1221 4023 1350 4070; x_wconf 84' lang='lat' dir='ltr'>videri,</span> <span class='ocrx_word' id='word_1_700' title='bbox 1369 4025 1411 4061; x_wconf 87' lang='lat' dir='ltr'>ut</span> <span class='ocrx_word' id='word_1_701' title='bbox 1437 4022 1483 4060; x_wconf 86' lang='lat' dir='ltr'>ad</span> <span class='ocrx_word' id='word_1_702' title='bbox 1512 4020 1715 4068; x_wconf 79' lang='lat' dir='ltr'>fragmenta</span> <span class='ocrx_word' id='word_1_703' title='bbox 1742 4015 1953 4066; x_wconf 78' lang='lat' dir='ltr'>Apollodori</span> <span class='ocrx_word' id='word_1_704' title='bbox 1973 4010 2211 4061; x_wconf 75' lang='lat' dir='ltr'>geographica</span> <span class='ocrx_word' id='word_1_705' title='bbox 2227 4007 2398 4045; x_wconf 82' lang='lat' dir='ltr'>monebo·</span> 
     </span>
    </p>
   </div>
  </div>
 </body>
</html>
