2808 4342
1041 182 1122 228 DE
1156 185 1316 234 MARI
1349 190 1713 242 ERY'I'H'RAEO.

109 271 217 316 κατὰ
240 272 279 317 δὲ
303 273 376 328 τὴν
409 273 627 320 Αἰθιοπίαν
649 276 740 333 μεθ’
760 275 917 338 ἡμέρας
947 279 1057 332 τινὰς
1075 283 1198 328 ταύτὸ
1232 303 1341 346 συμ-
1368 283 1372 286 ”
1410 299 1585 360 μυεῖ-θ,-

110 339 278 398 ὅαίνειν,
311 341 381 386 καὶ
412 340 567 396 ταύτην
597 341 671 396 τὴν
698 345 941 406 περίστασιν
970 351 1248 411 κυκλουμένην
1273 354 1337 399 ἀεὶ

106 409 198 462 τοὺς
221 411 400 471 συνεχεῖς
417 409 564 461 τόπους
581 410 812 471 χειμάζειν.
882 417 1013 463 Οὐδὲν
1038 413 1106 464 οὖν
1128 414 1234 467 εἶναι
1253 442 1335 468 πα-

107 477 269 537 ράδοξον
298 480 332 523 εἷ
359 477 429 522 καὶ
450 477 560 523 κατὰ
582 478 656 535 τὴν
675 482 894 529 Αἰθιοπίαν
916 483 989 540 τὴν
1014 487 1207 546 κειμένην
1231 492 1334 554 ὑπὲρ

107 546 318 607 Αἰγύπτου
342 548 523 609 συνεχεῖς
545 550 587 594 ἐν
610 556 693 602 τοῖς
719 550 852 614 ὄρεσιν
880 553 1028 618 ὅμὸροι
1052 560 1334 622 καταράττον-

101 634 166 667 τες
187 617 228 660 ἐν
250 618 308 678 τῷ
332 616 438 678 θέρει
457 618 661 680 πληροῦσι
689 622 758 666 τὸν
795 624 997 684 ποταμὸν,
1023 626 1158 680 ἄλλως
1194 648 1238 675 τε
1261 631 1332 677 καὶ

99 687 172 739 τῆς
193 684 403 747 ἐναργείας
424 688 548 742 αὐτῆς
570 691 906 754 μαρτυρουμένης
929 694 1006 740 ὑπὸ
1025 699 1106 742 τῶν
1124 699 1218 761 περὶ
1241 700 1332 753 τοὺς

97 754 244 806 τόπους
277 754 494 801 οἰκούντων
533 758 768 823 βαρὸάρων.
837 764 889 809 Εἰ
915 763 957 809 δὲ
989 772 1072 818 τοῖς
1108 771 1207 830 παρ’
1231 773 1329 829 ἡμῖν

95 823 318 884 γινομένοις
352 826 537 871 ἐναντίαν
572 829 659 890 ἔχει
696 830 748 875 τὰ
780 832 984 895 λεγόμενα
1015 835 1150 896 φύσιν,
1183 841 1227 884 οὗ
1263 839 1329 885 διὰ

93 891 202 936 τοῦτ’
222 893 484 950 ἀπιστητέον·
507 896 576 941 καὶ
600 896 679 960 γὰρ
699 898 768 944 τὸν
791 900 904 947 νότον
935 904 1032 966 παρ’
1051 908 1151 966 ἡμῖν
1175 907 1249 967 μὲν
1270 904 1329 954 εἶ-

92 979 159 1005 ναι
181 962 406 1024 χειμέριον,
429 965 523 1028 περὶ
544 966 586 1012 δὲ
604 969 677 1023 τὴν
700 971 915 1016 Αἰθιοπίαν
936 973 1088 1036 αἴθριον
1106 977 1324 1042 ὑπάρχειν,

92 1030 163 1076 καὶ
182 1030 255 1083 τὰς
280 1033 462 1095 βορείους
481 1036 607 1088 πνοὰς
634 1039 728 1101 περὶ
751 1039 825 1098 μὲν
859 1040 934 1097 τὴν
968 1044 1178 1107 Εὐρώπην
1212 1048 1324 1094 εὐτό-

56 1121 60 1126 ·
91 1117 179 1151 νους
209 1093 337 1159 εἶναι,
368 1107 461 1148 κατ’
482 1105 638 1163 ἐκείνην
670 1109 712 1153 δὲ
746 1108 820 1166 τὴν
854 1111 994 1175 χώραν
1034 1117 1223 1180 βληχρὰς
1254 1119 1325 1165 καὶ

94 1168 261 1221 ἀτόνους
279 1170 348 1215 καὶ
367 1175 578 1227 παντελῶς
595 1177 794 1230 ἀσθενεῖς.

152 1253 228 1284 113.
263 1247 463 1290 Plutarch.
493 1253 570 1295 Qu.
603 1255 727 1294 Gonv.
754 1257 863 1305 VIII,
890 1262 932 1307 9,
961 1263 1011 1297 16
1035 1275 1045 1298 :
1073 1256 1127 1301 Οἱ
1155 1255 1197 1301 δὲ
1229 1257 1323 1319 περὶ

89 1304 164 1360 τὴν
186 1305 392 1371 Ἐρυθρὰν
420 1310 630 1358 θάλασσαν
646 1316 915 1380 νοσήσαντες,
944 1323 999 1372 ὡς
1023 1321 1322 1387 Ἀγαθαρχίδας

87 1375 323 1437 ἱστόρηκεν,
355 1378 491 1432 ἄλλοις
514 1400 558 1427 τε
581 1386 888 1446 συμπτώμασιν
913 1389 1144 1451 ἐχρήσαντο
1167 1398 1321 1448 καινοῖς

83 1440 155 1486 καὶ
192 1445 493 1507 ἀνιστορήτοις,
529 1450 600 1495 καὶ
637 1453 856 1514 δρακόντια
894 1456 1023 1520 μικρὰ
1057 1458 1129 1512 τὰς
1161 1461 1321 1523 κνήμας

84 1511 310 1559 διεσθίοντα
345 1515 415 1561 καὶ
455 1516 548 1570 τοὺς
583 1522 806 1583 βραχίονας
849 1524 1055 1589 ἐξέκυψεν,
1095 1529 1319 1592 ἁψαμένων

81 1580 118 1624 δ’
138 1574 249 1634 αὖθις
275 1584 489 1646 ἀνεδύετο,
516 1588 588 1633 καὶ
603 1592 848 1653 φλεγμονὰς
880 1597 1184 1659 ἀκαρτερήτους
1215 1603 1316 1647 ἐνει-

79 1648 257 1710 λούμενα
298 1660 381 1706 τοῖς
411 1655 591 1715 μυώδεσι
620 1665 819 1724 παρεῖχε·
851 1664 922 1710 καὶ
951 1668 1086 1727 roffio}
1110 1669 1157 1714 τὸ
1190 1670 1318 1725 πάθος

79 1717 170 1764 οὔτε
188 1721 384 1786 πρότερον
409 1718 514 1772 οἶδεν
536 1728 690 1790 οὐδεὶς,
712 1730 804 1778 οὔτε
827 1731 995 1798 ὕστερον
1020 1735 1182 1800 ἄλλοις,
1208 1741 1315 1787 ἀλλὰ

78 1789 243 1843 ἐκείνοις
268 1811 313 1854 γε
341 1794 476 1854 μόνοις
499 1798 735 1863 γενόμενον,
761 1804 815 1856 ὡς
834 1802 956 1867 ἔτερα
974 1808 1123 1856 πολλά.

26 1902 30 1905 .
139 1875 216 1906 114.
252 1869 393 1912 AElian.
419 1873 469 1913 N.
500 1876 548 1914 A.
575 1877 690 1926 XVI,
722 1882 773 1918 27
806 1894 816 1917 ι
853 1872 1153 1938 Ἀγαθαρχίδης
1185 1880 1313 1943 φησὶν

24 1978 26 1980 v
77 1920 183 1973 εἶναι
205 1929 317 1991 γένος
341 1934 382 1977 ἓν
401 1937 452 1996 τῇ
481 1935 618 1999 Λιὸύῃ
657 1941 776 1984 τινῶν
805 1942 1045 2004 ἀνθρώπων,
1069 1946 1140 1991 καὶ
1160 1949 1313 2008 ’μέντοι

4 1996 9 2002 ”
74 1999 144 2043 καὶ
169 2002 385 2047 καλεῖσθαι
409 2004 554 2058 αὐτοὺς
578 2007 799 2062 Ψύλλους·
822 2013 893 2058 καὶ
914 2013 990 2059 ὅσα
1015 2016 1088 2075 μὲν
1117 2018 1224 2063 κατὰ
1244 2020 1311 2065 τὸν

75 2067 197 2115 ἄλλον
224 2071 310 2132 βίον
332 2076 411 2119 τῶν
433 2076 586 2122 λοιπῶν
605 2079 830 2141 ἀνθρώπων
854 2084 1060 2148 διαφέρειν
1080 2088 1171 2133 οὐδὲ
1191 2088 1248 2148 ἓν,
1266 2091 1310 2136 τὸ

74 2136 116 2182 δὲ
136 2141 256 2199 σῶμα
289 2140 397 2203 ἔχειν
432 2143 539 2197 ξένον
570 2166 613 2192 τε
647 2148 717 2193 καὶ
749 2151 979 2213 παράδοξον
1003 2157 1057 2207 ὡς
1089 2157 1190 2219 πρὸς
1219 2159 1311 2212 τοὺς

73 2208 336 2270 ἓτεροφύλους
377 2214 734 2274 ἀντικρινόμενοψ
764 2220 816 2262 τὰ
850 2221 930 2283 γάρ
951 2240 1012 2268 τοι
1046 2226 1131 2286 ζῷα
1164 2224 1214 2271 τὰ
1235 2227 1309 2272 δοί-

70 2293 171 2321 κετα
204 2278 273 2323 καὶ
317 2279 369 2324 τὰ
411 2283 721 2344 ἔγχρίμπτοντα
757 2288 991 2349 πάμπολλα
1024 2291 1137 2350 ὄντα,
1181 2297 1307 2354 μηδὲν

72 2345 220 2397 αὖτοὺς
267 2348 413 2407 μόνους
460 2353 611 2397 ἀδικεῖν
631 2373 641 2382 ·
679 2355 769 2400 οὔτε
812 2363 907 2418 γοῦν
951 2360 1079 2423 ὄφεως
1117 2363 1308 2418 δακόντος

70 2412 297 2473 ἐπαΐουσιν,
323 2416 413 2463 οὔτε
438 2421 666 2483 φαλαγγίου
688 2424 879 2480 νύξαντος
898 2431 952 2481 ὡς
970 2429 1064 2483 τοὺς
1083 2431 1232 2487 ἄλλους
1252 2438 1306 2489 εἷς

71 2481 262 2543 θάνατον,
303 2485 394 2532 οὔτε
433 2488 515 2548 μὴν
556 2493 751 2554 σκορπίου
786 2495 952 2560 κέντρον
992 2501 1300 2564 ἄπερείσαντος.

67 2548 203 2597 ’Euam
245 2552 286 2599 δὲ
327 2555 408 2618 ἄρα
451 2558 605 2605 τούτων
650 2565 919 2629 προσπελάσῃ
966 2587 1004 2614 τι
1042 2570 1113 2615 καὶ
1154 2591 1304 2636 παρα-γ

66 2619 204 2682 ψαύσῃ
243 2627 314 2668 τοῧ
337 2624 552 2686 σώματος,
577 2630 647 2675 καὶ
670 2630 760 2688 ἅμα
796 2653 835 2679 τι
858 2636 928 2685 καὶ
961 2641 1035 2694 τῆς
1065 2641 1198 2697 ὀσμῆς
1231 2647 1304 2700 τῆς

66 2689 230 2736 ἐκείνων
252 2692 420 2757 (ψαύσῃ
441 2695 494 2758 ἢ)
518 2698 682 2762 σπάσῃ,
705 2699 846 2766 ὥσπερ
866 2699 934 2751 οῧν
955 2709 1176 2770 φαρμάκου
1206 2731 1303 2772 γευ-

66 2757 241 2817 σάμενον
273 2765 517 2822 ὑπνοποιοῧ,
547 2767 727 2831 κάρωσίν
752 2791 844 2817 τινα
879 2777 1069 2834 ἑλκτικὴν
1093 2781 1149 2831 εἷς
1184 2783 1301 2828 ἀναι-

66 2829 239 2885 σθησίαν
261 2833 547 2895 ἐμποιοῦντος,
570 2837 772 2892 ἐξασθενεῖ
795 2843 866 2888 καὶ
893 2854 1109 2909 παρεῖται,
1143 2853 1228 2897 ἔστ’
1251 2852 1298 2899 ἂν

66 2901 320 2964 παραδράμῃ
359 2907 380 2949 ὁ
418 2905 642 2970 ἄνθρωπος.
727 2908 878 2966 υΟπως
914 2915 955 2960 δὲ
995 2916 1211 2981 ἐλέγχουσι
1245 2923 1297 2968 τὰ

66 2969 217 3014 ἑαυτῶν
239 2971 388 3036 βρέφη,
408 2974 488 3021 εἴτε
507 2977 595 3023 ἐστὶ
615 2979 781 3041 γνήσια,
802 2982 883 3028 εἴτε
911 2985 983 3031 καὶ
1001 2987 1118 3050 νόθα,
1150 2992 1191 3036 ἓν
1212 2999 1294 3045 τοῖς

65 3037 244 3098 ἑρπετοῖς
277 3044 588 3105 βασανίζοντες,
613 3051 669 3101 ὡς
700 3052 740 3096 ἐν
771 3055 829 3112 τῷ
851 3054 950 3118 πυρὶ
980 3057 1048 3102 τὸν
1081 3060 1234 3122 χρυσὸν
1257 3066 1293 3108 οἱ

65 3105 262 3166 βάναυσοι
278 3116 527 3178 χρυσουργοὶ
538 3152 550 3174 ,
573 3119 765 3183 ἀνωτέρω
785 3114 913 3171 εἶπον,

120 3183 213 3225 115.
226 3186 381 3230 Plinius
400 3191 454 3232 H.
472 3192 527 3234 N.
548 3195 646 3246 VII,
665 3207 691 3235 2
710 3209 719 3236 :
738 3197 897 3241 Similis
907 3209 950 3241 et
965 3201 1008 3243 in
1027 3203 1182 3257 Africa
1197 3222 1296 3259 gens

60 3249 290 3302 Psyllorum
306 3254 422 3308 suit,
460 3268 508 3300 ut
536 3263 868 3314 Agatharchides
888 3269 1063 3321 scribit,
1102 3287 1130 3313 a
1157 3276 1296 3330 Psyllo

61 3327 150 3366 rege
165 3314 294 3368 dicta,
311 3322 429 3376 cujus
449 3327 678 3382 sepulcrum
695 3330 738 3372 in
753 3342 880 3387 parte
892 3337 1074 3390 Syrtium
1092 3344 1293 3397 majorum

59 3390 136 3423 est.
195 3386 354 3430 Horum
388 3394 550 3449 corpori
586 3395 813 3450 ingenitum
828 3400 926 3454 fuit
961 3406 1080 3448 virus
1122 3410 1293 3453 exitiale

61 3453 338 3507 serpentibus,
366 3467 406 3498 et
432 3462 551 3515 quus
578 3464 696 3507 odore
720 3479 910 3524 soporent
931 3486 1015 3515 eas.
1074 3479 1170 3519 Mos
1196 3494 1292 3521 vero

61 3519 208 3562 liberos
223 3522 382 3574 genitos
395 3529 593 3582 protinus
613 3534 836 3588 objiciendi
856 3540 1103 3585 saevissimis
1123 3560 1261 3590 earum
1274 3582 1285 3600 ,

58 3657 64 3671 ³
114 3646 137 3697 §
161 3649 254 3687 114.
272 3648 335 3688 De
352 3650 494 3705 Psyllis
509 3667 549 3694 v.
567 3656 767 3699 Herodot.
785 3661 862 3711 IV,
888 3664 987 3716 1733
1013 3667 1155 3709 Callias
1175 3672 1291 3727 Syra·

58 3720 146 3747 cus.
164 3709 208 3748 in
224 3710 293 3750 Fr.
311 3711 419 3753 Hist.
438 3715 494 3764 II,
507 3729 551 3770 p.
570 3717 666 3769 382,
684 3720 708 3760 3
723 3735 735 3770 ;
753 3723 939 3775 Agroetas
957 3726 1014 3767 ib.
1033 3730 1108 3781 IV,
1129 3746 1172 3786 p.
1190 3738 1287 3788 294,

61 3780 107 3820 13
125 3772 356 3826 Antigonus
383 3775 481 3816 Mir.
516 3791 552 3817 c.
582 3791 654 3832 193
679 3781 785 3823 Plin.
820 3785 876 3835 V,
901 3789 942 3835 4.
966 3789 1084 3841 VIH,
1110 3796 1178 3835 38.
1208 3797 1286 3847 XI,

57 3833 127 3872 28.
164 3833 230 3874 30.
252 3834 453 3888 XXVIII,
478 3842 525 3890 63
564 3841 709 3884 Strabo
726 3858 768 3898 p.
798 3847 891 3888 131.
929 3850 1024 3892 588.
1050 3855 1145 3904 814.
1177 3859 1284 3911 8383

61 3892 268 3938 Hecataeus
286 3911 352 3953 ap,
371 3899 430 3941 St.
449 3902 545 3956 Byz.
564 3917 596 3944 s.
616 3918 674 3956 V.;
691 3906 898 3952 Plutarch.
916 3911 1017 3955 Cato
1029 3916 1131 3958 min.
1153 3933 1191 3961 c.
1210 3920 1283 3972 563

853 3621 1648 3648 “R

1785 176 1802 187 Q

2551 236 2634 277 195

1625 303 1675 344 Id
1697 305 1832 360 ipsum
1854 307 1895 348 in
1915 309 2124 365 AEthiopia
2141 326 2305 370 quoque
2324 320 2478 376 aliquot
2496 328 2637 375 diebus

1409 378 1503 423 post
1529 373 1783 428 contingere.
1843 379 1897 417 Et
1918 377 2025 419 hanc
2043 382 2147 422 aeris
2180 383 2463 442 intemperiem
2495 410 2638 454 perpe-

1408 443 1483 476 tuo
1511 439 1802 483 circumactam
1817 443 1917 485 locis
1935 448 2138 502 contiguis
2155 458 2413 506 tempestates
2427 460 2635 509 inducere.

1405 506 1502 546 Non
1528 508 1654 562 igitur
1672 512 1826 553 mirum
1840 545 1852 564 ,
1869 516 1903 555 si
1927 516 2146 572 AEthiopiae
2157 533 2338 576 quoque,
2357 539 2479 581 supra
2493 531 2640 590 AEgyp-

1406 582 1493 615 tum
1504 577 1606 627 sitae,
1620 588 1818 622 montana
1828 582 2000 624 assiduis
2015 585 2291 631 obruerentur
2305 593 2520 651 imbribus,
2531 603 2640 644 unde

1403 656 1479 697 per
1501 653 1681 686 aestatem
1706 648 1856 689 fluvius
1893 653 2053 692 auctior
2087 653 2217 697 factus
2249 659 2499 717 insurgeret3
2538 682 2639 723 prae-

1403 711 1545 752 sertim
1561 726 1691 767 quum
1706 729 1795 756 rem
1810 717 1866 758 ita
1885 732 1927 759 se
1945 719 2097 762 habere
2112 722 2275 766 barbari
2289 728 2474 774 locorum
2492 739 2638 780 accolae

1402 788 1665 824 testarentur.
1727 786 1889 838 Quodsi
1922 788 2009 830 haec
2024 789 2110 845 jam
2133 807 2358 840 memorata
2389 808 2636 848 contrariam

1401 850 1581 893 habeant
1595 860 1786 896 naturam
1799 856 1863 907 iis,
1886 872 1977 913 quae
1995 861 2106 916 apud
2121 878 2196 904 nos
2211 866 2330 919 fiunt,
2349 885 2432 912 non
2447 885 2634 931 propter-

1400 934 1448 960 ea
1470 920 1597 962 fidem
1618 937 1705 964 esse
1727 924 2023 980 derogandam.
2084 933 2189 974 Nam
2211 946 2394 980 austrum
2420 944 2530 998 apud
2560 962 2634 987 nos

1398 989 1615 1033 turbidum
1636 1007 1722 1034 esse
1740 1003 1782 1035 et
1799 996 2039 1039 nimbosum
2054 1031 2065 1051 ,
2088 1002 2131 1041 in
2164 1004 2369 1063 AEthiopia
2401 1026 2496 1053 vero
2527 1029 2633 1056 sere-

1398 1072 1500 1098 num
1515 1090 1527 1109 ,
1549 1068 1590 1100 et
1610 1060 1793 1103 boreales
1814 1074 1957 1107 ventos
1979 1068 2024 1107 in
2042 1071 2212 1126 Europa
2238 1089 2323 1116 esse
2350 1081 2573 1122 concitatos
2592 1093 2633 1124 et

1396 1127 1684 1182 vehementes,
1706 1133 1750 1172 in
1786 1133 1864 1175 illis
1893 1138 2130 1191 regionibus
2163 1145 2352 1186 remissos
2384 1162 2632 1207 prorsusque

1395 1195 1598 1238 infirmos.

1457 1267 1550 1307 113.
1599 1269 1718 1311 Circa
1761 1272 1952 1315 Rubrum
1987 1291 2101 1318 mare
2147 1281 2294 1323 morbo
2338 1289 2541 1342 correpti,
2585 1301 2632 1333 ut

1393 1335 1719 1388 Agatharchidas
1750 1351 1917 1394 narrat,
1953 1359 2084 1400 quum
2107 1348 2195 1389 aliis
2226 1353 2344 1393 novis
2367 1363 2406 1395 et
2438 1357 2631 1401 inauditis

1393 1404 1678 1448 accidentibus
1705 1419 1803 1451 sunt
1824 1415 1982 1465 vexati,
2008 1424 2098 1456 tum
2120 1432 2272 1473 angues
2296 1423 2431 1478 exigui
2453 1429 2539 1468 nati
2570 1431 2631 1470 in·

1392 1478 1459 1511 tus
1478 1475 1648 1516 exsertis
1667 1478 1869 1532 capitibus
1902 1496 2017 1524 suras
2037 1493 2078 1525 et
2097 1485 2266 1530 brachia
2288 1491 2541 1545 peredebant
2554 1529 2565 1548 ,
2591 1507 2630 1539 et

1391 1541 1490 1580 tacti
1521 1556 1688 1584 rursum
1711 1560 1877 1588 carnem
1901 1551 2095 1594 subibant
2116 1569 2163 1596 ac
2190 1570 2266 1611 per
2283 1562 2514 1605 musculosa
2545 1581 2628 1607 ser-

1389 1619 1532 1663 pentes
1555 1613 1929 1664 inflammationum
1943 1622 2028 1662 vim
2050 1623 2348 1669 intolerabilem
2364 1633 2596 1676 excitabant
2615 1650 2623 1676 :

1388 1679 1515 1734 idque
1537 1683 1673 1724 morbi
1696 1699 1823 1739 genus
1845 1697 1916 1730 aut
1937 1691 2052 1745 prius
2080 1702 2151 1735 aut
2176 1699 2380 1750 posterius
2396 1700 2488 1742 ullis
2510 1703 2596 1744 aliis
2610 1737 2622 1755 ,

1386 1757 1536 1802 praeter
1569 1752 1676 1793 solos
1709 1755 1824 1807 istos,
1865 1757 2057 1813 obtigisse
2089 1777 2213 1805 nemo
2247 1770 2473 1823 comperit,
2511 1780 2559 1812 ut
2586 1781 2625 1813 et

1386 1817 1517 1858 multa
1534 1818 1627 1860 alia.

1446 1889 1539 1935 114.
1572 1890 1896 1943 Agatharchides
1915 1893 2016 1936 dicit
2048 1897 2093 1938 in
2117 1899 2248 1955 Libya
2281 1904 2490 1946 nationem
2513 1921 2620 1957 esse,

1383 1963 1539 2017 Psyllos
1561 1977 1868 2022 nuncupatam3
1898 1979 1939 2012 et
1960 1973 2064 2015 nihil
2086 1975 2256 2030 quidem
2285 1980 2423 2034 quoad
2455 1984 2620 2026 vivendi

1383 2039 1589 2081 rationem
1615 2056 1640 2083 a
1658 2043 1827 2099 reliquis
1848 2046 2088 2091 hominibus
2109 2051 2300 2106 differre,
2336 2067 2619 2102 verumtamen

1382 2129 1478 2155 cum
1500 2116 1588 2157 aliis
1609 2120 1846 2162 nationibus
1867 2127 2132 2179 peregrinum
2157 2143 2303 2171 eorum
2335 2147 2484 2189 corpus
2507 2151 2619 2178 com-

1379 2200 1570 2245 paratum
1596 2194 1913 2239 admirationem
1931 2200 2084 2243 habere
2098 2219 2110 2254 3
2142 2219 2229 2246 non
2251 2209 2363 2248 enim
2399 2222 2617 2254 venenatas

1378 2265 1549 2320 bestias,
1573 2283 1664 2324 quae
1681 2271 1744 2312 vel
1765 2273 1853 2314 ictu
1870 2275 1935 2315 vel
1957 2291 2099 2319 morsu
2124 2294 2330 2324 venenum
2348 2285 2612 2342 relinquunt,

1377 2342 1434 2382 eis
1471 2344 1685 2400 quippiam
1718 2362 1869 2390 nocere
1897 2365 2016 2404 posse
2030 2383 2042 2403 ,
2070 2368 2204 2409 neque
2243 2362 2443 2413 serpentis
2472 2376 2614 2405 morsu

1376 2426 1447 2458 aut
1474 2419 1790 2475 phalangiorum
1817 2426 2041 2468 mortiferis
2076 2430 2339 2485 vulneribus,
2374 2444 2422 2477 ut
2456 2447 2612 2481 ceteros

1374 2492 1588 2548 homines,
1613 2497 1747 2550 affici,
1779 2515 1914 2556 neque
1945 2506 2212 2561 scorpionum
2243 2510 2393 2552 aculeis
2424 2513 2516 2555 laedi
2546 2531 2611 2558 so-

1372 2566 1471 2609 lere.
1533 2573 1677 2623 Quum
1695 2575 1807 2615 enim
1824 2587 2075 2620 venenatum
2094 2581 2295 2636 quiddam
2312 2585 2366 2626 ad
2383 2601 2452 2628 eos
2477 2604 2611 2632 acces-

1372 2644 1471 2685 serit
1502 2653 1542 2686 et
1570 2661 1720 2704 corpus
1743 2665 1888 2692 eorum
1917 2655 2094 2709 attigerit
2130 2658 2195 2699 vel
2222 2659 2401 2716 aliquem
2437 2664 2609 2708 odorem

1370 2720 1577 2775 hauserit,
1605 2725 1731 2767 veluti
1759 2729 2030 2784 soporiferam
2058 2733 2227 2777 bibisset
2247 2739 2464 2792 potionem
2479 2773 2491 2793 ,
2522 2752 2608 2785 stu-

1368 2814 1470 2856 pore
1491 2803 1686 2847 affectum
1720 2823 1767 2849 ac
1789 2824 1912 2851 sensu
1931 2814 2139 2867 privatum
2162 2818 2339 2872 sopitur,
2379 2829 2421 2862 et
2449 2824 2608 2867 tamdiu

1368 2880 1618 2937 debilitatur,
1654 2890 1792 2943 quoad
1830 2892 1882 2932 ab
1918 2907 1968 2934 eo
2002 2896 2158 2950 Psyllus
2192 2902 2417 2943 recesserit.
2477 2906 2607 2947 Porro

1365 2972 1483 3005 natos
1506 2967 1583 3008 sibi
1605 2969 1781 3012 infantes
1803 2974 2031 3028 quomodo,
2065 2981 2247 3032 germani
2269 2996 2322 3022 an
2357 2985 2486 3039 spurii
2506 2987 2602 3038 sint,

1365 3048 1629 3101 experiantur
1656 3055 1914 3108 serpentibus
1946 3057 2148 3111 admotis,
2181 3070 2228 3102 ut
2264 3064 2353 3103 auri
2382 3066 2601 3118 puritatem

1363 3127 1457 3181 igne
1475 3130 1690 3185 explorant
1712 3135 1931 3189 aurifabri,
1953 3153 2077 3194 supra
2099 3142 2166 3194 (Ι,
2190 3131 2274 3196 57)
2299 3146 2477 3185 narravi.

1366 3222 1485 3264 eoque
1513 3226 1651 3264 genere
1678 3216 1937 3271 pudicitiam
1972 3222 2188 3275 conjugum
2216 3223 2474 3279 experiendi,
2521 3243 2598 3268 non

1359 3279 1697 3335 profugientibus
1716 3286 1947 3329 adulterino
1964 3291 2161 3342 sanguine
2179 3302 2298 3334 natos
2322 3295 2592 3351 serpentibus.

1365 3351 1468 3390 Haec
1486 3365 1584 3402 gens
1608 3354 1700 3410 ipsa
1722 3357 1883 3412 quidem
1894 3375 2026 3416 prope
2049 3361 2314 3405 internecione
2337 3367 2505 3407 sublata
2534 3379 2595 3418 est

1362 3431 1389 3456 a
1406 3421 1726 3473 Nasamonibus,
1752 3425 1825 3480 qui
1845 3441 1951 3469 nunc
1979 3443 2048 3470 eas
2072 3439 2204 3472 tenent
2219 3433 2331 3475 sedes
2351 3451 2366 3476 .·
2386 3450 2510 3487 genus
2531 3446 2594 3478 ta·

1361 3500 1450 3526 men
1467 3487 1674 3531 hominum
1692 3506 1742 3532 ex
1762 3493 1829 3543 iis,
1851 3495 1925 3550 qui
1934 3497 2231 3552 profugerant,
2255 3511 2345 3551 aut,
2371 3518 2495 3558 quum
2511 3520 2593 3560 pu—

1357 3564 1529 3605 gnatum
1550 3568 1624 3608 est,
1646 3560 1880 3614 abfuerant,
1903 3565 2096 3623 hodieque
2111 3580 2287 3611 remanet
2312 3572 2353 3613 in
2365 3574 2532 3628 paucis.

1362 3679 1444 3720 Dio
1462 3681 1572 3722 Cass.
1592 3684 1661 3734 LI,
1691 3688 1766 3736 14;
1789 3688 1944 3729 Lucan.
1965 3691 2042 3741 IX,
2065 3693 2168 3746 8933
2186 3693 2305 3736 Silius
2322 3696 2412 3737 Ital.
2428 3699 2462 3747 I,
2486 3700 2586 3746 411;

1360 3742 1602 3785 Ptolemaeus
1619 3747 1696 3797 IV,
1715 3750 1740 3797 4
1755 3764 1766 3799 ;
1779 3749 1937 3807 Suckey
1953 3752 1996 3792 in
2010 3756 2136 3796 Me'm.
2150 3755 2198 3796 de
2217 3757 2380 3798 l'Acacl.
2400 3758 2440 3797 d.
2463 3759 2584 3799 inscr.

1360 3813 1391 3845 t.
1408 3806 1505 3854 VII,
1523 3820 1566 3861 p.
1588 3808 1667 3861 273
1683 3824 1694 3859 ;
1712 3811 1975 3869 Description
1991 3814 2039 3856 de
2054 3808 2254 3874 l'E'gypte,
2280 3828 2311 3860 t.
2327 3820 2483 3869 XXIV,
2506 3822 2583 3871 82;

1357 3868 1548 3909 Minutoli
1567 3869 1778 3915 Ablzandl.
1800 3876 2067 3919 vermischten
2081 3880 2245 3921 Inhalts
2260 3883 2294 3932 I,
2312 3895 2354 3936 p.
2369 3885 2421 3930 42
2437 3895 2525 3936 sqq.
2570 3895 2573 3898 ·

1108 4062 1531 4091 ψ

2354 4129 2396 4163 18
