2756 4354
539 218 618 264 DE
649 213 952 261 ANONYMO
986 215 1266 263 AUCTORE
1301 218 1540 266 PERIPLI
1577 222 1770 270 MARts
1803 225 2148 276 ERYTHRAEI.

78 327 308 376 serpentes
341 313 458 373 nigri
485 326 628 373 prope
657 309 810 355 sinum
840 308 1041 364 Irinum,
1065 310 1238 355 virides
1263 311 1311 355 in

78 393 194 436 mari
231 392 518 450 Barygazeno
558 385 600 448 (5
618 387 720 447 40);
757 386 829 430 sin
862 400 1024 429 versus
1058 384 1164 447 Indi
1190 388 1308 430 ostia

80 481 258 510 cursum
273 462 488 516 tenueris,
501 461 635 518 longe
645 460 793 504 adhuc
805 475 831 503 a
842 470 961 504 terra
973 469 1148 504 semoto
1158 475 1309 504 occur-

13 549 15 552 “
78 542 139 586 rit
152 540 280 585 fluvii
297 553 412 598 aqua
426 536 529 582 alba
553 537 700 597 (538).
726 535 828 580 Alia
847 545 954 580 sunt
964 535 1136 580 indicia
1159 535 1310 580 τοπικὰ

78 612 379 675 impendentis
415 612 709 672 tempestatis.
750 609 924 664 Quodsi
948 610 1004 654 ad
1046 613 1309 655 Aromatum

76 689 439 751 promontorium
452 700 570 748 aqua
584 687 762 732 turbari
778 687 918 747 coepit
934 696 1168 746 mutatque
1185 688 1308 731 colo-

76 779 170 816 rem
185 799 198 824 ,
217 773 413 808 tremens
437 774 574 808 nauta
595 763 650 807 ad
667 761 901 807 Tabarum
920 762 1228 822 promontorii
1248 772 1314 806 tu-

77 849 227 884 tamen
247 838 453 897 confugit
471 838 522 898 (5
540 855 591 881 12
606 839 638 898 ).
666 837 952 891 Quibusdam
970 837 1019 882 in
1036 837 1153 882 locis
1173 837 1312 881 maris

79 914 248 959 fluenta
264 914 599 972 navigationem
624 913 894 967 secundant,
917 922 965 957 ut
988 913 1027 957 si
1049 913 1153 972 quis
1169 911 1311 956 Tabis

55 993 59 998 ’
76 990 264 1050 Oponen
279 990 453 1050 petatffi
468 1007 485 1033 1
496 988 538 1051 3)
554 1008 566 1046 3
580 990 627 1034 in
642 990 744 1034 aliis
755 1004 1045 1049 summopere
1060 989 1310 1033 cavendum

76 1076 166 1121 est;
209 1066 275 1110 sic
315 1066 364 1109 in
395 1065 593 1110 Arabico
627 1066 732 1110 sinu
765 1065 886 1109 inter
921 1064 1238 1109 Nabataeorum
1271 1074 1315 1108 et

76 1140 340 1185 Sabaeorum
379 1141 591 1199 regiones
632 1143 653 1185 ὁ
693 1140 934 1202 παράπλους
973 1139 1202 1201 ἐπισφαλὴς
1242 1138 1312 1184 καὶ

77 1213 267 1275 ἀλίμενος
287 1218 313 1269 ἢ
337 1214 455 1277 χώρα
475 1214 545 1260 καὶ
564 1215 766 1277 δύσορμος
781 1214 851 1259 καὶ
871 1214 1123 1275 ἀκάθαρτος,
1149 1213 1311 1276 ῥαχίαις

75 1290 146 1335 καὶ
163 1291 320 1342 σπίλοις
343 1291 560 1353 ἀπρόσιτος
593 1290 663 1335 καὶ
683 1289 790 1335 κατὰ
807 1292 943 1334 πάντα
967 1288 1123 1351 φοὸερά
1153 1290 1192 1349 (5
1214 1291 1305 1349 20).

76 1364 201 1411 Inter
223 1365 440 1410 Arabiam
470 1381 582 1411 vero
617 1376 661 1410 et
687 1365 882 1409 Diodori
905 1366 1103 1410 insulam
1134 1364 1309 1428 ῥοώδης,

75 1440 401 1498 καταπνεόμενος
425 1439 506 1484 ἀπὸ
538 1441 618 1484 τῶν
650 1438 967 1500 παρακειμένων
1000 1441 1123 1501 ὀρῶν,
1164 1443 1184 1484 ὅ
1217 1438 1307 1484 διά-

75 1514 199 1564 πλους
235 1512 276 1577 (5
298 1515 391 1574 24).
431 1515 534 1558 Alia
578 1515 786 1574 'pericula
823 1513 1011 1558 vitanda
1036 1514 1092 1558 ad
1132 1514 1308 1559 Irinum

71 1589 224 1634 sinum
251 1590 291 1648 (5
315 1591 406 1650 40),
440 1590 530 1635 alia
559 1591 608 1634 in
629 1590 735 1635 sinu
758 1591 1075 1650 Barygazeno,
1099 1590 1179 1635 ubi
1212 1607 1311 1636 cau-

74 1666 190 1710 tium
208 1668 378 1720 taeniae,
409 1681 534 1711 mare
555 1665 714 1722 breve,
734 1666 844 1710 litus
862 1666 1036 1711 humile
1063 1682 1113 1710 ac
1134 1682 1310 1711 summa

74 1742 301 1801 repentini
321 1741 470 1786 fluxus
495 1751 540 1785 et
561 1741 764 1786 refluxus
783 1741 1071 1786 vehementia
1093 1741 1204 1785 adeo
1228 1757 1307 1786 na-

75 1817 350 1875 vigationem
374 1817 686 1878 praepediunt,
714 1827 766 1861 ut
802 1817 988 1862 advenae
1023 1832 1158 1861 naves
1190 1833 1308 1861 non-

74 1893 164 1938 nisi
174 1894 377 1939 remulco
390 1904 541 1939 tractae
550 1894 868 1953 indigenarum
879 1894 1071 1954 piscat01
1082 1909 1156 1938 um
1173 1908 1311 1954 opera

74 1969 307 2030 Barygaza
327 1971 548 2030 attingere
564 1971 743 2031 possint
765 1970 805 2033 (5
829 1970 915 2030 4ο).
942 1973 1097 2015 Portus
1113 1985 1312 2014 commo-

74 2044 122 2089 di
150 2045 231 2090 ubi
261 2056 526 2107 suppetunt,
553 2047 773 2090 rationem
812 2060 970 2089 eorum
1008 2061 1100 2088 non
1121 2046 1311 2104 exponit

72 2119 250 2178 Noster,
278 2132 436 2166 contra
462 2137 571 2165 vero
595 2131 751 2165 monet
774 2119 960 2164 ubinam
984 2119 1098 2162 boni
1124 2118 1308 2177 quidem

70 2207 233 2256 portus
267 2214 358 2242 non
409 2198 518 2251 sint,
542 2207 736 2240 attamen
769 2196 985 2239 stationes
1022 2193 1310 2254 praebeantur

75 2272 211 2316 modo
242 2288 436 2329 securae,
466 2272 603 2316 modo
625 2271 995 2331 periculosiores.
1019 2270 1094 2314 Sic
1131 2269 1308 2313 Barba-

73 2345 155 2389 riae
203 2348 410 2406 emporia
448 2346 693 2403 insigniori
735 2355 873 2404 portu
916 2354 1095 2398 carent,
1142 2343 1310 2387 habent

73 2430 222 2464 tamen
267 2419 577 2481 ἀγκυροὲολίαις
615 2418 684 2463 καὶ
723 2419 861 2468 σάλοις
883 2416 976 2479 τοὺς
1012 2416 1161 2478 ὅρμους
1202 2417 1310 2461 κατὰ

71 2493 233 2556 καιροὺς
267 2493 517 2549 ἐπιτηδείους
544 2495 584 2552 (5
610 2494 667 2552 7).
712 2493 782 2537 Ad
813 2492 960 2535 Malao
999 2506 1116 2550 emp.
1141 2494 1161 2534 ὁ
1186 2490 1310 2552 ὅρμος

72 2568 286 2624 ἐπίσαλος,
309 2567 557 2626 σκεπόμενος
575 2565 816 2627 ἀκρωτηρίῳ
841 2567 899 2627 τῷ
917 2564 957 2616 ἐξ
976 2566 1175 2618 ἀνατολῆς
1201 2567 1306 2610 ἀναν

71 2644 238 2690 τείνοντι
251 2645 292 2704 (5
315 2644 372 2703 8).
390 2642 643 2688 AdMundu
656 2657 777 2703 emp.
795 2638 1101 2704 ἀσφαλέστερον
1120 2640 1240 2703 ὁρμεῖ
1258 2639 1308 2684 τὰ

71 2721 196 2766 πλοῖα
231 2722 286 2772 εἷς
322 2719 396 2775 τὴν
424 2719 725 2782 προσκειμένην
770 2717 936 2777 ἔγγιστα
969 2721 1040 2772 τῆς
1080 2721 1153 2776 γῆς
1188 2720 1310 2771 νῆσον

75 2798 117 2857 (5
143 2798 204 2856 9).
232 2797 477 2855 Mosyllum
494 2795 614 2855 jacet
644 2796 685 2838 ε’ν
720 2794 894 2854 αἰγιαλῷ
923 2791 1112 2854 δυσόρμῳ
1155 2792 1195 2853 (5
1223 2795 1308 2852 10).

71 2872 221 2932 Prope
238 2873 504 2916 Aromatum
528 2870 784 2930 emporium
802 2872 822 2913 ὁ
841 2868 964 2930 ὅρμος
988 2867 1180 2919 ἐπίσαλος
1201 2866 1306 2930 [καὶ]

72 2945 178 2991 κατὰ
217 2944 380 3007 καιροὺς
425 2943 683 2995 ἕπικύνδυνος
706 2944 773 2989 διὰ
796 2943 841 2988 τὸ
868 2946 1053 3005 προσεχῆ
1083 2942 1149 2987 τὸν
1186 2942 1308 2987 τόπον

72 3013 177 3066 εἶναι
201 3024 258 3082 τῷ
286 3020 408 3083 βορέᾳ
431 3021 469 3079 (5
494 3018 580 3081 12).
602 3019 741 3064 Juxta
758 3019 978 3079 Apocopa
1003 3018 1185 3063 Azaniae
1201 3033 1310 3078 por-

72 3108 144 3142 tus
170 3098 341 3152 nullus,
360 3098 530 3157 passim
554 3111 665 3140 vero
682 3097 782 3140 loca
806 3093 1114 3158 ἀγκυροὸολίοις
1136 3110 1309 3138 accom-

72 3174 209 3217 moda
232 3175 269 3236 (5
295 3173 383 3235 15).
410 3174 544 3221 Muza
563 3173 819 3233 emporium
840 3171 1030 3230 ἀλίμενον
1061 3169 1153 3230 μὲν,
1178 3169 1311 3214 εὔσα-

74 3247 143 3291 λον
166 3246 206 3290 δὲ
226 3248 294 3292 καὶ
312 3248 482 3309 εὔορμον
507 3247 574 3291 διὰ
602 3246 652 3291 τὰ
677 3245 772 3308 περὶ
799 3245 927 3301 αὐτὴν
958 3244 1307 3304 ἀμμόγειαάγκυ-

79 3320 244 3383 ροὸόλια
268 3324 306 3383 (5
330 3325 423 3386 24).
449 3323 746 3369 ptolemaidis
760 3322 882 3373 τόπος
906 3320 1094 3380 ἀλίμενος
1114 3319 1183 3365 καὶ
1199 3319 1309 3365 σκά-

77 3414 172 3460 φαις
195 3397 312 3456 μόνον
331 3399 404 3454 τὴν
431 3400 654 3462 ἐπιδρομὴν
678 3399 785 3462 ἔχων
814 3400 927 3460 (53).
964 3398 1186 3443 Similiter
1207 3398 1310 3441 Nel-

80 3473 228 3533 cynda
258 3474 496 3535 Limyricae
532 3478 709 3522 onustis
743 3476 940 3521 navibus
968 3476 1086 3520 adiri
1126 3475 1308 3534 nequit,

16 3559 21 3564 ’
79 3549 158 3594 sed
176 3549 230 3592 ad
258 3549 452 3594 Bacaren
468 3553 618 3597 vicum
640 3552 978 3598 subsistendum
997 3553 1154 3611 ibique
1175 3566 1313 3595 onera

82 3627 390 3686 expromenda
407 3638 512 3671 sunt
539 3628 578 3686 (5
593 3629 687 3687 55).
709 3629 763 3672 In
779 3629 1010 3673 Adulitico
1036 3638 1181 3672 autem
1208 3627 1309 3671 sinu

80 3716 220 3759 quum
245 3701 352 3744 olim
392 3701 447 3744 ad
475 3701 667 3746 Diodori
687 3703 884 3747 insulam
906 3703 1031 3747 litori
1054 3703 1309 3763 proximam

80 3775 383 3834 appellerent,
412 3791 533 3818 nunc
569 3776 624 3819 ad
647 3776 819 3821 Orinen
858 3778 1053 3822 insulam
1086 3792 1224 3821 naves
1257 3777 1312 3820 si-

80 3859 220 3904 stunt,
234 3849 447 3909 quoniam
466 3850 594 3909 prior
614 3851 746 3894 statio
760 3850 1065 3897 barbarorum
1091 3852 1314 3896 incursio-

2501 260 2587 294 cm

1377 314 1514 361 nibus
1536 316 1737 362 obnoxia
1753 319 1828 364 sit.
1847 346 1906 354 —-·
1922 321 2145 366 Praeterea
2165 331 2422 385 navigiorum
2437 351 2594 391 genera

1370 388 1420 432 in
1456 390 1559 434 aliis
1596 392 1862 449 regionibus
1898 394 1988 438 alia
2032 405 2186 440 notare
2224 400 2348 446 solet.
2390 405 2593 468 Πλοιάρια

1374 463 1511 522 ῥαπτὰ
1533 463 1604 508 καὶ
1627 465 1828 523 μονόξυλα
1851 467 1906 511 ad
1930 467 2104 528 Rhapta
2123 476 2480 529 promontorium
2502 482 2597 538 (cui

1373 538 1482 602 hinc
1503 555 1670 584 nomen
1689 543 1784 602 est)
1809 553 1853 587 et
1883 543 2218 590 Menuthiadem
2255 549 2446 593 insulam
2471 569 2599 599 usur-

1373 607 1486 672 pant
1529 614 1574 671 (5
1605 614 1674 660 15.
1704 614 1802 677 16);
1831 616 2011 677 σχεδίαις
2049 619 2247 670 ἐντοπίαις
2279 622 2533 683 δερματίναις
2565 627 2601 679 ἐξ

1378 690 1515 732 ἀσκῶν
1550 689 1725 734 Arabes
1751 691 1854 735 thus
1887 694 1936 736 in
1968 694 2119 739 Canen
2145 697 2399 742 convehunt
2431 702 2471 759 (5
2497 704 2569 762 27)
2592 719 2604 758 ;

1377 762 1543 807 ἕντόπια
1571 763 1707 826 ῥαπτὰ
1726 766 1922 827 πλοιάρια
1942 767 1993 810 τὰ
2016 768 2215 828 λεγόμενα
2242 772 2404 833 μαδάρα
2423 778 2605 822 Omanis

1378 839 1428 882 in
1445 838 1662 884 Arabiam
1684 841 1991 900 expediuntur
2009 843 2054 901 (5
2073 843 2142 903 36)
2162 862 2173 899 3
2197 846 2335 907 μακρὰ
2354 849 2474 894 πλοῖα
2503 850 2526 894 ἃ
2543 851 2608 896 λε’-

1378 930 1494 973 γεται
1518 913 1746 975 τράππαγα
1778 914 1849 959 καὶ
1885 915 2072 969 κότυμὸα
2107 918 2153 961 in
2192 919 2294 964 sinu
2322 922 2606 982 Barygazeno

1379 1004 1518 1034 naves
1531 989 1796 1049 peregrinas
1813 991 2016 1035 remulco
2033 991 2216 1037 trahunt
2240 994 2280 1055 (5
2301 997 2494 1055 44)3alia
2506 1011 2609 1045 sunt

1378 1062 1530 1108 τοπικὰ
1552 1066 1676 1108 πλοῖα
1690 1100 1702 1120 ,
1730 1065 1900 1125 quibus
1920 1082 1944 1111 e
1964 1066 2144 1112 Paduca
2167 1079 2209 1113 et
2230 1069 2439 1131 Sopatma
2460 1075 2508 1118 in
2533 1075 2608 1121 Li-

1380 1140 1586 1199 myricen
1619 1142 1839 1200 navigant
1870 1144 1908 1201 (5
1928 1144 2031 1202 6ο);
2059 1144 2146 1188 alia
2170 1145 2338 1210 ibidem
2370 1147 2409 1199 ἐξ
2439 1149 2608 1208 μονοξύ-

1381 1215 1463 1258 λων
1503 1214 1656 1260 πλοίων
1700 1216 1902 1277 μεγίστων
1944 1217 2066 1279 ἁφαῖς
2106 1220 2370 1280 ἐζευγμένων,
2410 1224 2609 1283 λεγόμενοι

1385 1287 1596 1351 σάγγαρα,
1627 1291 1716 1335 alia
1749 1308 1849 1351 quae
1881 1292 1989 1337 hinc
2026 1293 2074 1337 in
2107 1293 2310 1354 Chrysen
2350 1297 2608 1356 trajiciunt,

1386 1366 1716 1429 κολανδιοφωντα
1746 1367 1796 1429 (²⁶)
1838 1367 1889 1412 τὰ
1914 1367 2107 1429 μέγιστα.
2133 1370 2258 1415 Alibi
2283 1373 2612 1431 magnitudines

1385 1441 1569 1485 navium
1590 1442 1949 1501 distinguuntur.
1975 1444 2049 1488 Sic
2067 1444 2240 1489 Arabes
2261 1445 2437 1492 Leucen
2456 1465 2611 1493 comen

1384 1517 1553 1562 adeunt
1573 1517 1727 1569 πλοίοις
1747 1520 1791 1563 οὗ
1806 1519 2014 1578 μεγάλοις,
2031 1521 2136 1564 dum
2159 1522 2407 1579 grandibus
2421 1524 2612 1570 navibus

1382 1587 1574 1637 utuntur
1598 1593 1700 1638 Indi
1732 1594 1811 1652 qui
1835 1595 1959 1653 ligna
1981 1596 2183 1655 aliasque
2206 1612 2277 1641 res
2310 1602 2458 1656 magni
2486 1601 2611 1644 volu-

1383 1667 1523 1712 minis
1542 1668 1590 1712 in
1610 1668 1823 1712 Arabiam
1845 1669 2092 1729 deportant.

1453 1745 1555 1798 176.
1588 1743 1816 1799 EMPomA,
1844 1745 1892 1787 in
1920 1759 2076 1802 regum
2113 1744 2367 1790 ditionibus
2404 1748 2515 1801 sita,
2537 1761 2611 1792 aut

1386 1817 1728 1879 ἀποδεδειγμένα,
1761 1817 1932 1877 νόμιμα,
1961 1817 2136 1876 ἔνθεσμα
2174 1829 2301 1875 sunt,
2326 1831 2401 1864 aut
2443 1822 2608 1867 τοπικά.

1385 1892 1488 1937 Haec
1544 1895 1830 1939 commerciis
1876 1895 2134 1939 inserviunt
2170 1911 2270 1954 quae
2304 1898 2423 1940 inter
2457 1908 2611 1956 portus

1383 1966 1586 2025 ejusdem
1625 1969 1828 2026 regionis
1862 1969 2174 2024 intercedunt3
2223 1970 2303 2013 illa
2338 1971 2610 2030 recipiendis

1384 2044 1611 2089 mercibus
1647 2045 1904 2103 peregrinis
1946 2055 2021 2090 aut
2056 2046 2350 2105 exportandis
2384 2047 2609 2104 indigenis

1383 2119 1456 2164 lex
1475 2122 1547 2165 vel
1571 2137 1681 2166 usus
1706 2121 1973 2167 destinabat.
2005 2121 2058 2165 ln
2087 2122 2267 2181 AEgypti
2296 2138 2376 2166 ora
2408 2125 2609 2182 emporia

1383 2196 1704 2256 ἀποδεδειγμένα
1740 2197 1955 2241 dicuntur
1981 2196 2298 2255 Myoshormus
2322 2208 2365 2241 et
2394 2198 2606 2243 Berenice

1385 2272 1425 2336 (§
1452 2269 1506 2329 1),
1543 2272 1592 2315 in
1632 2272 1981 2315 Auxumitarum
2026 2286 2164 2328 regno
2206 2271 2398 2331 ἐμπόριον
2435 2272 2604 2331 νόμιμον

1380 2344 1540 2388 Adulis
1554 2347 1594 2402 (5
1608 2343 1669 2404 4),
1688 2345 1807 2403 apud
1821 2344 2002 2388 Sabaeos
2019 2343 2190 2388 Arabes
2208 2347 2339 2389 Muza
2354 2346 2394 2402 (5
2407 2348 2479 2403 21)
2498 2345 2605 2406 (***)‚

1381 2420 1499 2476 apud
1522 2419 1682 2462 Persas
1706 2421 1732 2472 ἡ
1754 2418 1974 2477 Ἀπολόγου
1999 2419 2040 2475 (5
2061 2418 2134 2475 35)
2155 2435 2166 2472 ;
2188 2420 2234 2460 in
2257 2418 2441 2474 regione
2463 2419 2604 2463 thuri-

1381 2494 1475 2538 fera
1509 2494 1692 2538 Moscha
1724 2504 1791 2538 est
1833 2492 1953 2553 ὅρμος
1994 2491 2325 2550 ἀποδεδειγμένος
2354 2497 2422 2537 τοῦ
2463 2496 2605 2554 Σαχα-

1379 2568 1491 2613 λίτου
1514 2567 1683 2612 λιὸάνου
1718 2569 1759 2627 (5
1785 2568 1876 2627 32).
1902 2566 1956 2611 ln
1979 2566 2140 2612 Aniaca
2176 2566 2334 2612 Indica
2352 2567 2601 2626 legitimum

1382 2642 1638 2702 emporium
1662 2652 1729 2687 est
1749 2643 2001 2700 Barygaza3
2022 2641 2143 2700 quod
2163 2642 2246 2685 etsi
2259 2643 2486 2701 expressis
2502 2659 2602 2687 ver-

1382 2716 1456 2761 bis
1490 2733 1584 2761 non
1621 2727 1774 2762 monet
1813 2717 1991 2771 Noster,
2021 2727 2168 2760 tamen
2191 2717 2298 2760 inde
2331 2728 2451 2777 patet
2485 2720 2603 2777 quod

1379 2793 1558 2852 reliqua
1579 2791 1716 2851 hujus
1740 2792 1869 2849 regni
1885 2791 2113 2851 emporia,
2136 2790 2365 2850 Suppara,
2388 2791 2604 2850 Calliena,

1378 2867 1698 2926 Mandragora,
1714 2867 2016 2926 Palaepatmae,
2034 2866 2308 2924 Melizigara,
2323 2867 2602 2926 Byzantium,

1380 2943 1640 3002 Togarum,
1679 2941 2055 3002 Tyrannosboas,
2100 2951 2321 2985 vocantur
2358 2941 2527 2997 τοπικὰ,
2560 2944 2604 2986 in

1380 3036 1482 3079 quae
1505 3021 1543 3065 si
1561 3020 1633 3064 vel
1666 3018 1779 3063 forte
1798 3018 1977 3062 fortuna
2005 3032 2142 3061 naves
2161 3017 2421 3074 graecanicae
2445 3018 2605 3076 appel-

1381 3095 1496 3150 lunt,
1541 3095 1757 3154 imposi’ta
1795 3091 2003 3136 custodia
2038 3091 2263 3149 Barygaza
2304 3090 2599 3136 deducuntur.

1380 3171 1589 3215 Ceterum
1630 3186 1686 3214 ex
1726 3169 1802 3214 his
1840 3168 2084 3211 Gallienam
2135 3165 2371 3222 Saraganae
2412 3165 2603 3209 senioris

1381 3246 1662 3307 temporibus
1681 3243 1873 3304 ἐμπόριον
1898 3241 2088 3299 ἔνθεσμον
2108 3242 2269 3295 fuisse,
2293 3239 2376 3284 sub
2400 3239 2603 3284 Sandane

1379 3332 1525 3366 autem
1551 3322 1842 3365 imminutum
1867 3332 1964 3361 esse
1983 3316 2176 3359 traditur
2196 3316 2236 3374 (5
2260 3315 2315 3357 52
2336 3315 2367 3372 ).
2388 3314 2604 3358 Similiter

1378 3396 1628 3441 Eudaemon
1663 3393 1830 3438 Arabia
1850 3392 1959 3436 olim
1987 3389 2202 3434 eximium
2226 3388 2308 3432 fuit
2328 3388 2600 3448 emporium,

1378 3481 1536 3530 postea
1553 3485 1663 3514 vero
1691 3477 1858 3512 mutata
1890 3464 2191 3523 navigationis
2230 3463 2404 3506 ratione
2433 3462 2489 3505 ad
2516 3463 2604 3505 vici

1382 3547 1626 3591 exilitatem
1665 3545 1895 3588 redactum
1924 3551 2007 3596 est,
2032 3555 2163 3600 quem
2202 3554 2292 3583 non
2324 3539 2386 3581 ita
2415 3538 2602 3581 multum

1381 3632 1482 3665 ante
1502 3619 1656 3664 Nostri
1681 3628 1853 3662 aetatem
1873 3615 2020 3659 Elisar
2041 3614 2264 3658 destruxit
2285 3613 2324 3671 (5
2341 3613 2432 3664 26).
2460 3611 2509 3654 ln
2530 3611 2600 3654 Li-

1378 3698 1553 3757 myrica
1592 3695 1804 3748 Muziris,
1843 3693 1890 3736 in
1911 3691 2162 3735 Pandionis
2199 3704 2338 3746 regno
2378 3686 2600 3745 Nelcynda

1383 3772 1559 3833 ἐμπόρια
1581 3767 1899 3829 ἀποδεδειγμένα
1919 3766 2074 3811 Nostri
2103 3763 2379 3824 temporibus
2412 3762 2595 3813 fuerint3

1381 3859 1501 3894 certe
1524 3848 1592 3891 hae
1616 3846 1751 3891 urbes
1769 3845 1982 3888 dicuntur
2003 3843 2044 3884 αἱ
2076 3844 2140 3884 νῦν
2166 3837 2416 3899 πράσσουσαι
2440 3837 2479 3892 (5
2503 3835 2594 3890 53),

129 3952 176 3999 (*)
199 3954 245 3989 At
267 3953 328 3989 vix
347 3962 436 3989 sana
451 3962 522 3989 vox
548 3953 644 3998 κο)..,
665 3963 750 3998 quae
773 3953 810 3989 in
832 3954 961 3991 codice
983 3956 1136 3991 accentu
1169 3955 1282 3991 caret.
1310 3954 1413 3990 Fort.
1435 3952 1515 3988 erat
1536 3959 1545 3986 ε
1567 3948 1739 3986 κολάνδια
1773 3946 1858 3984 ὄντα
1896 3957 1975 3992 μεγ.
2005 3942 2063 3978 vel
2089 3939 2230 3976 πάντων
2249 3938 2294 3975 τὰ
2317 3950 2370 3983 μη
2390 3934 2444 3971 ΨΘῙ
2465 3934 2598 3971 ’‘Q-“⁹³

79 3999 289 4048 διαφέροντα
307 4006 359 4049 τῷ
393 4002 532 4048 μεγέθει
554 4002 613 4038 vel
635 4001 773 4038 κόλοινα
788 4002 953 4049 λέγονται
973 4003 1058 4039 ὄντα
1085 4004 1253 4050 μέγιστα.

130 4057 198 4103 (**)
224 4056 467 4094 probabiliter
490 4056 601 4094 etiam
620 4058 720 4094 Cane
742 4061 822 4094 erat
842 4057 1013 4105 ἐμπόριον
1029 4058 1196 4106 νόμιμον,
1213 4065 1443 4105 quamquam
1464 4054 1498 4091 id
1521 4056 1557 4090 in
1573 4052 1700 4090 codice
1720 4051 1847 4087 nostro
1874 4046 2018 4084 disertis
2040 4042 2164 4080 verbis
2191 4050 2265 4077 non
2284 4038 2431 4074 dicitur.
