2756 4354
125 145 195 205 (¹⁰)

123 246 279 303 μᾶλλον
301 246 355 295 εἷς
374 243 443 289 τὸν
465 242 605 290 Ἰόνιον
623 239 800 302 Ὠρικὸς.
867 242 956 294 Τῆς
974 238 1163 300 Ὠρικίας
1179 239 1349 292 καθήκει

122 315 177 365 εἷς
200 313 404 358 θάλατταν
442 312 588 357 στάδια
615 309 684 364 π’,
705 312 778 364 τῆς
802 307 844 352 δὲ
866 307 1085 367 Ἀμαντίας
1116 307 1264 351 στάδια
1300 308 1347 359 ξ’.

119 382 294 428 Ἅπασιν
316 382 456 442 ὅμοροι
476 382 517 424 ἐν
539 376 733 439 μεσογείᾳ
758 375 983 427 Ἀτιντᾶνες
1007 371 1109 438 ὑπὲρ
1131 379 1204 430 τ’ῆς
1223 375 1349 439 Ὠρι-

120 452 209 504 κίας
232 451 301 496 καὶ
325 448 516 511 Kapiac*
534 448 657 509 μέχρι
675 445 911 495 Δωδωνίας.
983 444 1086 508 [[Ἐν
1101 448 1150 507 τῇ
1175 444 1350 506 Κέστρι-

99 523 158 566 -δι
180 521 297 583 χώρᾳ
321 511 422 563 εἶναι
445 516 609 572 λέγεται
633 515 786 572 πεδίον,
818 515 948 575 ὄνομα
970 513 1180 577 Ἐρύθεια.
1248 514 1348 560 Ἐν-

119 594 249 635 ταῦθα
268 592 288 633 ὁ
305 586 514 649 Γηρυόνης
531 585 697 647 λέγεται
720 585 851 642 ἥκειν,
873 585 944 630 καὶ
967 584 1057 636 τοὺς
1083 588 1175 646 βοῦς
1202 586 1349 644 βουκο-

119 659 214 703 λεῖν.
239 657 260 719 ]l
327 656 449 703 Κατὰ
490 656 622 701 ταῦτά
659 657 746 700 ἐστι
778 653 830 700 τὰ
866 653 1077 715 Κεραύνια
1108 652 1182 715 ὅρη
1218 655 1258 697 ἐν
1298 655 1348 713 τῇ

107 725 327 789 ἺἨπείρῳ,
352 726 422 772 καὶ
445 729 564 781 νῆσος
586 724 702 787 παρὰ
730 723 862 770 ταῦτά
883 725 969 768 ἐστι
994 721 1144 785 μικρὰ,
1167 716 1349 782 ἧὸνομα

119 795 288 844 Σάσων.
359 796 571 842 Ἐντεῦθεν
596 798 653 848 εἷς
677 793 842 858 Ὠρικὸν
863 794 980 839 πόλιν
999 793 1084 838 ἐστὶ
1107 791 1349 853 παράπλους

117 865 273 928 ἡμέρας
299 866 432 928 τρίτον
451 866 587 928 μέρος.

182 951 236 982 27.
265 936 275 995 (
296 937 488 989 ΩΡΙΚΟΙ.
514 938 568 982 Οἱ
594 935 637 980 δὲ
658 933 822 997 Ὠρικοὶ
841 938 1081 979 κατοικοῦσι
1103 936 1178 988 τῆς
1198 931 1349 991 Ἀμαν-

117 1004 205 1056 τίας
230 1005 383 1067 χώρας.
404 1007 416 1065 )
447 1007 501 1052 Οἱ
528 1004 570 1050 δὲ
607 1004 893 1067 (Ἀμαντιεῒς)
916 1003 993 1048 εἶσὶ
1018 1001 1143 1064 μέχρι
1178 1004 1351 1046 ἐνταῦθα

119 1179 222 1204 νιον
268 1163 466 1219 Ὠρικός
484 1167 498 1216 ]
518 1163 660 1204 Codex
685 1177 694 1203 :
717 1163 809 1218 πρὸς
834 1161 990 1217 Ὠρίκου
1015 1160 1106 1202 εἴσω
1129 1161 1281 1216 μᾶλλον
1307 1160 1357 1208 εἷς

118 1229 183 1269 τὀν
205 1228 351 1269 Ἰώνιον
372 1227 478 1284 (sic)·
502 1231 568 1280 τῆς
586 1226 756 1282 Ὤρικίης
771 1227 857 1267 κτλ.
874 1229 978 1279 Quae
992 1234 1088 1266 sunt
1106 1225 1239 1265 nihili.
1260 1227 1357 1266 Pos-

119 1293 171 1331 sis
187 1293 309 1333 etiam
337 1305 345 1332 :
371 1291 443 1346 πρὸ
459 1291 493 1330 δ’
522 1290 721 1346 Ἀμαντίας
747 1289 921 1344 Ὠρικός,
942 1286 1142 1329 εἷ’σω·κτλ.
1162 1289 1356 1329 Ceterum

108 1355 176 1407 ¹sic
194 1354 278 1394 sere
302 1354 463 1408 scripsit
484 1367 570 1392 non
592 1360 736 1392 auctor
753 1351 905 1406 Peripli
924 1382 934 1399 ,
959 1350 1032 1391 sed
1054 1351 1088 1390 is
1113 1350 1185 1405 qui
1205 1350 1356 1390 irrum-

117 1425 238 1471 pente
267 1416 504 1470 glossemate
526 1414 690 1455 turbata
719 1413 844 1454 verba
879 1414 923 1453 in
946 1412 1136 1454 ordinem
1172 1411 1357 1466 redigere

118 1477 290 1518 studuit.
311 1480 404 1532 Ipse
426 1485 570 1517 auctor
587 1477 644 1517 ita
665 1475 829 1516 dederit
849 1489 858 1516 ε
879 1475 933 1515 Οἱ
963 1475 1013 1516 δὲ
1050 1474 1137 1530 Ὠρ
1151 1475 1249 1515 ικοὶ
1280 1490 1355 1515 κα-

118 1543 345 1582 τοικοῦσι
388 1542 472 1592 τῆς
516 1538 787 1594 Ἀμαντίας
816 1539 983 1593 χώρας
1006 1535 1097 1578 εἶ’σω
1130 1537 1280 1592 μᾶλλον
1306 1537 1356 1585 εἰς

117 1603 183 1644 τὸν
209 1602 361 1644 Ἰόνιον.
387 1602 552 1644 Etenim
573 1601 703 1642 verba·
714 1600 751 1641 οἱ
767 1600 859 1640 δὲ...
882 1601 1013 1655 χώρας
1030 1600 1225 1654 leguntur
1245 1603 1266 1652 S
1283 1613 1352 1654 27,

117 1666 205 1717 ubi,
227 1667 306 1707 nisi
326 1666 563 1715 mutaveris,
598 1664 695 1705 ferri
722 1671 949 1718 nequeunt.
981 1662 1199 1705 Probabile
1231 1664 1357 1716 igitur

118 1737 178 1769 est
206 1730 250 1769 in
276 1730 460 1783 margine
491 1726 733 1782 exemplaris
756 1726 979 1767 *adulterati
1010 1726 1186 1781 priscam
1216 1725 1356 1766 lectio-

119 1806 214 1832 nem
242 1791 488 1848 adscriptam
505 1805 605 1840 esse,
623 1790 731 1830 hanc
760 1804 858 1829 vero
878 1788 1071 1844 deinceps
1093 1789 1234 1844 inepto
1264 1788 1355 1828 loco

118 1855 162 1895 in
185 1863 356 1896 'textum
390 1863 597 1910 receptam
619 1867 747 1894 novas
780 1853 976 1893 excitasse
1007 1851 1164 1892 turbas.
1200 1851 1355 1906 Vulga-

118 1927 168 1958 tae
192 1934 357 1960 sensum
378 1921 615 1974 intorquere
645 1916 783 1958 studet
804 1916 1059 1966 Clausenius,
1082 1916 1355 1970 interpretans

118 1981 231 2022 hunc
247 1983 290 2022 in
306 1982 480 2022 modum
500 1995 509 2022 ;
527 1982 620 2022 AEas
636 1980 782 2021 defluit
798 1994 825 2020 α
836 1978 1004 2020 meridie
1015 1993 1037 2019 e
1053 1987 1194 2019 monte
1202 1978 1352 2029 Pindo,

117 2044 227 2084 unde
271 2045 430 2085 boream
469 2058 611 2085 versus
648 2042 811 2084 delatas
850 2041 1112 2097 Apolloniam
1151 2042 1357 2097 praeterla-

117 2105 243 2147 bitur.
271 2111 362 2159 Qua
392 2107 550 2160 regione
577 2106 618 2147 si
634 2115 788 2147 nosmet
812 2104 855 2146 in
882 2105 1000 2145 litore
1018 2104 1186 2160 pariter
1210 2105 1355 2159 cecfln-

120 2168 213 2209 vius
246 2173 350 2210 AEas
376 2184 452 2224 per
487 2167 662 2209 mediam
700 2178 850 2208 terram
872 2166 1175 2223 progredimur,
1219 2166 1357 2222 itaque

119 2231 161 2271 in
183 2232 404 2272 exhibendo
425 2232 541 2273 litore
556 2232 608 2272 ab
629 2232 742 2272 Orici
757 2239 875 2286 parte
901 2229 1136 2285 incipimus,
1160 2229 1221 2270 ita
1238 2239 1284 2269 ut
1303 2231 1355 2270 ab

118 2294 193 2334 hac
226 2295 336 2334 intus
372 2309 446 2350 per
477 2308 593 2334 oram
630 2294 744 2333 sinus
779 2293 911 2333 Ionici
933 2305 1170 2347 pergamus,
1220 2300 1357 2332 tractu

120 2359 172 2397 80
194 2356 420 2396 stadiorum
438 2370 513 2411 per
536 2356 716 2396 Oriciam
729 2386 740 2404 ,
776 2359 830 2395 60
859 2353 1084 2393 stadiorum
1106 2367 1181 2407 per
1204 2355 1357 2394 Aman-

118 2420 215 2458 tiam
238 2419 552 2473 proficiscimur.
592 2438 608 2452 n
639 2419 743 2468 Quae
762 2416 909 2457 afferre
931 2423 992 2454 est
1026 2415 1221 2455 refellere.
1246 2417 1356 2456 Bene

117 2489 254 2520 autem
275 2480 512 2521 Clausenius
542 2487 684 2519 monet
711 2480 779 2529 τῆς
806 2476 1007 2532 Ὤρικίας..
1043 2477 1176 2517 στάδια
1196 2477 1356 2518 ‘dictum

118 2558 227 2594 csse,
251 2551 298 2583 ut
318 2546 339 2595 §
365 2543 412 2583 51
435 2556 444 2583 :
468 2542 635 2593 Καθήκει
656 2541 706 2588 εἰς
726 2541 793 2581 τὀν
814 2542 961 2582 κόλπον
985 2546 1120 2581 τοῦτον
1155 2542 1289 2581 στάδια
1318 2541 1359 2581 λ’

120 2606 134 2662 (
150 2609 217 2658 τῆς
237 2605 465 2660 Ἐπιδαύρου
481 2606 610 2659 χώρας
627 2604 658 2660 ).
677 2606 769 2645 Hoc
785 2619 873 2654 non
893 2605 1184 2659 perspicientes
1199 2605 1357 2658 priores

117 2669 294 2710 editores
334 2670 378 2709 in
400 2667 644 2724 explicando
684 2669 775 2709 loco
796 2667 948 2707 frustra
967 2666 1239 2707 desudarunt.
1268 2670 1281 2721 Η
1302 2691 1358 2697 —

119 2732 296 2784 ἅπασι]
324 2746 381 2771 sc.
419 2730 704 2786 Apolloniatis,
734 2729 899 2778 Oriciis,
924 2729 1141 2770 Amantiis.
1167 2735 1179 2777 ss
1198 2753 1254 2758 —
1283 2727 1355 2768 ’A-

117 2810 139 2835 τ
153 2809 223 2835 ιντ
235 2795 287 2834 ἄν
298 2810 314 2834 ε
327 2797 364 2846 ς]
381 2792 594 2848 Ἀγίντανες
605 2792 735 2833 codex
748 2808 758 2842 ;
774 2806 855 2832 em.
869 2793 992 2832 Voss.
1007 2793 1062 2831 V.
1077 2790 1222 2846 Polyb.
1235 2793 1290 2841 ΙΙ,
1309 2793 1329 2831 5
1343 2808 1354 2842 ;

119 2858 209 2897 Liv.
231 2857 410 2907 XXVII,
447 2857 515 2897 30.
539 2857 699 2905 XXIX,
740 2869 786 2904 2;
810 2854 1002 2909 Thucyd.
1041 2856 1106 2903 ΙΙ,
1148 2855 1200 2894 80
1238 2853 1250 2909 (
1277 2853 1356 2894 Ἀν-

118 2918 318 2975 τιτᾶνες);
357 2918 503 2960 Strabo
537 2933 580 2974 p.
609 2920 716 2968 3263
744 2917 884 2972 steph.
906 2932 940 2957 5.
971 2931 1010 2957 ν.
1041 2919 1057 2971 Η
1079 2941 1136 2947 —-
1154 2916 1357 2971 Καρίας]

119 2984 386 3038 Corruptum.
401 2981 565 3029 Χαονίας
579 2997 660 3023 em.
680 2983 822 3031 Voss.;
837 2979 1013 3035 Δεξαρίας
1024 2978 1134 3034 conj.
1146 2980 1354 3031 Clausen.‚

120 3059 249 3100 quum
276 3046 488 3086 Hecataeus
507 3043 521 3101 (
538 3044 589 3085 fr.
616 3045 666 3099 73
685 3044 699 3099 )
722 3046 906 3084 Dexaros
922 3043 1147 3084 finitimum
1164 3043 1358 3084 Chaoniae

71 3159 83 3174 b
122 3108 319 3162 populum
331 3115 643 3148 commemoret.
666 3109 744 3160 11—
758 3106 827 3146 Δω
839 3107 928 3146 ’δων
943 3106 1028 3158 ίας]
1051 3104 1212 3153 Ἰδονίας
1228 3106 1358 3147 codex

121 3171 267 3219 Paris.;
299 3169 489 3218 Ἦδωνίας
502 3169 649 3220 Palat.;
667 3184 748 3210 em.
774 3168 950 3210 Palmer.
981 3169 997 3221 Η
1018 3192 1075 3199 -
1095 3168 1154 3209 Κέ
1166 3183 1243 3223 στρ
1258 3170 1321 3208 ιδι
1340 3172 1353 3221 ]

124 3230 278 3273 Rois-:ibt
296 3231 408 3282 cod.;
429 3246 509 3273 em.
528 3231 781 3272 Holstenius.
807 3231 964 3272 Cestria
982 3230 1081 3271 urbs
1102 3231 1357 3286 Thesprotiae

123 3306 189 3346 ap.
210 3293 315 3334 Plin.
331 3296 408 3344 IV,
434 3309 472 3342 1;
497 3294 684 3349 Κεστρίνα
707 3294 963 3349 Thesprotiae
994 3293 1055 3334 vel
1078 3293 1272 3334 Chaoniae
1293 3309 1356 3335 re-

123 3355 189 3406 gio
212 3368 277 3408 ap.
295 3356 485 3411 Thucyd.
501 3359 538 3407 I,
557 3359 608 3405 46
625 3365 664 3397 et
678 3357 888 3397 Rhianum
904 3371 970 3411 ap.
986 3357 1045 3397 St.
1065 3358 1113 3397 B.
1138 3355 1186 3397 V.
1198 3356 1350 3398 Χαύων.

124 3415 386 3457 Celeberrimi
410 3427 527 3459 erant
544 3419 669 3459 boves
690 3410 905 3474 Κεστρῖνοι.
930 3419 1031 3459 vid.
1053 3421 1189 3474 Lycus
1208 3419 1357 3473 Rhegi-

124 3492 202 3518 nus
221 3478 272 3518 fr.
294 3492 318 3518 2
335 3478 434 3535 (Fr.
455 3482 509 3521 H.
527 3489 629 3522 tom.
651 3484 707 3532 ΙΙ,
728 3496 771 3537 p.
795 3482 899 3537 370)
931 3482 1030 3535 ibiq.
1059 3481 1239 3532 laudata,
1264 3483 1357 3537 qui-

126 3541 201 3580 bus
230 3540 335 3580 adde
360 3542 536 3596 Hesych.
555 3557 594 3583 v.
614 3544 851 3599 Κεστρινικοὶ
875 3545 972 3598 βόες.
996 3543 1060 3584 Cs.
1091 3543 1144 3584 de
1174 3546 1359 3586 Cestrine

124 3606 299 3644 Pausan.
324 3604 381 3653 Π,
414 3605 482 3654 23,
506 3609 546 3646 6.
566 3608 603 3656 Ι,
631 3620 697 3657 11,
732 3621 770 3647 1.
796 3609 987 3648 Ceterum
1010 3606 1137 3647 verba
1159 3606 1197 3648 ἐν
1218 3610 1267 3664 τῇ
1288 3608 1358 3649 Κέ-

125 3667 246 3721 στριδι
266 3679 393 3720 usque
412 3665 464 3706 ad
483 3667 701 3720 βουκολεῖν,
719 3670 859 3723 inepto
881 3669 973 3709 loco
991 3669 1233 3723 interposita
1261 3679 1357 3711 sunt

124 3744 174 3768 ex
189 3729 388 3781 margine.
410 3730 425 3782 11
442 3746 536 3770 -π
549 3730 680 3770 εδίον
698 3732 710 3785 ]
729 3745 810 3771 em.
827 3732 1016 3771 Vossius.
1035 3731 1175 3772 Codex
1197 3746 1206 3773 :
1223 3732 1263 3773 δὲ
1275 3734 1355 3783 διὸς

125 3792 300 3845 ὄνομα...
326 3789 339 3846 (
359 3789 474 3830 61itt.
492 3792 700 3848 spatium)
723 3792 887 3847 ἐρυθεῖκ.
908 3792 1070 3834 Deinde
1090 3793 1253 3836 ἐνταῦθα
1271 3798 1354 3851 pri-

127 3868 238 3894 mam
260 3853 421 3893 literam
435 3853 645 3894 miniatam
662 3854 800 3903 habet,
821 3854 937 3908 quasi
963 3869 1040 3895 vox
1061 3854 1237 3911 Ἐρύθεια
1255 3860 1352 3899 novi

125 3915 318 3970 segminis
334 3915 476 3956 titulus
494 3924 612 3956 esset.
631 3915 757 3968 Quod
770 3916 946 3956 fabulam
964 3918 1123 3969 attinet,
1141 3934 1235 3960 cum
1256 3922 1353 3965 Sev-

125 3979 209 4019 lace
232 3978 549 4020 sacitHecataeus
567 3978 616 4019 sr.
633 3979 728 4032 349.
747 3977 811 4019 Cf.
828 3979 999 4020 Ariston.
1018 3981 1167 4023 Mirab.
1191 3998 1228 4024 c.
1252 3967 1345 4032 143.

293 4059 429 4087 umen.

1211 192 1213 194 ,
1229 140 1371 186 PERI
1380 140 1539 186 PLUS.

2588 161 2642 198 33

1422 247 1544 287 tionis
1578 247 1631 288 ad
1654 262 1766 288 mare
1794 249 2003 302 pertinent
2031 249 2160 289 stadia
2193 254 2418 304 octoginta,
2452 257 2647 299 Amantiae

1420 322 1555 354 autem
1581 316 1804 369 sexaginta.
1864 315 2069 356 Omnibus
2088 320 2332 358 contermini
2348 330 2442 361 sunt
2463 324 2502 361 in
2525 326 2649 365 medi·

1418 383 1609 424 terraneo
1633 393 1766 425 tractu
1783 385 2014 435 Atintanes,
2036 399 2160 439 supra
2179 387 2359 426 Orieiam
2372 397 2411 427 et
2434 392 2647 432 Chaoniam

1418 463 1548 503 usque
1571 451 1623 491 ad
1649 452 1899 493 Dodoniam.
1962 452 2046 514 [[Ιη
2060 453 2244 493 Cestride
2261 455 2425 507 regione
2442 471 2526 496 csse
2545 474 2652 499 cam-

1417 532 1520 573 pum
1540 519 1707 570 dicunt,
1730 524 1795 562 cui
1815 537 1968 563 nomen
1987 523 2174 577 Erythia.
2234 524 2296 563 Eo
2316 525 2482 578 Geryon
2501 529 2652 567 venisse

1418 588 1626 642 bovesque
1659 589 1716 629 ibi
1739 592 1896 644 pavisse
1916 591 2173 646 perhibetur.
2199 587 2359 650 ]Circa
2389 593 2494 634 hanc
2527 597 2654 648 regio-

1418 672 1515 698 nem
1534 666 1630 698 sunt
1662 667 1829 699 montes·
1845 661 2036 701 Ceraunii
2070 662 2112 701 in
2135 662 2279 715 Epiro,
2308 671 2347 702 et
2378 663 2506 703 insula
2532 678 2655 718 parva

1413 724 1534 779 juxta
1555 734 1630 776 est,
1648 728 1714 766 cui
1734 741 1886 767 nomen
1906 729 2047 768 Sason.
2110 729 2175 768 Ab
2191 744 2238 769 ea
2251 729 2302 769 ad
2322 732 2490 771 Oricum
2514 746 2655 772 secun·

1419 794 1521 835 dum
1545 810 1661 836 oram
1684 797 1932 837 maritimam
1951 799 2156 851 navigatio
2180 807 2239 838 est
2261 801 2387 840 tertiae
2406 801 2486 841 diei
2512 803 2651 856 partis.

1479 945 1547 985 27.
1578 932 1631 971 Hi
1655 940 1749 972 sunt
1764 931 1889 986 Illyrii
1908 933 2158 987 pertinentes
2178 933 2390 988 hucusque
2416 935 2510 975 inde
2531 950 2554 976 a
2576 937 2654 975 Bu-

1423 1000 1516 1040 linis
1536 1000 1659 1053 (Οἵδε
1681 999 1753 1040 εἰσὶ
1774 1002 1886 1055 μέχρι
1903 1001 2065 1042 ἐνταῦθα
2091 1000 2287 1056 Ἰλλυριοί.
2308 1002 2339 1058 ).
2364 1005 2419 1043 05
2436 1019 2531 1044 vero
2549 1005 2655 1044 Ionii

1650 1165 1673 1174 aa

1431 1164 1447 1215 Η
1465 1186 1522 1192 —-
1546 1161 1592 1203 ἐν
1614 1178 1670 1218 τῃ
1704 1161 1924 1218 Ἠπείρῳ
1943 1165 1956 1215 ]
1975 1164 2074 1202 Haec
2098 1163 2343 1218 interpolata
2364 1179 2448 1205 esse
2470 1168 2657 1208 censebat

1425 1225 1582 1266 Gailius
1596 1257 1607 1275 ,
1633 1225 1747 1280 quod
1773 1226 1901 1281 Epiri
1919 1226 2099 1266 nominis
2122 1240 2220 1265 usus
2247 1227 2432 1281 Scylacea
2454 1237 2567 1269 aetate
2591 1246 2656 1270 re-

1425 1290 1584 1330 centior
1606 1297 1732 1339 esset,
1757 1303 1893 1344 neque
1916 1289 1957 1329 in
1979 1289 2244 1344 sequentibus
2266 1290 2375 1341 regio
2402 1293 2565 1345 Epirus,
2588 1296 2657 1334 sed

1425 1351 1574 1405 singuli
1600 1351 1894 1392 tantummodo
1924 1352 2068 1406 populi
2099 1352 2211 1392 hunc
2240 1360 2416 1393 tractum
2439 1354 2657 1396 incolentes

1425 1422 1865 1454 commemorarentur.
1896 1415 2051 1454 Contra
2082 1415 2333 1455 Letronnius
2374 1414 2387 1470 (
2428 1418 2478 1456 P.
2513 1410 2676 1470 Ge'ogr,'

1423 1491 1467 1532 p.
1487 1477 1566 1519 205
1589 1476 1603 1533 )
1635 1475 1853 1532 postq'uam
1875 1478 2009 1518 attulit
2028 1478 2359 1532 examinavitque
2388 1479 2512 1520 verba
2531 1482 2657 1522 Heca-

1424 1541 1489 1580 taei
1513 1539 1526 1596 (
1552 1540 1603 1580 fr.
1631 1541 1711 1594 349
1729 1539 1751 1596 )
1774 1555 1840 1596 ap.
1867 1541 2033 1582 Arrian.
2067 1543 2149 1582 An.
2173 1542 2229 1591 Π,
2257 1545 2322 1591 16,
2355 1545 2378 1581 6
2403 1540 2416 1597 (
2440 1545 2506 1594 τῆς
2534 1539 2660 1585 Ἠπεί-

1425 1618 1490 1657 ρου
1513 1606 1580 1655 τῆς
1613 1604 1698 1658 περὶ
1729 1602 1957 1659 Ἀμῧρακίαν
1995 1603 2060 1644 καὶ
2101 1602 2355 1659 Ἀμφιλόχους
2380 1603 2393 1659 )
2434 1613 2473 1645 et
2491 1607 2655 1648 Pindari

1422 1667 1543 1706 Nem.
1582 1668 1659 1717 IV,
1688 1666 1735 1706 51
1776 1666 2086 1723 (Νεοπτόλεμος
2108 1667 2141 1706 δ’
2179 1666 2335 1723 Ἀπείρῳ
2369 1668 2569 1724 διαπρυσίᾳ
2597 1686 2652 1711 sc.

1423 1728 1585 1785 κρατεῖ)
1615 1738 1655 1770 et
1675 1730 1796 1770 Nem.
1834 1731 1932 1781 VII,
1969 1731 2020 1771 38
2053 1729 2294 1787 (Μολοσσίᾳ
2323 1729 2562 1772 ἐδασίλευσεν
2597 1749 2652 1773 sc.

1422 1791 1724 1848 Νεοπτόλεμος)
1747 1805 1756 1832 :
1782 1801 1892 1832 recte
1908 1791 2029 1833 docet
2047 1792 2134 1832 haec
2153 1805 2163 1833 ;
2191 1812 2208 1827 κ
2231 1793 2361 1842 Ainsi,
2384 1791 2454 1833 des
2469 1793 2505 1834 le
2527 1802 2656 1850 temps

1423 1854 1475 1895 de
1498 1855 1693 1906 Pindare,
1716 1855 1768 1896 de
1798 1857 1931 1896 meme
1954 1855 2107 1911 qu’aux
2129 1857 2308 1910 epoques
2339 1856 2430 1910 plus
2451 1857 2653 1909 recentes,

1422 1932 1529 1958 nous
1563 1932 1719 1973 voyons
1741 1917 2008 1972 l'expression
2039 1919 2259 1973 generique
2291 1918 2421 1974 Epire
2450 1920 2656 1976 employee

1423 1980 1757 2021 simultanement
1778 1995 1875 2021 avec
1893 1980 1949 2021 les
1969 1996 2088 2021 noms
2118 1980 2189 2020 des
2214 1981 2381 2035 peuples
2410 1983 2481 2036 qui
2504 1998 2545 2022 se
2566 1998 2656 2037 par-

1423 2045 1627 2098 tageaient
1652 2052 1756 2084 cette
1779 2046 1960 2085 contree.
1984 2045 2059 2084 Ces
2081 2043 2250 2098 peuples
2280 2045 2391 2084 etant
2423 2047 2546 2085 restes
2576 2046 2657 2092 fort

1423 2107 1515 2147 tard
1540 2106 1840 2162 independants
1858 2106 1915 2146 les
1936 2120 2014 2146 uns
2038 2105 2110 2146 des
2130 2114 2279 2156 autreS,
2312 2114 2352 2146 et
2374 2108 2527 2147 soumis
2545 2106 2568 2148 a
2586 2108 2655 2148 des

1422 2171 1585 2227 pr'inces
1608 2170 1878 2225 particuliers,
1910 2169 2060 2222 l’usage
2083 2183 2126 2208 se
2163 2183 2358 2210 conserva
2393 2170 2444 2210 de
2469 2170 2656 2225 designer

1423 2226 1575 2281 l’Epire
1597 2240 1672 2280 par
1690 2226 1746 2266 les
1763 2225 1883 2265 noms
1908 2224 1959 2264 de
1981 2239 2047 2264 ces
2070 2225 2246 2279 parties;
2271 2233 2311 2265 et
2333 2225 2430 2265 c’est
2451 2240 2558 2280 pour
2572 2228 2655 2268 cela

1423 2303 1504 2343 que
1523 2289 1559 2329 le
1588 2302 1688 2330 nom
1710 2289 1844 2328 meme
1867 2286 2038 2342 d’Epirc
2066 2301 2108 2326 se
2141 2295 2361 2327 rencontre
2386 2289 2418 2327 si
2452 2300 2654 2330 rarement

1423 2351 1520 2392 chez
1542 2351 1598 2391 les
1621 2351 1785 2391 anciens
1811 2363 1820 2390 :
1843 2363 1926 2399 car,
1944 2347 2140 2403 jusqu’au
2165 2357 2296 2403 temps
2314 2348 2366 2388 de
2389 2351 2596 2406 Philippe,
2613 2353 2654 2407 je

1423 2414 1521 2455 n’en
1539 2414 1707 2455 connais
1730 2427 1809 2468 que
1828 2413 1928 2452 trois
1950 2412 2167 2466 exemples.
2188 2411 2431 2466 Thucydide
2451 2412 2552 2468 (III,
2577 2415 2650 2471 2),

1423 2477 1525 2518 dans
1554 2492 1612 2517 un
1641 2476 1726 2517 seul
1762 2489 1952 2531 passage,
1977 2474 2142 2528 designe
2179 2473 2412 2515 l’ensemble
2443 2474 2514 2516 des
2538 2477 2654 2518 habi-

1424 2549 1531 2582 tants
1565 2540 1616 2580 de
1636 2540 1789 2594 l’Epire
1822 2553 1897 2594 par
1927 2538 1965 2578 le
1983 2546 2072 2578 mot
2094 2538 2138 2577 τὶ)
2167 2536 2465 2592 Ἧπειρωτικόν,
2491 2548 2656 2593 partout

1424 2604 1585 2644 ailleurs
1605 2602 1618 2658 (
1635 2605 1670 2652 I,
1693 2605 1760 2650 46.
1779 2603 1836 2651 ΙΙ,
1863 2603 1916 2641 80
1939 2599 1953 2656 )
1975 2600 2003 2640 il
2021 2614 2074 2640 ne
2096 2614 2263 2640 nomme
2286 2613 2366 2653 que
2383 2599 2440 2639 les
2458 2599 2655 2642 divisions

1424 2675 1465 2707 et
1488 2666 1544 2706 les
1583 2665 1765 2720 peuples.
1799 2663 2034 2717 Xenophon
2056 2662 2070 2718 (
2089 2662 2195 2703 Hell.
2226 2663 2303 2712 VI,
2347 2675 2384 2710 1,
2404 2665 2428 2710 4
2460 2660 2474 2718 )
2498 2663 2657 2717 parlant

1424 2729 1643 2777 d’Alcetas,
1666 2728 1726 2767 roi
1750 2726 1821 2767 des
1836 2726 2048 2776 Molosses,
2066 2726 2103 2766 le
2123 2724 2286 2779 qualifie
2305 2724 2405 2778 clus
2412 2724 2461 2764 de
2476 2717 2544 2766 l'E'
2538 2726 2632 2781 pire
2642 2746 2657 2775 ,-

1425 2801 1465 2833 et
1487 2792 1680 2832 l’orateur
1715 2792 1932 2845 Lycurgue
1973 2788 2048 2851 (in
2071 2790 2261 2829 Leocrat.
2291 2801 2333 2841 p.
2364 2788 2440 2828 156
2464 2787 2530 2828 ecl.
2567 2791 2616 2829 R.
2639 2790 2651 2845 )

1425 2870 1467 2896 se
1487 2864 1568 2896 sert
1587 2855 1692 2896 aussi
1714 2853 1772 2894 du
1795 2867 1894 2893 nom
1917 2851 2085 2906 d’Epire
2107 2866 2157 2891 en
2174 2850 2334 2905 parlant
2353 2849 2405 2890 de
2427 2850 2653 2905 Cleopatre‚

1425 2932 1554 2958 vcuve
1573 2915 1865 2965 d’Alexandrc‚
1898 2915 1961 2955 roi
1979 2913 2051 2955 des
2073 2913 2285 2954 Molosses.
2312 2933 2328 2948 ι»
2354 2914 2369 2967 11
2392 2937 2448 2943 -
2462 2913 2656 2966 Σάσων]

1425 2981 1559 3021 Σασῶν
1578 2980 1732 3030 codex;
1757 2979 1893 3018 Σασών
1912 2976 2030 3018 editt.
2055 2978 2289 3017 Memorant
2312 2975 2486 3016 insulam
2509 2975 2523 3031 (
2547 2992 2657 3017 nunc

1425 3048 1574 3084 Sasona
1591 3058 1630 3083 v.
1644 3046 1811 3083 Sassoso
1830 3055 1870 3081 v.
1885 3044 2009 3080 Scissa
2025 3039 2195 3091 dictam)
2215 3037 2408 3091 Polybius
2424 3039 2479 3086 V,
2504 3052 2519 3077 1
2532 3052 2595 3087 10,
2615 3052 2653 3087 2;

1425 3107 1572 3148 Strabo
1587 3121 1629 3161 p.
1656 3107 1760 3155 2813
1782 3103 2024 3145 Ptolemaeus
2042 3104 2119 3151 III,
2149 3102 2214 3150 13,
2246 3099 2318 3139 ubi
2338 3099 2470 3148 Σασώ,
2500 3100 2654 3140 Plinius

1424 3173 1501 3220 III,
1529 3171 1597 3219 30,
1616 3169 1687 3208 ubi
1708 3166 1890 3216 Sasonis,
1908 3174 1955 3206 ut
1978 3166 2018 3205 in
2036 3166 2133 3204 Itin.
2160 3165 2258 3204 Ant.
2286 3175 2328 3215 p.
2349 3163 2428 3214 [189
2448 3161 2541 3214 (sed
2558 3166 2655 3201 Saso

1424 3235 1522 3274 Itin.
1536 3248 1579 3288 p.
1599 3232 1694 3280 520,
1715 3230 1775 3284 3);
1794 3229 1914 3270 Silius
1930 3228 2020 3268 Ital.
2038 3228 2134 3276 VII,
2148 3228 2225 3274 481
2248 3224 2459 3279 (Sasson);
2476 3224 2580 3264 Mela
2599 3227 2651 3274 Π,

1427 3310 1468 3349 7,
1492 3293 1634 3335 13.Cs.
1657 3290 1921 3345 Pouqueville
1940 3291 2041 3342 Voy.
2066 3303 2112 3328 en
2127 3287 2249 3328 Grece
2263 3287 2298 3334 I,
2322 3299 2362 3338 p.
2389 3288 2457 3332 41.
2475 3287 2490 3338 l}
2510 3285 2596 3336 -ἡ
2611 3303 2650 3340 μ,

1425 3372 1476 3411 τρ
1493 3356 1531 3396 ίτ
1546 3370 1595 3395 ον
1634 3354 1743 3409 μὲρο
1758 3368 1773 3399 ς
1796 3354 1810 3403 ]
1835 3351 1918 3391 tria
1934 3350 2038 3390 mill.
2053 3363 2171 3405 pass.
2191 3362 2271 3389 sec.
2306 3346 2482 3386 Plinium
2502 3348 2577 3397 ΙΙΙ,
2601 3349 2622 3389 3
2642 3365 2651 3397 ;

1426 3433 1480 3473 90
1503 3417 1632 3458 stadia
1650 3430 1700 3456 ex
1714 3414 1917 3455 mensuris
1938 3413 2093 3467 Lapiei.

1481 3484 1503 3534 §
1526 3495 1594 3535 27.
1613 3481 1679 3530 τῆς
1717 3476 1987 3532 Ἀμαντίας
2022 3476 2215 3529 χώρας]
2236 3475 2301 3515 Sic
2330 3471 2483 3522 codex;
2506 3473 2547 3512 in
2572 3472 2655 3513 edi-

1425 3543 1607 3586 tionibus
1636 3541 1783 3594 legitur
1803 3542 1870 3591 τῆς
1897 3537 2094 3593 Ἀμαντίας
2126 3538 2274 3592 χώραν.
2300 3537 2454 3577 Totum
2470 3535 2582 3576 hunc
2600 3535 2656 3575 lo-

1425 3622 1518 3649 cum
1530 3605 1625 3661 jure
1639 3611 1872 3659 suspectum
1888 3602 2032 3643 habuit
2045 3602 2234 3642 Vossius.
2257 3600 2412 3641 Gailius
2429 3600 2471 3638 in
2487 3612 2656 3651 sequen-

1425 3671 1534 3711 tibus
1558 3682 1702 3709 vocem
1731 3665 1942 3722 Ἀμαντιεῗς
1962 3665 2142 3720 expungi
2158 3663 2295 3718 jussit.
2321 3663 2492 3703 Clausen
2518 3662 2655 3700 onmia

1425 3747 1522 3774 sana
1533 3731 1671 3781 habet,
1682 3730 1760 3770 nisi
1775 3728 1889 3784 quod
1898 3736 1991 3784 post
2000 3727 2072 3768 εἰσί
2086 3725 2284 3767 excidisse
2298 3723 2481 3777 Ἰλλυριοί
2492 3730 2626 3762 censet
2642 3737 2651 3769 ;

1426 3795 1529 3837 adeo
1549 3802 1595 3835 ut
1612 3807 1753 3834 sensus
1780 3793 1832 3833 sit
1854 3805 1864 3832 ε
1900 3811 1916 3827 «
1951 3791 2080 3832 Oricii
2103 3789 2290 3830 habitant
2315 3788 2358 3827 in
2377 3784 2566 3827 Amantia
2594 3796 2655 3822 re-

1426 3858 1546 3911 gione
1564 3854 1640 3911 (!);
1662 3855 1948 3896 Amantienses
1964 3867 2062 3893 vero
2082 3851 2209 3906 Illyrii
2232 3857 2342 3889 sunt.
2365 3866 2380 3881 n
2405 3845 2506 3885 Mihi
2531 3843 2654 3882 verba

1425 3919 1462 3959 oi
1488 3917 1529 3958 δὲ
1559 3916 1762 3972 Ὠρικοὶ...
1795 3917 1925 3970 χώρας
1958 3929 2007 3955 ex
2031 3921 2186 3954 antece.
2215 3910 2319 3950 male
2348 3908 2429 3947 huc
2463 3905 2654 3945 translata

1426 3995 1511 4023 csse
1528 3979 1735 4030 videntur,
1762 3986 1941 4033 utsupra
1957 3980 1979 4030 5
1996 3981 2048 4019 26
2067 3974 2222 4015 monui.
2245 3970 2356 4011 Nihil
2372 3969 2452 4009 hoc
2470 3967 2558 4008 loco
2575 3966 2654 4007 suit

2467 4045 2486 4075 3
